<?xml version="1.0" encoding="UTF-8"?>
<!DOCTYPE html PUBLIC "-//W3C//DTD XHTML 1.0 Transitional//EN"
    "http://www.w3.org/TR/xhtml1/DTD/xhtml1-transitional.dtd">
<html xmlns="http://www.w3.org/1999/xhtml" xml:lang="en" lang="en">
 <head>
  <title>
</title>
<meta http-equiv="Content-Type" content="text/html;charset=utf-8" />
  <meta name='ocr-system' content='tesseract 3.04.00' />
  <meta name='ocr-capabilities' content='ocr_page ocr_carea ocr_par ocr_line ocrx_word'/>
</head>
<body>
  <div class='ocr_page' id='page_1' title='image "./operagenuinajuxt03bernuoft/operagenuinajuxt03bernuoft_0182.png"; bbox 0 0 1810 3073; ppageno 0'>
   <div class='ocr_carea' id='block_1_1' title="bbox 314 213 373 244">
    <p class='ocr_par' dir='ltr' id='par_1_1' title="bbox 314 213 373 244">
     <span class='ocr_line' id='line_1_1' title="bbox 314 213 373 244; baseline 0.034 -2"><span class='ocrx_word' id='word_1_1' title='bbox 314 213 373 244; x_wconf 73' lang='lat'>{72</span> 
     </span>
    </p>
   </div>
   <div class='ocr_carea' id='block_1_2' title="bbox 307 268 1014 814">
    <p class='ocr_par' dir='ltr' id='par_1_2' title="bbox 307 268 1014 814">
     <span class='ocr_line' id='line_1_2' title="bbox 311 268 1014 309; baseline 0.001 -11"><span class='ocrx_word' id='word_1_2' title='bbox 311 276 428 307; x_wconf 88' lang='lat' dir='ltr'>sponsa</span> <span class='ocrx_word' id='word_1_3' title='bbox 446 268 626 309; x_wconf 75' lang='lat' dir='ltr'>concipiat,</span> <span class='ocrx_word' id='word_1_4' title='bbox 641 270 899 302; x_wconf 80' lang='lat' dir='ltr'>tumescentibus</span> <span class='ocrx_word' id='word_1_5' title='bbox 914 271 1014 301; x_wconf 88' lang='lat' dir='ltr'>nimi-</span> 
     </span>
     <span class='ocr_line' id='line_1_3' title="bbox 311 315 1014 355; baseline 0.004 -12"><span class='ocrx_word' id='word_1_6' title='bbox 311 321 385 343; x_wconf 87' lang='lat' dir='ltr'>rum</span> <span class='ocrx_word' id='word_1_7' title='bbox 400 315 574 354; x_wconf 87' lang='lat' dir='ltr'>uberibus,</span> <span class='ocrx_word' id='word_1_8' title='bbox 594 318 627 347; x_wconf 87' lang='lat' dir='ltr'>et</span> <span class='ocrx_word' id='word_1_9' title='bbox 641 317 726 347; x_wconf 88' lang='lat' dir='ltr'>lacte</span> <span class='ocrx_word' id='word_1_10' title='bbox 751 316 843 355; x_wconf 82' lang='lat' dir='ltr'>quasi</span> <span class='ocrx_word' id='word_1_11' title='bbox 859 318 1014 355; x_wconf 77' lang='lat' dir='ltr'>pingues-</span> 
     </span>
     <span class='ocr_line' id='line_1_4' title="bbox 311 361 1014 400; baseline 0.001 -10"><span class='ocrx_word' id='word_1_12' title='bbox 311 362 462 391; x_wconf 86' lang='lat' dir='ltr'>centibus</span> <span class='ocrx_word' id='word_1_13' title='bbox 476 361 510 392; x_wconf 88' lang='lat' dir='ltr'>in</span> <span class='ocrx_word' id='word_1_14' title='bbox 532 363 770 393; x_wconf 88' lang='lat' dir='ltr'>testimonium.</span> <span class='ocrx_word' id='word_1_15' title='bbox 798 363 922 400; x_wconf 85' lang='lat' dir='ltr'>Quibus</span> <span class='ocrx_word' id='word_1_16' title='bbox 947 363 1014 391; x_wconf 90' lang='lat' dir='ltr'>stu-</span> 
     </span>
     <span class='ocr_line' id='line_1_5' title="bbox 310 405 1013 447; baseline 0.003 -12"><span class='ocrx_word' id='word_1_17' title='bbox 310 405 401 436; x_wconf 88' lang='lat' dir='ltr'>dium</span> <span class='ocrx_word' id='word_1_18' title='bbox 413 408 462 438; x_wconf 86' lang='lat' dir='ltr'>est</span> <span class='ocrx_word' id='word_1_19' title='bbox 477 417 567 438; x_wconf 92' lang='lat' dir='ltr'>orare</span> <span class='ocrx_word' id='word_1_20' title='bbox 584 409 784 447; x_wconf 84' lang='lat' dir='ltr'>frequenter,</span> <span class='ocrx_word' id='word_1_21' title='bbox 798 408 926 446; x_wconf 81' lang='lat' dir='ltr'>experti</span> <span class='ocrx_word' id='word_1_22' title='bbox 937 408 1013 437; x_wconf 89' lang='lat' dir='ltr'>sunt</span> 
     </span>
     <span class='ocr_line' id='line_1_6' title="bbox 309 453 1012 492; baseline 0 -10"><span class='ocrx_word' id='word_1_23' title='bbox 309 453 396 490; x_wconf 88' lang='lat' dir='ltr'>quod</span> <span class='ocrx_word' id='word_1_24' title='bbox 411 454 494 483; x_wconf 82' lang='lat' dir='ltr'>dico.</span> <span class='ocrx_word' id='word_1_25' title='bbox 514 455 605 492; x_wconf 81' lang='lat' dir='ltr'>Saepe</span> <span class='ocrx_word' id='word_1_26' title='bbox 629 455 725 484; x_wconf 89' lang='lat' dir='ltr'>corde</span> <span class='ocrx_word' id='word_1_27' title='bbox 747 455 857 492; x_wconf 88' lang='lat' dir='ltr'>tepido</span> <span class='ocrx_word' id='word_1_28' title='bbox 875 454 907 483; x_wconf 91' lang='lat' dir='ltr'>et</span> <span class='ocrx_word' id='word_1_29' title='bbox 922 453 1012 482; x_wconf 90' lang='lat' dir='ltr'>arido</span> 
     </span>
     <span class='ocr_line' id='line_1_7' title="bbox 308 499 1013 537; baseline 0 -9"><span class='ocrx_word' id='word_1_30' title='bbox 308 499 494 529; x_wconf 83' lang='lat' dir='ltr'>accedimus</span> <span class='ocrx_word' id='word_1_31' title='bbox 510 500 550 529; x_wconf 89' lang='lat' dir='ltr'>ad</span> <span class='ocrx_word' id='word_1_32' title='bbox 566 501 665 530; x_wconf 85' lang='lat' dir='ltr'>altare</span> <span class='ocrx_word' id='word_1_33' title='bbox 676 522 684 537; x_wconf 92' lang='lat'>‚</span> <span class='ocrx_word' id='word_1_34' title='bbox 700 500 837 529; x_wconf 88' lang='lat' dir='ltr'>orationi</span> <span class='ocrx_word' id='word_1_35' title='bbox 852 499 1013 528; x_wconf 88' lang='lat' dir='ltr'>incumbi-</span> 
     </span>
     <span class='ocr_line' id='line_1_8' title="bbox 308 545 1014 583; baseline 0.003 -11"><span class='ocrx_word' id='word_1_36' title='bbox 308 551 391 574; x_wconf 87' lang='lat' dir='ltr'>mus.</span> <span class='ocrx_word' id='word_1_37' title='bbox 414 545 666 575; x_wconf 86' lang='lat' dir='ltr'>Persistentibus</span> <span class='ocrx_word' id='word_1_38' title='bbox 681 546 791 575; x_wconf 86' lang='lat' dir='ltr'>autem</span> <span class='ocrx_word' id='word_1_39' title='bbox 813 546 949 583; x_wconf 90' lang='lat' dir='ltr'>repente</span> <span class='ocrx_word' id='word_1_40' title='bbox 964 545 1014 574; x_wconf 89' lang='lat' dir='ltr'>in-</span> 
     </span>
     <span class='ocr_line' id='line_1_9' title="bbox 307 588 1013 629; baseline 0.003 -10"><span class='ocrx_word' id='word_1_41' title='bbox 307 588 457 619; x_wconf 82' lang='lat' dir='ltr'>funditur</span> <span class='ocrx_word' id='word_1_42' title='bbox 469 591 570 628; x_wconf 82' lang='lat' dir='ltr'>gratia</span> <span class='ocrx_word' id='word_1_43' title='bbox 581 612 590 628; x_wconf 84' lang='lat'>,</span> <span class='ocrx_word' id='word_1_44' title='bbox 605 591 792 629; x_wconf 81' lang='lat' dir='ltr'>pinguescit</span> <span class='ocrx_word' id='word_1_45' title='bbox 812 591 926 629; x_wconf 88' lang='lat' dir='ltr'>pectus</span> <span class='ocrx_word' id='word_1_46' title='bbox 936 613 944 628; x_wconf 87' lang='lat'>,</span> <span class='ocrx_word' id='word_1_47' title='bbox 962 599 1013 621; x_wconf 90' lang='lat' dir='ltr'>re-</span> 
     </span>
     <span class='ocr_line' id='line_1_10' title="bbox 308 635 1013 674; baseline 0.003 -10"><span class='ocrx_word' id='word_1_48' title='bbox 308 635 378 672; x_wconf 88' lang='lat' dir='ltr'>plet</span> <span class='ocrx_word' id='word_1_49' title='bbox 390 635 518 665; x_wconf 83' lang='lat' dir='ltr'>viscera</span> <span class='ocrx_word' id='word_1_50' title='bbox 531 636 702 666; x_wconf 87' lang='lat' dir='ltr'>inundatio</span> <span class='ocrx_word' id='word_1_51' title='bbox 718 636 869 674; x_wconf 89' lang='lat' dir='ltr'>pietatis:</span> <span class='ocrx_word' id='word_1_52' title='bbox 886 637 956 666; x_wconf 86' lang='lat' dir='ltr'>etsi</span> <span class='ocrx_word' id='word_1_53' title='bbox 970 637 1013 666; x_wconf 91' lang='lat' dir='ltr'>sit</span> 
     </span>
     <span class='ocr_line' id='line_1_11' title="bbox 308 680 1012 721; baseline 0.004 -12"><span class='ocrx_word' id='word_1_54' title='bbox 308 680 364 718; x_wconf 88' lang='lat' dir='ltr'>qui</span> <span class='ocrx_word' id='word_1_55' title='bbox 389 682 534 719; x_wconf 87' lang='lat' dir='ltr'>premat,</span> <span class='ocrx_word' id='word_1_56' title='bbox 562 682 612 711; x_wconf 88' lang='lat' dir='ltr'>lac</span> <span class='ocrx_word' id='word_1_57' title='bbox 635 684 801 721; x_wconf 81' lang='lat' dir='ltr'>conceptae</span> <span class='ocrx_word' id='word_1_58' title='bbox 828 682 1012 712; x_wconf 85' lang='lat' dir='ltr'>dulcedinis</span> 
     </span>
     <span class='ocr_line' id='line_1_12' title="bbox 307 728 1012 760; baseline 0.006 -4"><span class='ocrx_word' id='word_1_59' title='bbox 307 728 451 758; x_wconf 89' lang='lat' dir='ltr'>ubertim</span> <span class='ocrx_word' id='word_1_60' title='bbox 474 729 611 760; x_wconf 83' lang='lat' dir='ltr'>fundere</span> <span class='ocrx_word' id='word_1_61' title='bbox 633 739 698 760; x_wconf 91' lang='lat' dir='ltr'>non</span> <span class='ocrx_word' id='word_1_62' title='bbox 712 731 901 760; x_wconf 86' lang='lat' dir='ltr'>tardabunt.</span> <span class='ocrx_word' id='word_1_63' title='bbox 919 731 1012 760; x_wconf 88' lang='lat' dir='ltr'>Dicat</span> 
     </span>
     <span class='ocr_line' id='line_1_13' title="bbox 307 774 1012 814; baseline 0.006 -13"><span class='ocrx_word' id='word_1_64' title='bbox 307 780 382 810; x_wconf 79' lang='lat' dir='ltr'>ergo</span> <span class='ocrx_word' id='word_1_65' title='bbox 399 782 407 802; x_wconf 76' lang='lat' dir='ltr'>t</span> <span class='ocrx_word' id='word_1_66' title='bbox 426 774 534 804; x_wconf 85' lang='lat' dir='ltr'>Habes</span> <span class='ocrx_word' id='word_1_67' title='bbox 558 783 674 813; x_wconf 86' lang='lat' dir='ltr'>sponsa</span> <span class='ocrx_word' id='word_1_68' title='bbox 701 775 788 813; x_wconf 91' lang='lat' dir='ltr'>quod</span> <span class='ocrx_word' id='word_1_69' title='bbox 811 776 955 814; x_wconf 87' lang='lat' dir='ltr'>petiisti,</span> <span class='ocrx_word' id='word_1_70' title='bbox 979 776 1012 805; x_wconf 93' lang='lat' dir='ltr'>et</span> 
     </span>
    </p>
   </div>
   <div class='ocr_carea' id='block_1_3' title="bbox 306 815 1029 858">
    <p class='ocr_par' dir='ltr' id='par_1_3' title="bbox 306 815 1029 858">
     <span class='ocr_line' id='line_1_14' title="bbox 306 815 1029 858; baseline 0.003 -11"><span class='ocrx_word' id='word_1_71' title='bbox 306 817 368 848; x_wconf 86' lang='lat' dir='ltr'>hoc</span> <span class='ocrx_word' id='word_1_72' title='bbox 380 818 441 848; x_wconf 86' lang='lat' dir='ltr'>tibi</span> <span class='ocrx_word' id='word_1_73' title='bbox 457 820 582 858; x_wconf 79' lang='lat' dir='ltr'>signum</span> <span class='ocrx_word' id='word_1_74' title='bbox 592 843 602 857; x_wconf 87' lang='grc'>,</span> <span class='ocrx_word' id='word_1_75' title='bbox 617 822 690 858; x_wconf 89' lang='lat' dir='ltr'>quia</span> <span class='ocrx_word' id='word_1_76' title='bbox 698 822 833 851; x_wconf 82' lang='lat' dir='ltr'>meliora</span> <span class='ocrx_word' id='word_1_77' title='bbox 842 821 924 852; x_wconf 77' lang='lat' dir='ltr'>facta</span> <span class='ocrx_word' id='word_1_78' title='bbox 937 823 1012 852; x_wconf 89' lang='lat' dir='ltr'>sunt</span> <span class='ocrx_word' id='word_1_79' title='bbox 1026 815 1029 849; x_wconf 72' lang='grc' dir='ltr'>ἰ</span> 
     </span>
    </p>
   </div>
   <div class='ocr_carea' id='block_1_4' title="bbox 304 864 1011 1319">
    <p class='ocr_par' dir='ltr' id='par_1_4' title="bbox 304 864 1011 1259">
     <span class='ocr_line' id='line_1_15' title="bbox 305 864 1011 897; baseline 0.004 -4"><span class='ocrx_word' id='word_1_80' title='bbox 305 864 406 894; x_wconf 85' lang='lat' dir='ltr'>ubera</span> <span class='ocrx_word' id='word_1_81' title='bbox 422 866 477 895; x_wconf 88' lang='lat' dir='ltr'>tua</span> <span class='ocrx_word' id='word_1_82' title='bbox 492 867 580 896; x_wconf 79' lang='lat' dir='ltr'>vino.</span> <span class='ocrx_word' id='word_1_83' title='bbox 598 867 680 896; x_wconf 90' lang='lat' dir='ltr'>Hinc</span> <span class='ocrx_word' id='word_1_84' title='bbox 695 869 727 897; x_wconf 89' lang='lat' dir='ltr'>te</span> <span class='ocrx_word' id='word_1_85' title='bbox 744 867 1011 897; x_wconf 83' lang='lat' dir='ltr'>scilicetnoveris</span> 
     </span>
     <span class='ocr_line' id='line_1_16' title="bbox 307 911 1010 950; baseline 0.006 -12"><span class='ocrx_word' id='word_1_86' title='bbox 307 911 453 940; x_wconf 88' lang='lat' dir='ltr'>osculum</span> <span class='ocrx_word' id='word_1_87' title='bbox 471 912 634 949; x_wconf 87' lang='lat' dir='ltr'>accepisse</span> <span class='ocrx_word' id='word_1_88' title='bbox 648 933 657 948; x_wconf 91' lang='lat'>,</span> <span class='ocrx_word' id='word_1_89' title='bbox 673 912 759 949; x_wconf 91' lang='lat' dir='ltr'>quod</span> <span class='ocrx_word' id='word_1_90' title='bbox 774 913 806 941; x_wconf 89' lang='lat' dir='ltr'>te</span> <span class='ocrx_word' id='word_1_91' title='bbox 824 913 1010 950; x_wconf 68' lang='lat' dir='ltr'>concepisse</span> 
     </span>
     <span class='ocr_line' id='line_1_17' title="bbox 305 956 1010 995; baseline 0.006 -11"><span class='ocrx_word' id='word_1_92' title='bbox 305 956 420 985; x_wconf 84' lang='lat' dir='ltr'>sentis.</span> <span class='ocrx_word' id='word_1_93' title='bbox 436 956 526 986; x_wconf 79' lang='lat' dir='ltr'>Unde</span> <span class='ocrx_word' id='word_1_94' title='bbox 542 958 574 986; x_wconf 87' lang='lat' dir='ltr'>et</span> <span class='ocrx_word' id='word_1_95' title='bbox 583 957 682 986; x_wconf 88' lang='lat' dir='ltr'>ubera</span> <span class='ocrx_word' id='word_1_96' title='bbox 693 958 754 986; x_wconf 88' lang='lat' dir='ltr'>tibi</span> <span class='ocrx_word' id='word_1_97' title='bbox 771 958 1010 995; x_wconf 81' lang='lat' dir='ltr'>intumuerunt,</span> 
     </span>
     <span class='ocr_line' id='line_1_18' title="bbox 305 999 1007 1033; baseline 0.006 -5"><span class='ocrx_word' id='word_1_98' title='bbox 305 999 391 1029; x_wconf 80' lang='lat' dir='ltr'>facta</span> <span class='ocrx_word' id='word_1_99' title='bbox 418 1001 452 1030; x_wconf 90' lang='lat' dir='ltr'>in</span> <span class='ocrx_word' id='word_1_100' title='bbox 478 1002 625 1032; x_wconf 83' lang='lat' dir='ltr'>ubertate</span> <span class='ocrx_word' id='word_1_101' title='bbox 650 1003 745 1032; x_wconf 88' lang='lat' dir='ltr'>lactis</span> <span class='ocrx_word' id='word_1_102' title='bbox 769 1003 906 1032; x_wconf 84' lang='lat' dir='ltr'>meliora</span> <span class='ocrx_word' id='word_1_103' title='bbox 932 1004 1007 1033; x_wconf 81' lang='lat' dir='ltr'>vino</span> 
     </span>
     <span class='ocr_line' id='line_1_19' title="bbox 304 1045 1011 1087; baseline 0.006 -13"><span class='ocrx_word' id='word_1_104' title='bbox 304 1045 451 1076; x_wconf 80' lang='lat' dir='ltr'>scientiae</span> <span class='ocrx_word' id='word_1_105' title='bbox 475 1048 657 1086; x_wconf 79' lang='lat' dir='ltr'>saecularis,</span> <span class='ocrx_word' id='word_1_106' title='bbox 682 1057 754 1087; x_wconf 84' lang='lat' dir='ltr'>quae</span> <span class='ocrx_word' id='word_1_107' title='bbox 781 1048 913 1087; x_wconf 89' lang='lat' dir='ltr'>quidem</span> <span class='ocrx_word' id='word_1_108' title='bbox 939 1048 1011 1078; x_wconf 88' lang='lat' dir='ltr'>ine-</span> 
     </span>
     <span class='ocr_line' id='line_1_20' title="bbox 306 1089 1008 1133; baseline 0.009 -14"><span class='ocrx_word' id='word_1_109' title='bbox 306 1089 409 1129; x_wconf 79' lang='lat' dir='ltr'>briat,</span> <span class='ocrx_word' id='word_1_110' title='bbox 436 1093 492 1123; x_wconf 89' lang='lat' dir='ltr'>sed</span> <span class='ocrx_word' id='word_1_111' title='bbox 522 1094 728 1133; x_wconf 80' lang='lat' dir='ltr'>curiositate,</span> <span class='ocrx_word' id='word_1_112' title='bbox 760 1103 826 1125; x_wconf 88' lang='lat' dir='ltr'>non</span> <span class='ocrx_word' id='word_1_113' title='bbox 854 1095 1008 1133; x_wconf 81' lang='lat' dir='ltr'>caritate;</span> 
     </span>
     <span class='ocr_line' id='line_1_21' title="bbox 306 1136 1010 1180; baseline 0.009 -15"><span class='ocrx_word' id='word_1_114' title='bbox 306 1136 464 1176; x_wconf 87' lang='lat' dir='ltr'>implens,</span> <span class='ocrx_word' id='word_1_115' title='bbox 494 1147 559 1169; x_wconf 92' lang='lat' dir='ltr'>non</span> <span class='ocrx_word' id='word_1_116' title='bbox 586 1141 754 1179; x_wconf 82' lang='lat' dir='ltr'>nutriens3</span> <span class='ocrx_word' id='word_1_117' title='bbox 783 1141 918 1180; x_wconf 84' lang='lat' dir='ltr'>inflans,</span> <span class='ocrx_word' id='word_1_118' title='bbox 946 1150 1010 1171; x_wconf 90' lang='lat' dir='ltr'>non</span> 
     </span>
     <span class='ocr_line' id='line_1_22' title="bbox 306 1183 1011 1226; baseline 0.009 -14"><span class='ocrx_word' id='word_1_119' title='bbox 306 1183 467 1215; x_wconf 68' lang='lat' dir='ltr'>aedificans</span> <span class='ocrx_word' id='word_1_120' title='bbox 484 1194 493 1224; x_wconf 83' lang='lat'><em>3</em></span> <span class='ocrx_word' id='word_1_121' title='bbox 522 1186 722 1226; x_wconf 77' lang='lat' dir='ltr'>ingurgitans</span> <span class='ocrx_word' id='word_1_122' title='bbox 737 1209 746 1225; x_wconf 84' lang='lat'>‚</span> <span class='ocrx_word' id='word_1_123' title='bbox 781 1196 847 1218; x_wconf 89' lang='lat' dir='ltr'>non</span> <span class='ocrx_word' id='word_1_124' title='bbox 883 1188 1011 1218; x_wconf 78' lang='lat' dir='ltr'>confor-</span> 
     </span>
     <span class='ocr_line' id='line_1_23' title="bbox 305 1229 389 1259; baseline 0.012 -1"><span class='ocrx_word' id='word_1_125' title='bbox 305 1229 389 1259; x_wconf 87' lang='lat' dir='ltr'>tans.</span> 
     </span>
    </p>

    <p class='ocr_par' dir='ltr' id='par_1_5' title="bbox 345 1275 1010 1319">
     <span class='ocr_line' id='line_1_24' title="bbox 345 1275 1010 1319; baseline 0.008 -14"><span class='ocrx_word' id='word_1_126' title='bbox 345 1275 376 1306; x_wconf 86' lang='grc'>8.</span> <span class='ocrx_word' id='word_1_127' title='bbox 393 1276 457 1306; x_wconf 87' lang='lat' dir='ltr'>Sed</span> <span class='ocrx_word' id='word_1_128' title='bbox 473 1277 586 1308; x_wconf 84' lang='lat' dir='ltr'>demus</span> <span class='ocrx_word' id='word_1_129' title='bbox 599 1278 632 1308; x_wconf 90' lang='lat' dir='ltr'>et</span> <span class='ocrx_word' id='word_1_130' title='bbox 643 1278 808 1310; x_wconf 86' lang='lat' dir='ltr'>sodalibus</span> <span class='ocrx_word' id='word_1_131' title='bbox 820 1279 881 1310; x_wconf 85' lang='lat' dir='ltr'>ista</span> <span class='ocrx_word' id='word_1_132' title='bbox 893 1280 1010 1319; x_wconf 89' lang='lat' dir='ltr'>depro-</span> 
     </span>
    </p>
   </div>
   <div class='ocr_carea' id='block_1_5' title="bbox 791 216 1316 247">
    <p class='ocr_par' dir='ltr' id='par_1_6' title="bbox 791 216 1316 247">
     <span class='ocr_line' id='line_1_25' title="bbox 791 216 1316 247; baseline 0.004 -2"><span class='ocrx_word' id='word_1_133' title='bbox 791 218 822 246; x_wconf 86' lang='lat' dir='ltr'>S.</span> <span class='ocrx_word' id='word_1_134' title='bbox 851 216 1088 245; x_wconf 74' lang='lat' dir='ltr'>BERNARDI</span> <span class='ocrx_word' id='word_1_135' title='bbox 1118 217 1316 247; x_wconf 85' lang='lat' dir='ltr'>ABBATIS</span> 
     </span>
    </p>
   </div>
   <div class='ocr_carea' id='block_1_6' title="bbox 1026 270 1752 1085">
    <p class='ocr_par' dir='ltr' id='par_1_7' title="bbox 1026 270 1752 847">
     <span class='ocr_line' id='line_1_26' title="bbox 1047 270 1749 314; baseline 0.007 -15"><span class='ocrx_word' id='word_1_136' title='bbox 1047 270 1215 302; x_wconf 87' lang='lat' dir='ltr'>declinare</span> <span class='ocrx_word' id='word_1_137' title='bbox 1226 272 1338 303; x_wconf 86' lang='lat' dir='ltr'>turbas</span> <span class='ocrx_word' id='word_1_138' title='bbox 1348 295 1358 312; x_wconf 78' lang='lat'>‚</span> <span class='ocrx_word' id='word_1_139' title='bbox 1373 275 1407 304; x_wconf 90' lang='lat' dir='ltr'>et</span> <span class='ocrx_word' id='word_1_140' title='bbox 1415 282 1500 306; x_wconf 83' lang='lat' dir='ltr'>curae</span> <span class='ocrx_word' id='word_1_141' title='bbox 1515 275 1659 314; x_wconf 84' lang='lat' dir='ltr'>ipsarum</span> <span class='ocrx_word' id='word_1_142' title='bbox 1673 282 1749 314; x_wconf 75' lang='lat' dir='ltr'>pro-</span> 
     </span>
     <span class='ocr_line' id='line_1_27' title="bbox 1047 316 1749 360; baseline 0.009 -16"><span class='ocrx_word' id='word_1_143' title='bbox 1047 316 1150 353; x_wconf 83' lang='lat' dir='ltr'>priam</span> <span class='ocrx_word' id='word_1_144' title='bbox 1160 317 1311 354; x_wconf 73' lang='lat' dir='ltr'>praet&#39;eiTe</span> <span class='ocrx_word' id='word_1_145' title='bbox 1321 320 1465 357; x_wconf 91' lang='lat' dir='ltr'>quietem</span> <span class='ocrx_word' id='word_1_146' title='bbox 1474 330 1481 350; x_wconf 93' lang='lat'>:</span> <span class='ocrx_word' id='word_1_147' title='bbox 1490 322 1557 351; x_wconf 75' lang='lat' dir='ltr'>Noli</span> <span class='ocrx_word' id='word_1_148' title='bbox 1567 343 1576 360; x_wconf 86' lang='lat'>,</span> <span class='ocrx_word' id='word_1_149' title='bbox 1584 321 1749 358; x_wconf 81' lang='lat' dir='ltr'>inquiunt,</span> 
     </span>
     <span class='ocr_line' id='line_1_28' title="bbox 1046 361 1752 404; baseline 0.008 -16"><span class='ocrx_word' id='word_1_150' title='bbox 1046 361 1112 389; x_wconf 91' lang='lat' dir='ltr'>noli</span> <span class='ocrx_word' id='word_1_151' title='bbox 1124 369 1132 397; x_wconf 77' lang='grc' dir='ltr'><strong>ς</strong></span> <span class='ocrx_word' id='word_1_152' title='bbox 1146 361 1221 399; x_wconf 84' lang='lat' dir='ltr'>quia</span> <span class='ocrx_word' id='word_1_153' title='bbox 1236 363 1338 400; x_wconf 85' lang='lat' dir='ltr'>major</span> <span class='ocrx_word' id='word_1_154' title='bbox 1358 365 1392 394; x_wconf 91' lang='lat' dir='ltr'>in</span> <span class='ocrx_word' id='word_1_155' title='bbox 1407 366 1581 404; x_wconf 78' lang='lat' dir='ltr'>uberibus,</span> <span class='ocrx_word' id='word_1_156' title='bbox 1598 374 1696 404; x_wconf 86' lang='lat' dir='ltr'>quam</span> <span class='ocrx_word' id='word_1_157' title='bbox 1712 365 1752 394; x_wconf 78' lang='lat' dir='ltr'>iu·</span> 
     </span>
     <span class='ocr_line' id='line_1_29' title="bbox 1045 407 1747 444; baseline 0.007 -10"><span class='ocrx_word' id='word_1_158' title='bbox 1045 407 1251 444; x_wconf 85' lang='lat' dir='ltr'>amplexibus</span> <span class='ocrx_word' id='word_1_159' title='bbox 1269 408 1393 440; x_wconf 79' lang='lat' dir='ltr'>fructus</span> <span class='ocrx_word' id='word_1_160' title='bbox 1411 412 1550 442; x_wconf 78' lang='lat' dir='ltr'>exsistit.</span> <span class='ocrx_word' id='word_1_161' title='bbox 1568 413 1628 442; x_wconf 88' lang='lat' dir='ltr'>Per</span> <span class='ocrx_word' id='word_1_162' title='bbox 1644 419 1683 440; x_wconf 91' lang='lat' dir='ltr'>ea</span> <span class='ocrx_word' id='word_1_163' title='bbox 1704 410 1747 439; x_wconf 86' lang='lat' dir='ltr'>si·</span> 
     </span>
     <span class='ocr_line' id='line_1_30' title="bbox 1045 451 1746 488; baseline 0.007 -9"><span class='ocrx_word' id='word_1_164' title='bbox 1045 451 1177 488; x_wconf 88' lang='lat' dir='ltr'>quidem</span> <span class='ocrx_word' id='word_1_165' title='bbox 1192 461 1250 483; x_wconf 89' lang='lat' dir='ltr'>nos</span> <span class='ocrx_word' id='word_1_166' title='bbox 1265 454 1410 486; x_wconf 73' lang='lat' dir='ltr'>vindicas</span> <span class='ocrx_word' id='word_1_167' title='bbox 1429 464 1446 485; x_wconf 88' lang='lat' dir='ltr'>a</span> <span class='ocrx_word' id='word_1_168' title='bbox 1459 458 1642 487; x_wconf 88' lang='lat' dir='ltr'>carnalibus</span> <span class='ocrx_word' id='word_1_169' title='bbox 1658 455 1746 485; x_wconf 88' lang='lat' dir='ltr'>desi-</span> 
     </span>
     <span class='ocr_line' id='line_1_31' title="bbox 1028 496 1746 539; baseline 0.007 -14"><span class='ocrx_word' id='word_1_170' title='bbox 1028 520 1031 536; x_wconf 72' lang='lat'>,</span> <span class='ocrx_word' id='word_1_171' title='bbox 1046 496 1145 527; x_wconf 87' lang='lat' dir='ltr'>deriis</span> <span class='ocrx_word' id='word_1_172' title='bbox 1155 520 1164 535; x_wconf 90' lang='lat'>,</span> <span class='ocrx_word' id='word_1_173' title='bbox 1179 507 1251 536; x_wconf 77' lang='lat' dir='ltr'>quae</span> <span class='ocrx_word' id='word_1_174' title='bbox 1263 501 1406 531; x_wconf 85' lang='lat' dir='ltr'>militant</span> <span class='ocrx_word' id='word_1_175' title='bbox 1414 502 1567 532; x_wconf 82' lang='lat' dir='ltr'>adversus</span> <span class='ocrx_word' id='word_1_176' title='bbox 1581 502 1746 539; x_wconf 77' lang='lat' dir='ltr'>animam3</span> 
     </span>
     <span class='ocr_line' id='line_1_32' title="bbox 1045 542 1750 585; baseline 0.007 -14"><span class='ocrx_word' id='word_1_177' title='bbox 1045 542 1284 582; x_wconf 86' lang='lat' dir='ltr'>eripismundo,</span> <span class='ocrx_word' id='word_1_178' title='bbox 1298 546 1330 575; x_wconf 91' lang='lat' dir='ltr'>et</span> <span class='ocrx_word' id='word_1_179' title='bbox 1345 547 1485 584; x_wconf 89' lang='lat' dir='ltr'>acquiris</span> <span class='ocrx_word' id='word_1_180' title='bbox 1496 549 1575 578; x_wconf 89' lang='lat' dir='ltr'>Deo.</span> <span class='ocrx_word' id='word_1_181' title='bbox 1589 549 1655 577; x_wconf 85' lang='lat' dir='ltr'>Hoc</span> <span class='ocrx_word' id='word_1_182' title='bbox 1671 553 1750 585; x_wconf 80' lang='lat' dir='ltr'>ergo</span> 
     </span>
     <span class='ocr_line' id='line_1_33' title="bbox 1045 590 1747 632; baseline 0.01 -15"><span class='ocrx_word' id='word_1_183' title='bbox 1045 590 1092 618; x_wconf 86' lang='lat' dir='ltr'>est</span> <span class='ocrx_word' id='word_1_184' title='bbox 1107 590 1193 628; x_wconf 88' lang='lat' dir='ltr'>quod</span> <span class='ocrx_word' id='word_1_185' title='bbox 1203 591 1295 621; x_wconf 90' lang='lat' dir='ltr'>aiunt</span> <span class='ocrx_word' id='word_1_186' title='bbox 1311 601 1318 621; x_wconf 91' lang='lat'>:</span> <span class='ocrx_word' id='word_1_187' title='bbox 1336 594 1416 632; x_wconf 77' lang='lat' dir='ltr'>Quia</span> <span class='ocrx_word' id='word_1_188' title='bbox 1429 595 1556 624; x_wconf 83' lang='lat' dir='ltr'>meliora</span> <span class='ocrx_word' id='word_1_189' title='bbox 1565 596 1635 625; x_wconf 79' lang='lat' dir='ltr'>sunl</span> <span class='ocrx_word' id='word_1_190' title='bbox 1649 593 1747 624; x_wconf 83' lang='lat' dir='ltr'>ubera</span> 
     </span>
     <span class='ocr_line' id='line_1_34' title="bbox 1045 636 1746 677; baseline 0.009 -14"><span class='ocrx_word' id='word_1_191' title='bbox 1045 636 1099 664; x_wconf 66' lang='lat' dir='ltr'>lua</span> <span class='ocrx_word' id='word_1_192' title='bbox 1121 637 1205 666; x_wconf 73' lang='lat' dir='ltr'>vino.</span> <span class='ocrx_word' id='word_1_193' title='bbox 1239 638 1374 676; x_wconf 83' lang='lat' dir='ltr'>carnis,</span> <span class='ocrx_word' id='word_1_194' title='bbox 1399 639 1573 677; x_wconf 88' lang='lat' dir='ltr'>inquiunt,</span> <span class='ocrx_word' id='word_1_195' title='bbox 1594 639 1746 677; x_wconf 87' lang='lat' dir='ltr'>volupta-</span> 
     </span>
     <span class='ocr_line' id='line_1_35' title="bbox 1045 682 1746 723; baseline 0.007 -14"><span class='ocrx_word' id='word_1_196' title='bbox 1045 682 1128 718; x_wconf 77' lang='lat' dir='ltr'>tem,</span> <span class='ocrx_word' id='word_1_197' title='bbox 1150 691 1213 720; x_wconf 88' lang='lat' dir='ltr'>qua</span> <span class='ocrx_word' id='word_1_198' title='bbox 1238 684 1336 720; x_wconf 87' lang='lat' dir='ltr'>paulo</span> <span class='ocrx_word' id='word_1_199' title='bbox 1357 686 1452 722; x_wconf 88' lang='lat' dir='ltr'>ante,</span> <span class='ocrx_word' id='word_1_200' title='bbox 1476 685 1639 723; x_wconf 82' lang='lat' dir='ltr'>tamquam</span> <span class='ocrx_word' id='word_1_201' title='bbox 1654 685 1746 722; x_wconf 84' lang='lat' dir='ltr'>vino,</span> 
     </span>
     <span class='ocr_line' id='line_1_36' title="bbox 1026 726 1747 768; baseline 0.007 -13"><span class='ocrx_word' id='word_1_202' title='bbox 1026 726 1144 757; x_wconf 61' lang='lat' dir='ltr'>lebriae</span> <span class='ocrx_word' id='word_1_203' title='bbox 1173 729 1369 759; x_wconf 75' lang='lat' dir='ltr'>tenebamur</span> <span class='ocrx_word' id='word_1_204' title='bbox 1382 752 1391 768; x_wconf 92' lang='lat'>,</span> <span class='ocrx_word' id='word_1_205' title='bbox 1420 731 1557 760; x_wconf 71' lang='lat' dir='ltr'>vincunt</span> <span class='ocrx_word' id='word_1_206' title='bbox 1582 731 1650 767; x_wconf 85' lang='lat' dir='ltr'>hae,</span> <span class='ocrx_word' id='word_1_207' title='bbox 1665 738 1747 768; x_wconf 83' lang='lat' dir='ltr'>quas</span> 
     </span>
     <span class='ocr_line' id='line_1_37' title="bbox 1027 772 1746 814; baseline 0.007 -14"><span class='ocrx_word' id='word_1_208' title='bbox 1027 780 1029 792; x_wconf 82' lang='lat'>¹</span> <span class='ocrx_word' id='word_1_209' title='bbox 1044 772 1098 800; x_wconf 89' lang='lat' dir='ltr'>tua</span> <span class='ocrx_word' id='word_1_210' title='bbox 1114 773 1208 802; x_wconf 90' lang='lat' dir='ltr'>nobis</span> <span class='ocrx_word' id='word_1_211' title='bbox 1225 773 1326 804; x_wconf 89' lang='lat' dir='ltr'>ubera</span> <span class='ocrx_word' id='word_1_212' title='bbox 1338 775 1481 813; x_wconf 81' lang='lat' dir='ltr'>stillant,</span> <span class='ocrx_word' id='word_1_213' title='bbox 1497 775 1627 805; x_wconf 82' lang='grc'>(10110130</span> <span class='ocrx_word' id='word_1_214' title='bbox 1651 775 1746 814; x_wconf 88' lang='lat' dir='ltr'>spiri-</span> 
     </span>
     <span class='ocr_line' id='line_1_38' title="bbox 1043 817 1158 847; baseline 0.009 -1"><span class='ocrx_word' id='word_1_215' title='bbox 1043 817 1158 847; x_wconf 84' lang='lat' dir='ltr'>tuales.</span> 
     </span>
    </p>

    <p class='ocr_par' dir='ltr' id='par_1_8' title="bbox 1026 863 1745 1085">
     <span class='ocr_line' id='line_1_39' title="bbox 1084 863 1741 904; baseline 0.008 -12"><span class='ocrx_word' id='word_1_216' title='bbox 1084 863 1133 892; x_wconf 83' lang='grc'>10.</span> <span class='ocrx_word' id='word_1_217' title='bbox 1151 864 1188 893; x_wconf 85' lang='lat' dir='ltr'>Et</span> <span class='ocrx_word' id='word_1_218' title='bbox 1202 865 1314 902; x_wconf 88' lang='lat' dir='ltr'>pulcre</span> <span class='ocrx_word' id='word_1_219' title='bbox 1326 865 1402 895; x_wconf 68' lang='lat' dir='ltr'>vino</span> <span class='ocrx_word' id='word_1_220' title='bbox 1421 865 1608 904; x_wconf 85' lang='lat' dir='ltr'>comparant</span> <span class='ocrx_word' id='word_1_221' title='bbox 1627 874 1741 897; x_wconf 72' lang='lat' dir='ltr'>carna.-</span> 
     </span>
     <span class='ocr_line' id='line_1_40' title="bbox 1042 908 1745 941; baseline 0.004 -4"><span class='ocrx_word' id='word_1_222' title='bbox 1042 908 1106 937; x_wconf 88' lang='lat' dir='ltr'>lem</span> <span class='ocrx_word' id='word_1_223' title='bbox 1130 910 1292 939; x_wconf 80' lang='lat' dir='ltr'>affectum.</span> <span class='ocrx_word' id='word_1_224' title='bbox 1312 912 1352 941; x_wconf 77' lang='lat' dir='ltr'>Ut</span> <span class='ocrx_word' id='word_1_225' title='bbox 1371 911 1458 940; x_wconf 90' lang='lat' dir='ltr'>enim</span> <span class='ocrx_word' id='word_1_226' title='bbox 1479 919 1542 941; x_wconf 71' lang='lat' dir='ltr'>uva</span> <span class='ocrx_word' id='word_1_227' title='bbox 1562 911 1662 940; x_wconf 91' lang='lat' dir='ltr'>semel</span> <span class='ocrx_word' id='word_1_228' title='bbox 1685 919 1745 941; x_wconf 82' lang='lat' dir='ltr'>ex-</span> 
     </span>
     <span class='ocr_line' id='line_1_41' title="bbox 1042 956 1744 996; baseline 0.006 -14"><span class='ocrx_word' id='word_1_229' title='bbox 1042 962 1151 990; x_wconf 91' lang='lat' dir='ltr'>pressa</span> <span class='ocrx_word' id='word_1_230' title='bbox 1174 964 1239 985; x_wconf 87' lang='lat' dir='ltr'>non</span> <span class='ocrx_word' id='word_1_231' title='bbox 1254 956 1352 986; x_wconf 86' lang='lat' dir='ltr'>hahet</span> <span class='ocrx_word' id='word_1_232' title='bbox 1366 958 1432 994; x_wconf 85' lang='lat' dir='ltr'>jam</span> <span class='ocrx_word' id='word_1_233' title='bbox 1447 957 1533 996; x_wconf 85' lang='lat' dir='ltr'>quod</span> <span class='ocrx_word' id='word_1_234' title='bbox 1548 957 1653 987; x_wconf 90' lang='lat' dir='ltr'>denuo</span> <span class='ocrx_word' id='word_1_235' title='bbox 1670 956 1744 986; x_wconf 82' lang='lat' dir='ltr'>fun-</span> 
     </span>
     <span class='ocr_line' id='line_1_42' title="bbox 1026 999 1741 1040; baseline 0.006 -13"><span class='ocrx_word' id='word_1_236' title='bbox 1026 1007 1027 1020; x_wconf 57' lang='lat'><em>*</em></span> <span class='ocrx_word' id='word_1_237' title='bbox 1043 999 1118 1037; x_wconf 85' lang='lat' dir='ltr'>dat,</span> <span class='ocrx_word' id='word_1_238' title='bbox 1132 1000 1189 1029; x_wconf 88' lang='lat' dir='ltr'>sed</span> <span class='ocrx_word' id='word_1_239' title='bbox 1203 1003 1362 1040; x_wconf 88' lang='lat' dir='ltr'>perpetua</span> <span class='ocrx_word' id='word_1_240' title='bbox 1381 1003 1530 1033; x_wconf 81' lang='lat' dir='ltr'>ariditate</span> <span class='ocrx_word' id='word_1_241' title='bbox 1544 1003 1716 1032; x_wconf 83' lang='lat' dir='ltr'>damnatur</span> <span class='ocrx_word' id='word_1_242' title='bbox 1732 1011 1741 1031; x_wconf 73' lang='lat' dir='ltr'><strong><em>z</em></strong></span> 
     </span>
     <span class='ocr_line' id='line_1_43' title="bbox 1026 1044 1743 1085; baseline 0.007 -13"><span class='ocrx_word' id='word_1_243' title='bbox 1026 1054 1027 1082; x_wconf 68' lang='grc'>;</span> <span class='ocrx_word' id='word_1_244' title='bbox 1043 1044 1087 1073; x_wconf 86' lang='grc'>510</span> <span class='ocrx_word' id='word_1_245' title='bbox 1115 1054 1188 1074; x_wconf 85' lang='grc'>0310</span> <span class='ocrx_word' id='word_1_246' title='bbox 1218 1046 1251 1075; x_wconf 86' lang='grc'>111</span> <span class='ocrx_word' id='word_1_247' title='bbox 1278 1056 1429 1085; x_wconf 87' lang='lat' dir='ltr'>pressura</span> <span class='ocrx_word' id='word_1_248' title='bbox 1451 1048 1564 1078; x_wconf 90' lang='lat' dir='ltr'>mortis</span> <span class='ocrx_word' id='word_1_249' title='bbox 1586 1048 1625 1076; x_wconf 92' lang='lat' dir='ltr'>ab</span> <span class='ocrx_word' id='word_1_250' title='bbox 1652 1048 1743 1078; x_wconf 88' lang='lat' dir='ltr'>omni</span> 
     </span>
    </p>
   </div>
   <div class='ocr_carea' id='block_1_7' title="bbox 1026 330 1033 1006">
    <p class='ocr_par' dir='ltr' id='par_1_9' title="bbox 1026 330 1033 1006">
     <span class='ocr_line' id='line_1_44' title="bbox 1026 330 1033 1006; baseline 0 0"><span class='ocrx_word' id='word_1_251' title='bbox 1026 330 1033 1006; x_wconf 95' lang='lat' dir='ltr'> </span> 
     </span>
    </p>
   </div>
   <div class='ocr_carea' id='block_1_8' title="bbox 1023 1092 1745 1318">
    <p class='ocr_par' dir='ltr' id='par_1_10' title="bbox 1023 1092 1745 1318">
     <span class='ocr_line' id='line_1_45' title="bbox 1042 1092 1742 1131; baseline 0.006 -12"><span class='ocrx_word' id='word_1_252' title='bbox 1042 1098 1169 1127; x_wconf 83' lang='lat' dir='ltr'>prorsus</span> <span class='ocrx_word' id='word_1_253' title='bbox 1190 1100 1246 1121; x_wconf 87' lang='lat' dir='ltr'>sua</span> <span class='ocrx_word' id='word_1_254' title='bbox 1262 1092 1478 1123; x_wconf 84' lang='lat' dir='ltr'>delectatione</span> <span class='ocrx_word' id='word_1_255' title='bbox 1494 1093 1635 1123; x_wconf 89' lang='lat' dir='ltr'>siccatur</span> <span class='ocrx_word' id='word_1_256' title='bbox 1647 1115 1656 1131; x_wconf 84' lang='lat'>,</span> <span class='ocrx_word' id='word_1_257' title='bbox 1681 1102 1742 1123; x_wconf 91' lang='lat' dir='ltr'>nec</span> 
     </span>
     <span class='ocr_line' id='line_1_46' title="bbox 1040 1136 1743 1169; baseline 0.007 -5"><span class='ocrx_word' id='word_1_258' title='bbox 1040 1136 1124 1165; x_wconf 85' lang='lat' dir='ltr'>ultra</span> <span class='ocrx_word' id='word_1_259' title='bbox 1140 1138 1310 1168; x_wconf 83' lang='lat' dir='ltr'>revirescit</span> <span class='ocrx_word' id='word_1_260' title='bbox 1325 1139 1365 1168; x_wconf 87' lang='lat' dir='ltr'>ad</span> <span class='ocrx_word' id='word_1_261' title='bbox 1380 1139 1545 1169; x_wconf 86' lang='lat' dir='ltr'>libidines.</span> <span class='ocrx_word' id='word_1_262' title='bbox 1562 1139 1652 1169; x_wconf 88' lang='lat' dir='ltr'>Unde</span> <span class='ocrx_word' id='word_1_263' title='bbox 1667 1140 1743 1169; x_wconf 89' lang='lat' dir='ltr'>Pro-</span> 
     </span>
     <span class='ocr_line' id='line_1_47' title="bbox 1040 1182 1745 1223; baseline 0.006 -12"><span class='ocrx_word' id='word_1_264' title='bbox 1040 1182 1137 1220; x_wconf 83' lang='lat' dir='ltr'>pheta</span> <span class='ocrx_word' id='word_1_265' title='bbox 1154 1192 1162 1212; x_wconf 91' lang='lat'>:</span> <span class='ocrx_word' id='word_1_266' title='bbox 1180 1185 1285 1215; x_wconf 79' lang='lat' dir='ltr'>Omnis</span> <span class='ocrx_word' id='word_1_267' title='bbox 1300 1194 1372 1215; x_wconf 80' lang='lat' dir='ltr'>caro</span> <span class='ocrx_word' id='word_1_268' title='bbox 1383 1186 1517 1223; x_wconf 81' lang='lat' dir='ltr'>soenum,</span> <span class='ocrx_word' id='word_1_269' title='bbox 1532 1187 1560 1215; x_wconf 81' lang='lat' dir='ltr'>et</span> <span class='ocrx_word' id='word_1_270' title='bbox 1572 1186 1670 1216; x_wconf 77' lang='lat' dir='ltr'>omnis</span> <span class='ocrx_word' id='word_1_271' title='bbox 1682 1186 1745 1223; x_wconf 79' lang='lat' dir='ltr'>qlo-</span> 
     </span>
     <span class='ocr_line' id='line_1_48' title="bbox 1024 1230 1742 1269; baseline 0.004 -11"><span class='ocrx_word' id='word_1_272' title='bbox 1024 1235 1025 1262; x_wconf 64' lang='grc'>1</span> <span class='ocrx_word' id='word_1_273' title='bbox 1041 1230 1089 1258; x_wconf 81' lang='lat' dir='ltr'>ria.</span> <span class='ocrx_word' id='word_1_274' title='bbox 1109 1230 1173 1267; x_wconf 77' lang='lat' dir='ltr'>ejus</span> <span class='ocrx_word' id='word_1_275' title='bbox 1189 1232 1346 1269; x_wconf 75' lang='lat' dir='ltr'>tamquam</span> <span class='ocrx_word' id='word_1_276' title='bbox 1363 1233 1418 1269; x_wconf 78' lang='lat' dir='ltr'>flos</span> <span class='ocrx_word' id='word_1_277' title='bbox 1433 1233 1517 1269; x_wconf 79' lang='lat' dir='ltr'>foeni.</span> <span class='ocrx_word' id='word_1_278' title='bbox 1541 1233 1742 1261; x_wconf 71' lang='lat' dir='ltr'>Eoesiccatum</span> 
     </span>
     <span class='ocr_line' id='line_1_49' title="bbox 1023 1263 1739 1318; baseline 0.001 -13"><span class='ocrx_word' id='word_1_279' title='bbox 1023 1263 1082 1318; x_wconf 58' lang='lat' dir='ltr'>(est</span> <span class='ocrx_word' id='word_1_280' title='bbox 1096 1276 1211 1314; x_wconf 80' lang='lat' dir='ltr'>foenum</span> <span class='ocrx_word' id='word_1_281' title='bbox 1224 1298 1233 1313; x_wconf 83' lang='lat'>,</span> <span class='ocrx_word' id='word_1_282' title='bbox 1255 1279 1281 1307; x_wconf 80' lang='lat' dir='ltr'>et</span> <span class='ocrx_word' id='word_1_283' title='bbox 1297 1279 1400 1307; x_wconf 73' lang='lat' dir='ltr'>cecidIt</span> <span class='ocrx_word' id='word_1_284' title='bbox 1419 1279 1529 1316; x_wconf 65' lang='lat' dir='ltr'>flosget</span> <span class='ocrx_word' id='word_1_285' title='bbox 1544 1278 1714 1315; x_wconf 81' lang='lat' dir='ltr'>Apostolus</span> <span class='ocrx_word' id='word_1_286' title='bbox 1730 1286 1739 1306; x_wconf 71' lang='lat' dir='ltr'>t</span> 
     </span>
    </p>
   </div>
   <div class='ocr_carea' id='block_1_9' title="bbox 303 1323 1743 1774">
    <p class='ocr_par' dir='ltr' id='par_1_11' title="bbox 303 1323 1743 1774">
     <span class='ocr_line' id='line_1_50' title="bbox 305 1323 1743 1365; baseline 0.002 -15"><span class='ocrx_word' id='word_1_287' title='bbox 305 1328 407 1351; x_wconf 86' lang='lat' dir='ltr'>mere.</span> <span class='ocrx_word' id='word_1_288' title='bbox 420 1323 562 1363; x_wconf 82' lang='lat' dir='ltr'>Injuste,</span> <span class='ocrx_word' id='word_1_289' title='bbox 575 1325 746 1363; x_wconf 69' lang='lat' dir='ltr'>inquiunt,</span> <span class='ocrx_word' id='word_1_290' title='bbox 759 1334 941 1356; x_wconf 76' lang='lat' dir='ltr'>murmuras</span> <span class='ocrx_word' id='word_1_291' title='bbox 953 1327 1010 1356; x_wconf 69' lang='lat' dir='ltr'>ad·</span> <span class='ocrx_word' id='word_1_292' title='bbox 1023 1323 1026 1365; x_wconf 56' lang='grc'>1</span> <span class='ocrx_word' id='word_1_293' title='bbox 1041 1323 1100 1360; x_wconf 76' lang='lat' dir='ltr'>Qui</span> <span class='ocrx_word' id='word_1_294' title='bbox 1122 1324 1252 1353; x_wconf 77' lang='lat' dir='ltr'>seminat</span> <span class='ocrx_word' id='word_1_295' title='bbox 1268 1325 1299 1353; x_wconf 74' lang='lat' dir='ltr'>in</span> <span class='ocrx_word' id='word_1_296' title='bbox 1320 1333 1431 1360; x_wconf 73' lang='lat' dir='ltr'>carne,</span> <span class='ocrx_word' id='word_1_297' title='bbox 1454 1325 1487 1353; x_wconf 81' lang='lat' dir='ltr'>de</span> <span class='ocrx_word' id='word_1_298' title='bbox 1502 1333 1595 1353; x_wconf 75' lang='lat' dir='ltr'>carne</span> <span class='ocrx_word' id='word_1_299' title='bbox 1612 1325 1639 1353; x_wconf 84' lang='lat' dir='ltr'>ct</span> <span class='ocrx_word' id='word_1_300' title='bbox 1653 1324 1743 1353; x_wconf 75' lang='lat' dir='ltr'>metet</span> 
     </span>
     <span class='ocr_line' id='line_1_51' title="bbox 306 1369 1739 1410; baseline 0.002 -15"><span class='ocrx_word' id='word_1_301' title='bbox 306 1375 420 1398; x_wconf 83' lang='lat' dir='ltr'>versus</span> <span class='ocrx_word' id='word_1_302' title='bbox 448 1377 624 1407; x_wconf 71' lang='lat' dir='ltr'>sponsum:</span> <span class='ocrx_word' id='word_1_303' title='bbox 642 1372 719 1409; x_wconf 73' lang='lat' dir='ltr'>quja</span> <span class='ocrx_word' id='word_1_304' title='bbox 753 1372 787 1401; x_wconf 84' lang='lat' dir='ltr'>id</span> <span class='ocrx_word' id='word_1_305' title='bbox 819 1373 892 1410; x_wconf 71' lang='lat' dir='ltr'>plus</span> <span class='ocrx_word' id='word_1_306' title='bbox 920 1374 1010 1403; x_wconf 64' lang='lat' dir='ltr'>valet</span> <span class='ocrx_word' id='word_1_307' title='bbox 1024 1372 1026 1407; x_wconf 66' lang='lat' dir='ltr'><strong>j</strong></span> <span class='ocrx_word' id='word_1_308' title='bbox 1039 1369 1275 1406; x_wconf 73' lang='lat' dir='ltr'>corruptionem.</span> <span class='ocrx_word' id='word_1_309' title='bbox 1290 1369 1328 1398; x_wconf 89' lang='lat' dir='ltr'>Et</span> <span class='ocrx_word' id='word_1_310' title='bbox 1339 1377 1466 1399; x_wconf 82' lang='lat' dir='ltr'>rursum</span> <span class='ocrx_word' id='word_1_311' title='bbox 1481 1370 1579 1399; x_wconf 82' lang='lat' dir='ltr'>:Esca</span> <span class='ocrx_word' id='word_1_312' title='bbox 1587 1370 1698 1405; x_wconf 74' lang='lat' dir='ltr'>ventri,</span> <span class='ocrx_word' id='word_1_313' title='bbox 1710 1371 1739 1399; x_wconf 78' lang='lat' dir='ltr'>et</span> 
     </span>
     <span class='ocr_line' id='line_1_52' title="bbox 304 1409 1742 1461; baseline 0.003 -20"><span class='ocrx_word' id='word_1_314' title='bbox 304 1413 389 1450; x_wconf 81' lang='lat' dir='ltr'>quod</span> <span class='ocrx_word' id='word_1_315' title='bbox 405 1415 460 1443; x_wconf 81' lang='lat' dir='ltr'>ille</span> <span class='ocrx_word' id='word_1_316' title='bbox 472 1415 536 1451; x_wconf 79' lang='lat' dir='ltr'>jam</span> <span class='ocrx_word' id='word_1_317' title='bbox 547 1417 753 1456; x_wconf 43' lang='lat' dir='ltr'>dedissquam</span> <span class='ocrx_word' id='word_1_318' title='bbox 769 1419 898 1456; x_wconf 76' lang='lat' dir='ltr'>quodtu</span> <span class='ocrx_word' id='word_1_319' title='bbox 910 1419 1009 1457; x_wconf 59' lang='lat' dir='ltr'>petis·</span> <span class='ocrx_word' id='word_1_320' title='bbox 1023 1409 1026 1461; x_wconf 56' lang='grc' dir='ltr'>ξ</span> <span class='ocrx_word' id='word_1_321' title='bbox 1039 1416 1142 1443; x_wconf 73' lang='lat' dir='ltr'>venter</span> <span class='ocrx_word' id='word_1_322' title='bbox 1156 1417 1230 1445; x_wconf 66' lang='lat' dir='ltr'>escis</span> <span class='ocrx_word' id='word_1_323' title='bbox 1241 1426 1251 1453; x_wconf 86' lang='lat'>,·</span> <span class='ocrx_word' id='word_1_324' title='bbox 1264 1418 1346 1446; x_wconf 76' lang='lat' dir='ltr'>Deus</span> <span class='ocrx_word' id='word_1_325' title='bbox 1363 1418 1465 1445; x_wconf 77' lang='lat' dir='ltr'>autem</span> <span class='ocrx_word' id='word_1_326' title='bbox 1484 1418 1512 1446; x_wconf 79' lang='lat' dir='ltr'>el</span> <span class='ocrx_word' id='word_1_327' title='bbox 1527 1416 1626 1452; x_wconf 73' lang='lat' dir='ltr'>hunc,</span> <span class='ocrx_word' id='word_1_328' title='bbox 1642 1417 1670 1445; x_wconf 78' lang='lat' dir='ltr'>ct</span> <span class='ocrx_word' id='word_1_329' title='bbox 1685 1415 1742 1446; x_wconf 78' lang='lat' dir='ltr'>has</span> 
     </span>
     <span class='ocr_line' id='line_1_53' title="bbox 304 1458 1740 1502; baseline 0.002 -14"><span class='ocrx_word' id='word_1_330' title='bbox 304 1458 396 1495; x_wconf 81' lang='lat' dir='ltr'>Quod</span> <span class='ocrx_word' id='word_1_331' title='bbox 409 1461 496 1490; x_wconf 85' lang='lat' dir='ltr'>enim</span> <span class='ocrx_word' id='word_1_332' title='bbox 520 1463 681 1500; x_wconf 66' lang='lat' dir='ltr'>postulas,</span> <span class='ocrx_word' id='word_1_333' title='bbox 698 1465 730 1493; x_wconf 78' lang='lat' dir='ltr'>te</span> <span class='ocrx_word' id='word_1_334' title='bbox 750 1464 883 1502; x_wconf 70' lang='lat' dir='ltr'>quidem</span> <span class='ocrx_word' id='word_1_335' title='bbox 899 1464 1009 1494; x_wconf 69' lang='lat' dir='ltr'>delec-</span> <span class='ocrx_word' id='word_1_336' title='bbox 1022 1468 1025 1475; x_wconf 67' lang='lat'><em>⁴</em></span> <span class='ocrx_word' id='word_1_337' title='bbox 1038 1460 1180 1490; x_wconf 79' lang='lat' dir='ltr'>destruet.</span> <span class='ocrx_word' id='word_1_338' title='bbox 1203 1462 1284 1491; x_wconf 61' lang='lat' dir='ltr'>Vide</span> <span class='ocrx_word' id='word_1_339' title='bbox 1306 1463 1415 1491; x_wconf 88' lang='lat' dir='ltr'>autem</span> <span class='ocrx_word' id='word_1_340' title='bbox 1431 1470 1472 1491; x_wconf 89' lang='lat' dir='ltr'>ne</span> <span class='ocrx_word' id='word_1_341' title='bbox 1485 1470 1551 1491; x_wconf 83' lang='lat' dir='ltr'>non</span> <span class='ocrx_word' id='word_1_342' title='bbox 1567 1461 1655 1491; x_wconf 87' lang='lat' dir='ltr'>carni</span> <span class='ocrx_word' id='word_1_343' title='bbox 1670 1462 1740 1491; x_wconf 89' lang='lat' dir='ltr'>tan-</span> 
     </span>
     <span class='ocr_line' id='line_1_54' title="bbox 303 1504 1741 1549; baseline 0.001 -15"><span class='ocrx_word' id='word_1_344' title='bbox 303 1504 352 1533; x_wconf 74' lang='lat' dir='ltr'>tat</span> <span class='ocrx_word' id='word_1_345' title='bbox 367 1513 375 1533; x_wconf 87' lang='lat'>:</span> <span class='ocrx_word' id='word_1_346' title='bbox 391 1507 449 1535; x_wconf 85' lang='lat' dir='ltr'>sed</span> <span class='ocrx_word' id='word_1_347' title='bbox 471 1507 572 1537; x_wconf 67' lang='lat' dir='ltr'>ubera</span> <span class='ocrx_word' id='word_1_348' title='bbox 583 1531 592 1546; x_wconf 66' lang='lat'>‚</span> <span class='ocrx_word' id='word_1_349' title='bbox 611 1509 728 1546; x_wconf 77' lang='lat' dir='ltr'>quihus</span> <span class='ocrx_word' id='word_1_350' title='bbox 751 1511 904 1547; x_wconf 74' lang='lat' dir='ltr'>parvulos</span> <span class='ocrx_word' id='word_1_351' title='bbox 929 1510 1008 1549; x_wconf 71' lang='lat'>2115,</span> <span class='ocrx_word' id='word_1_352' title='bbox 1023 1506 1128 1543; x_wconf 76' lang='grc'>1111111,</span> <span class='ocrx_word' id='word_1_353' title='bbox 1144 1506 1201 1536; x_wconf 87' lang='lat' dir='ltr'>sed</span> <span class='ocrx_word' id='word_1_354' title='bbox 1216 1508 1249 1536; x_wconf 82' lang='lat' dir='ltr'>et</span> <span class='ocrx_word' id='word_1_355' title='bbox 1266 1507 1386 1536; x_wconf 89' lang='lat' dir='ltr'>mundo</span> <span class='ocrx_word' id='word_1_356' title='bbox 1403 1507 1485 1537; x_wconf 85' lang='lat' dir='ltr'>forte</span> <span class='ocrx_word' id='word_1_357' title='bbox 1501 1507 1664 1544; x_wconf 84' lang='lat' dir='ltr'>competat</span> <span class='ocrx_word' id='word_1_358' title='bbox 1678 1507 1741 1536; x_wconf 85' lang='lat' dir='ltr'>ista</span> 
     </span>
     <span class='ocr_line' id='line_1_55' title="bbox 304 1551 1740 1592; baseline 0.003 -14"><span class='ocrx_word' id='word_1_359' title='bbox 304 1556 383 1587; x_wconf 86' lang='lat' dir='ltr'>quos</span> <span class='ocrx_word' id='word_1_360' title='bbox 398 1551 431 1580; x_wconf 87' lang='lat' dir='ltr'>et</span> <span class='ocrx_word' id='word_1_361' title='bbox 452 1552 559 1590; x_wconf 87' lang='lat' dir='ltr'>paris,</span> <span class='ocrx_word' id='word_1_362' title='bbox 575 1554 731 1592; x_wconf 85' lang='lat' dir='ltr'>meliora,</span> <span class='ocrx_word' id='word_1_363' title='bbox 744 1555 805 1584; x_wconf 91' lang='lat' dir='ltr'>hoc</span> <span class='ocrx_word' id='word_1_364' title='bbox 825 1556 874 1584; x_wconf 88' lang='lat' dir='ltr'>est</span> <span class='ocrx_word' id='word_1_365' title='bbox 896 1563 1009 1585; x_wconf 81' lang='lat' dir='ltr'>neces-</span> <span class='ocrx_word' id='word_1_366' title='bbox 1038 1552 1212 1589; x_wconf 87' lang='lat' dir='ltr'>proportio.</span> <span class='ocrx_word' id='word_1_367' title='bbox 1231 1553 1397 1591; x_wconf 89' lang='lat' dir='ltr'>Siquidem</span> <span class='ocrx_word' id='word_1_368' title='bbox 1415 1554 1445 1582; x_wconf 87' lang='lat' dir='ltr'>ct</span> <span class='ocrx_word' id='word_1_369' title='bbox 1461 1553 1531 1590; x_wconf 84' lang='lat' dir='ltr'>ipse</span> <span class='ocrx_word' id='word_1_370' title='bbox 1556 1552 1690 1590; x_wconf 79' lang='lat' dir='ltr'>transit,</span> <span class='ocrx_word' id='word_1_371' title='bbox 1706 1551 1740 1582; x_wconf 81' lang='lat' dir='ltr'>et·</span> 
     </span>
     <span class='ocr_line' id='line_1_56' title="bbox 303 1596 1742 1639; baseline 0.001 -14"><span class='ocrx_word' id='word_1_372' title='bbox 303 1596 442 1635; x_wconf 86' lang='lat' dir='ltr'>sariora,</span> <span class='ocrx_word' id='word_1_373' title='bbox 479 1600 555 1628; x_wconf 86' lang='lat' dir='ltr'>sunt</span> <span class='ocrx_word' id='word_1_374' title='bbox 593 1600 670 1630; x_wconf 77' lang='lat' dir='ltr'>vino</span> <span class='ocrx_word' id='word_1_375' title='bbox 709 1601 1007 1639; x_wconf 70' lang='lat' dir='ltr'>contemplationis,</span> <span class='ocrx_word' id='word_1_376' title='bbox 1038 1599 1299 1636; x_wconf 87' lang='lat' dir='ltr'>concupiscentia</span> <span class='ocrx_word' id='word_1_377' title='bbox 1310 1599 1379 1635; x_wconf 87' lang='lat' dir='ltr'>ejus</span> <span class='ocrx_word' id='word_1_378' title='bbox 1393 1608 1401 1628; x_wconf 93' lang='lat'><strong>:</strong></span> <span class='ocrx_word' id='word_1_379' title='bbox 1418 1599 1536 1628; x_wconf 89' lang='lat' dir='ltr'>etcum</span> <span class='ocrx_word' id='word_1_380' title='bbox 1549 1599 1656 1627; x_wconf 89' lang='lat' dir='ltr'>omnia</span> <span class='ocrx_word' id='word_1_381' title='bbox 1667 1606 1742 1636; x_wconf 55' lang='lat' dir='ltr'>quas</span> 
     </span>
     <span class='ocr_line' id='line_1_57' title="bbox 303 1640 1740 1684; baseline 0.001 -14"><span class='ocrx_word' id='word_1_382' title='bbox 303 1640 401 1671; x_wconf 86' lang='lat' dir='ltr'>Aliud</span> <span class='ocrx_word' id='word_1_383' title='bbox 415 1643 577 1681; x_wconf 86' lang='lat' dir='ltr'>siquidem</span> <span class='ocrx_word' id='word_1_384' title='bbox 590 1646 639 1675; x_wconf 84' lang='lat' dir='ltr'>est</span> <span class='ocrx_word' id='word_1_385' title='bbox 655 1646 739 1684; x_wconf 90' lang='lat' dir='ltr'>quod</span> <span class='ocrx_word' id='word_1_386' title='bbox 751 1647 847 1676; x_wconf 88' lang='lat' dir='ltr'>unius</span> <span class='ocrx_word' id='word_1_387' title='bbox 864 1647 1009 1678; x_wconf 76' lang='lat' dir='ltr'>laetificat</span> <span class='ocrx_word' id='word_1_388' title='bbox 1039 1644 1071 1673; x_wconf 85' lang='lat' dir='ltr'>in</span> <span class='ocrx_word' id='word_1_389' title='bbox 1095 1645 1214 1675; x_wconf 85' lang='lat' dir='ltr'>mundo</span> <span class='ocrx_word' id='word_1_390' title='bbox 1241 1646 1333 1682; x_wconf 84' lang='lat' dir='ltr'>sunt,</span> <span class='ocrx_word' id='word_1_391' title='bbox 1354 1645 1451 1674; x_wconf 86' lang='lat' dir='ltr'>finem</span> <span class='ocrx_word' id='word_1_392' title='bbox 1476 1644 1640 1682; x_wconf 87' lang='lat' dir='ltr'>habeant,</span> <span class='ocrx_word' id='word_1_393' title='bbox 1665 1643 1740 1673; x_wconf 86' lang='lat' dir='ltr'>finis</span> 
     </span>
     <span class='ocr_line' id='line_1_58' title="bbox 304 1687 1740 1738; baseline 0.001 -21"><span class='ocrx_word' id='word_1_394' title='bbox 304 1695 359 1717; x_wconf 93' lang='lat' dir='ltr'>cor</span> <span class='ocrx_word' id='word_1_395' title='bbox 373 1687 512 1720; x_wconf 89' lang='lat' dir='ltr'>hominis</span> <span class='ocrx_word' id='word_1_396' title='bbox 522 1713 530 1728; x_wconf 89' lang='lat'>,</span> <span class='ocrx_word' id='word_1_397' title='bbox 543 1692 672 1721; x_wconf 84' lang='lat' dir='ltr'>etaliud</span> <span class='ocrx_word' id='word_1_398' title='bbox 680 1692 763 1730; x_wconf 87' lang='lat' dir='ltr'>quod</span> <span class='ocrx_word' id='word_1_399' title='bbox 777 1692 914 1724; x_wconf 78' lang='lat' dir='ltr'>aedificat</span> <span class='ocrx_word' id='word_1_400' title='bbox 925 1694 1009 1723; x_wconf 84' lang='lat' dir='ltr'>mul·</span> <span class='ocrx_word' id='word_1_401' title='bbox 1021 1708 1025 1738; x_wconf 45' lang='grc' dir='ltr'>ἲ</span> <span class='ocrx_word' id='word_1_402' title='bbox 1039 1699 1151 1720; x_wconf 80' lang='lat' dir='ltr'>eorum</span> <span class='ocrx_word' id='word_1_403' title='bbox 1165 1699 1229 1721; x_wconf 91' lang='lat' dir='ltr'>non</span> <span class='ocrx_word' id='word_1_404' title='bbox 1245 1691 1307 1720; x_wconf 89' lang='lat' dir='ltr'>erit</span> <span class='ocrx_word' id='word_1_405' title='bbox 1321 1691 1406 1720; x_wconf 83' lang='lat' dir='ltr'>finis.</span> <span class='ocrx_word' id='word_1_406' title='bbox 1419 1691 1540 1719; x_wconf 77' lang='lat' dir='ltr'>Verum</span> <span class='ocrx_word' id='word_1_407' title='bbox 1558 1690 1659 1719; x_wconf 90' lang='lat' dir='ltr'>ubera</span> <span class='ocrx_word' id='word_1_408' title='bbox 1673 1696 1740 1721; x_wconf 85' lang='lat' dir='ltr'>non.</span> 
     </span>
     <span class='ocr_line' id='line_1_59' title="bbox 306 1730 1738 1774; baseline 0.003 -14"><span class='ocrx_word' id='word_1_409' title='bbox 306 1730 364 1761; x_wconf 84' lang='lat' dir='ltr'>tos.</span> <span class='ocrx_word' id='word_1_410' title='bbox 381 1734 459 1763; x_wconf 77' lang='lat' dir='ltr'>Nam</span> <span class='ocrx_word' id='word_1_411' title='bbox 472 1735 533 1764; x_wconf 89' lang='lat' dir='ltr'>etsi</span> <span class='ocrx_word' id='word_1_412' title='bbox 545 1736 666 1766; x_wconf 84' lang='lat' dir='ltr'>Rachel</span> <span class='ocrx_word' id='word_1_413' title='bbox 683 1737 862 1774; x_wconf 82' lang='lat' dir='ltr'>formosior,</span> <span class='ocrx_word' id='word_1_414' title='bbox 879 1737 936 1768; x_wconf 92' lang='lat' dir='ltr'>sed</span> <span class='ocrx_word' id='word_1_415' title='bbox 951 1738 1008 1768; x_wconf 87' lang='lat' dir='ltr'>Lia</span> <span class='ocrx_word' id='word_1_416' title='bbox 1021 1740 1024 1759; x_wconf 67' lang='lat' dir='ltr'>l</span> <span class='ocrx_word' id='word_1_417' title='bbox 1037 1737 1094 1766; x_wconf 87' lang='lat' dir='ltr'>sic.</span> <span class='ocrx_word' id='word_1_418' title='bbox 1121 1737 1196 1767; x_wconf 84' lang='lat' dir='ltr'>Haec</span> <span class='ocrx_word' id='word_1_419' title='bbox 1212 1737 1302 1766; x_wconf 90' lang='lat' dir='ltr'>enim</span> <span class='ocrx_word' id='word_1_420' title='bbox 1319 1745 1391 1766; x_wconf 89' lang='lat' dir='ltr'>cum</span> <span class='ocrx_word' id='word_1_421' title='bbox 1414 1736 1570 1765; x_wconf 79' lang='lat' dir='ltr'>exhausta</span> <span class='ocrx_word' id='word_1_422' title='bbox 1593 1734 1738 1772; x_wconf 83' lang='lat' dir='ltr'>fuerint,</span> 
     </span>
    </p>
   </div>
   <div class='ocr_carea' id='block_1_10' title="bbox 302 1776 1007 2601">
    <p class='ocr_par' dir='ltr' id='par_1_12' title="bbox 303 1776 1007 1912">
     <span class='ocr_line' id='line_1_60' title="bbox 303 1776 1007 1821; baseline 0.01 -14"><span class='ocrx_word' id='word_1_423' title='bbox 303 1776 485 1810; x_wconf 85' lang='lat' dir='ltr'>foecundior</span> <span class='ocrx_word' id='word_1_424' title='bbox 499 1782 559 1811; x_wconf 88' lang='lat' dir='ltr'>est.</span> <span class='ocrx_word' id='word_1_425' title='bbox 576 1783 645 1812; x_wconf 72' lang='lat' dir='ltr'>Noli</span> <span class='ocrx_word' id='word_1_426' title='bbox 658 1791 733 1821; x_wconf 82' lang='lat' dir='ltr'>ergo</span> <span class='ocrx_word' id='word_1_427' title='bbox 745 1782 842 1813; x_wconf 91' lang='lat' dir='ltr'>nimis</span> <span class='ocrx_word' id='word_1_428' title='bbox 857 1783 1007 1815; x_wconf 78' lang='lat' dir='ltr'>insistere</span> 
     </span>
     <span class='ocr_line' id='line_1_61' title="bbox 304 1826 1007 1867; baseline 0.009 -13"><span class='ocrx_word' id='word_1_429' title='bbox 304 1826 423 1855; x_wconf 89' lang='lat' dir='ltr'>osculis</span> <span class='ocrx_word' id='word_1_430' title='bbox 449 1828 756 1866; x_wconf 86' lang='lat' dir='ltr'>contemplationis:</span> <span class='ocrx_word' id='word_1_431' title='bbox 770 1829 847 1867; x_wconf 88' lang='lat' dir='ltr'>quia</span> <span class='ocrx_word' id='word_1_432' title='bbox 870 1830 1007 1860; x_wconf 89' lang='lat' dir='ltr'>meliora</span> 
     </span>
     <span class='ocr_line' id='line_1_62' title="bbox 303 1872 762 1912; baseline 0.011 -12"><span class='ocrx_word' id='word_1_433' title='bbox 303 1872 380 1901; x_wconf 86' lang='lat' dir='ltr'>sunt</span> <span class='ocrx_word' id='word_1_434' title='bbox 394 1872 496 1902; x_wconf 90' lang='lat' dir='ltr'>ubera</span> <span class='ocrx_word' id='word_1_435' title='bbox 510 1874 762 1912; x_wconf 74' lang='lat' dir='ltr'>praedicationis.</span> 
     </span>
    </p>

    <p class='ocr_par' dir='ltr' id='par_1_13' title="bbox 302 1917 1007 2601">
     <span class='ocr_line' id='line_1_63' title="bbox 344 1917 1006 1960; baseline 0.006 -13"><span class='ocrx_word' id='word_1_436' title='bbox 344 1917 375 1947; x_wconf 88' lang='lat'>9.</span> <span class='ocrx_word' id='word_1_437' title='bbox 405 1918 551 1950; x_wconf 90' lang='lat' dir='ltr'>Occurrit</span> <span class='ocrx_word' id='word_1_438' title='bbox 582 1922 616 1950; x_wconf 90' lang='lat' dir='ltr'>et</span> <span class='ocrx_word' id='word_1_439' title='bbox 645 1921 727 1950; x_wconf 86' lang='lat' dir='ltr'>alius</span> <span class='ocrx_word' id='word_1_440' title='bbox 751 1929 880 1959; x_wconf 88' lang='lat' dir='ltr'>sensus,</span> <span class='ocrx_word' id='word_1_441' title='bbox 907 1930 1006 1960; x_wconf 90' lang='lat' dir='ltr'>quem</span> 
     </span>
     <span class='ocr_line' id='line_1_64' title="bbox 303 1962 1005 2005; baseline 0.01 -14"><span class='ocrx_word' id='word_1_442' title='bbox 303 1962 435 2000; x_wconf 87' lang='lat' dir='ltr'>quidem</span> <span class='ocrx_word' id='word_1_443' title='bbox 452 1973 516 1994; x_wconf 90' lang='lat' dir='ltr'>non</span> <span class='ocrx_word' id='word_1_444' title='bbox 530 1974 760 2004; x_wconf 78' lang='lat' dir='ltr'>proposueram</span> <span class='ocrx_word' id='word_1_445' title='bbox 771 1989 780 2005; x_wconf 90' lang='lat'>,</span> <span class='ocrx_word' id='word_1_446' title='bbox 797 1967 855 1997; x_wconf 89' lang='lat' dir='ltr'>sed</span> <span class='ocrx_word' id='word_1_447' title='bbox 870 1968 1005 1998; x_wconf 89' lang='lat' dir='ltr'>minime</span> 
     </span>
     <span class='ocr_line' id='line_1_65' title="bbox 303 2012 1006 2053; baseline 0.01 -14"><span class='ocrx_word' id='word_1_448' title='bbox 303 2012 488 2048; x_wconf 86' lang='lat' dir='ltr'>praeteribo.</span> <span class='ocrx_word' id='word_1_449' title='bbox 504 2014 625 2053; x_wconf 81' lang='lat' dir='ltr'>thuid</span> <span class='ocrx_word' id='word_1_450' title='bbox 635 2015 722 2045; x_wconf 90' lang='lat' dir='ltr'>enim</span> <span class='ocrx_word' id='word_1_451' title='bbox 737 2016 838 2045; x_wconf 74' lang='lat' dir='ltr'>verba</span> <span class='ocrx_word' id='word_1_452' title='bbox 855 2015 926 2045; x_wconf 85' lang='lat' dir='ltr'>haec</span> <span class='ocrx_word' id='word_1_453' title='bbox 941 2024 1006 2046; x_wconf 89' lang='lat' dir='ltr'>non</span> 
     </span>
     <span class='ocr_line' id='line_1_66' title="bbox 302 2058 1006 2100; baseline 0.009 -15"><span class='ocrx_word' id='word_1_454' title='bbox 302 2058 405 2095; x_wconf 77' lang='lat' dir='ltr'>magis</span> <span class='ocrx_word' id='word_1_455' title='bbox 419 2061 594 2090; x_wconf 81' lang='lat' dir='ltr'>convenire</span> <span class='ocrx_word' id='word_1_456' title='bbox 607 2061 752 2091; x_wconf 80' lang='lat' dir='ltr'>dicamus</span> <span class='ocrx_word' id='word_1_457' title='bbox 767 2062 814 2092; x_wconf 91' lang='lat' dir='ltr'>eis</span> <span class='ocrx_word' id='word_1_458' title='bbox 825 2061 917 2100; x_wconf 89' lang='lat' dir='ltr'>ipsis,</span> <span class='ocrx_word' id='word_1_459' title='bbox 933 2063 1006 2100; x_wconf 90' lang='lat' dir='ltr'>qui-</span> 
     </span>
     <span class='ocr_line' id='line_1_67' title="bbox 304 2101 1006 2146; baseline 0.007 -15"><span class='ocrx_word' id='word_1_460' title='bbox 304 2101 364 2132; x_wconf 87' lang='lat' dir='ltr'>bus</span> <span class='ocrx_word' id='word_1_461' title='bbox 379 2106 495 2140; x_wconf 80' lang='lat' dir='ltr'>praeest</span> <span class='ocrx_word' id='word_1_462' title='bbox 520 2105 555 2135; x_wconf 93' lang='lat' dir='ltr'>in</span> <span class='ocrx_word' id='word_1_463' title='bbox 581 2106 821 2144; x_wconf 85' lang='lat' dir='ltr'>sollicitudine,</span> <span class='ocrx_word' id='word_1_464' title='bbox 839 2107 1006 2146; x_wconf 83' lang='lat' dir='ltr'>tamquam</span> 
     </span>
     <span class='ocr_line' id='line_1_68' title="bbox 304 2150 1005 2184; baseline 0.009 -8"><span class='ocrx_word' id='word_1_465' title='bbox 304 2150 448 2184; x_wconf 79' lang='lat' dir='ltr'>parvulis</span> <span class='ocrx_word' id='word_1_466' title='bbox 467 2152 573 2181; x_wconf 90' lang='lat' dir='ltr'>mater</span> <span class='ocrx_word' id='word_1_467' title='bbox 591 2153 646 2182; x_wconf 88' lang='lat' dir='ltr'>aut</span> <span class='ocrx_word' id='word_1_468' title='bbox 670 2151 803 2182; x_wconf 74' lang='lat' dir='ltr'>nutrix?</span> <span class='ocrx_word' id='word_1_469' title='bbox 827 2153 891 2182; x_wconf 69' lang='lat' dir='ltr'>Nec</span> <span class='ocrx_word' id='word_1_470' title='bbox 917 2154 1005 2182; x_wconf 83' lang='lat' dir='ltr'>enini</span> 
     </span>
     <span class='ocr_line' id='line_1_69' title="bbox 305 2196 1006 2235; baseline 0.01 -13"><span class='ocrx_word' id='word_1_471' title='bbox 305 2196 529 2231; x_wconf 85' lang='lat' dir='ltr'>aequanimiter</span> <span class='ocrx_word' id='word_1_472' title='bbox 556 2197 665 2228; x_wconf 79' lang='lat' dir='ltr'>serunt</span> <span class='ocrx_word' id='word_1_473' title='bbox 687 2198 876 2235; x_wconf 81' lang='lat' dir='ltr'>juvenculae</span> <span class='ocrx_word' id='word_1_474' title='bbox 901 2200 934 2229; x_wconf 89' lang='lat' dir='ltr'>et</span> <span class='ocrx_word' id='word_1_475' title='bbox 955 2200 1006 2229; x_wconf 90' lang='lat' dir='ltr'>te-</span> 
     </span>
     <span class='ocr_line' id='line_1_70' title="bbox 305 2242 1005 2284; baseline 0.011 -17"><span class='ocrx_word' id='word_1_476' title='bbox 305 2246 390 2269; x_wconf 63' lang='grc'>110133</span> <span class='ocrx_word' id='word_1_477' title='bbox 407 2242 510 2272; x_wconf 89' lang='lat' dir='ltr'>adhuc</span> <span class='ocrx_word' id='word_1_478' title='bbox 522 2245 650 2282; x_wconf 77' lang='lat' dir='ltr'>animae,</span> <span class='ocrx_word' id='word_1_479' title='bbox 662 2245 750 2274; x_wconf 88' lang='lat' dir='ltr'>illam</span> <span class='ocrx_word' id='word_1_480' title='bbox 763 2252 875 2274; x_wconf 85' lang='lat' dir='ltr'>vacare</span> <span class='ocrx_word' id='word_1_481' title='bbox 888 2245 1005 2284; x_wconf 82' lang='lat' dir='ltr'>quieti,</span> 
     </span>
     <span class='ocr_line' id='line_1_71' title="bbox 306 2284 1007 2328; baseline 0.013 -16"><span class='ocrx_word' id='word_1_482' title='bbox 306 2284 397 2321; x_wconf 87' lang='lat' dir='ltr'>cujus</span> <span class='ocrx_word' id='word_1_483' title='bbox 409 2288 536 2323; x_wconf 87' lang='lat' dir='ltr'>plenius</span> <span class='ocrx_word' id='word_1_484' title='bbox 549 2290 670 2320; x_wconf 80' lang='lat' dir='ltr'>erudiri</span> <span class='ocrx_word' id='word_1_485' title='bbox 683 2291 827 2320; x_wconf 87' lang='lat' dir='ltr'>doctrina</span> <span class='ocrx_word' id='word_1_486' title='bbox 837 2290 1007 2328; x_wconf 67' lang='grc'>,010110111-</span> 
     </span>
     <span class='ocr_line' id='line_1_72' title="bbox 305 2330 1007 2367; baseline 0.014 -10"><span class='ocrx_word' id='word_1_487' title='bbox 305 2330 369 2367; x_wconf 89' lang='lat' dir='ltr'>plis</span> <span class='ocrx_word' id='word_1_488' title='bbox 392 2331 558 2364; x_wconf 82' lang='lat' dir='ltr'>informari</span> <span class='ocrx_word' id='word_1_489' title='bbox 576 2336 773 2367; x_wconf 85' lang='lat' dir='ltr'>desiderant.</span> <span class='ocrx_word' id='word_1_490' title='bbox 799 2338 847 2367; x_wconf 92' lang='lat' dir='ltr'>An</span> <span class='ocrx_word' id='word_1_491' title='bbox 868 2345 933 2366; x_wconf 88' lang='lat' dir='ltr'>non</span> <span class='ocrx_word' id='word_1_492' title='bbox 949 2337 1007 2367; x_wconf 91' lang='lat' dir='ltr'>de-</span> 
     </span>
     <span class='ocr_line' id='line_1_73' title="bbox 304 2374 1006 2421; baseline 0.014 -18"><span class='ocrx_word' id='word_1_493' title='bbox 304 2374 403 2413; x_wconf 89' lang='lat' dir='ltr'>nique</span> <span class='ocrx_word' id='word_1_494' title='bbox 418 2377 532 2407; x_wconf 87' lang='lat' dir='ltr'>talium</span> <span class='ocrx_word' id='word_1_495' title='bbox 550 2380 584 2409; x_wconf 91' lang='lat' dir='ltr'>in</span> <span class='ocrx_word' id='word_1_496' title='bbox 602 2382 812 2419; x_wconf 86' lang='lat' dir='ltr'>subsequenti</span> <span class='ocrx_word' id='word_1_497' title='bbox 827 2383 1006 2421; x_wconf 88' lang='lat' dir='ltr'>compesci-</span> 
     </span>
     <span class='ocr_line' id='line_1_74' title="bbox 305 2420 1006 2464; baseline 0.014 -15"><span class='ocrx_word' id='word_1_498' title='bbox 305 2420 358 2450; x_wconf 87' lang='lat' dir='ltr'>tur</span> <span class='ocrx_word' id='word_1_499' title='bbox 369 2421 572 2461; x_wconf 84' lang='lat' dir='ltr'>inquietudo.</span> <span class='ocrx_word' id='word_1_500' title='bbox 588 2426 644 2455; x_wconf 95' lang='lat' dir='ltr'>ubi</span> <span class='ocrx_word' id='word_1_501' title='bbox 660 2427 718 2456; x_wconf 90' lang='lat' dir='ltr'>sub</span> <span class='ocrx_word' id='word_1_502' title='bbox 733 2428 823 2464; x_wconf 74' lang='lat' dir='ltr'>gravi</span> <span class='ocrx_word' id='word_1_503' title='bbox 842 2429 1006 2459; x_wconf 87' lang='lat' dir='ltr'>contesta—</span> 
     </span>
     <span class='ocr_line' id='line_1_75' title="bbox 305 2466 1004 2513; baseline 0.013 -18"><span class='ocrx_word' id='word_1_504' title='bbox 305 2466 393 2497; x_wconf 85' lang='lat' dir='ltr'>tione</span> <span class='ocrx_word' id='word_1_505' title='bbox 420 2469 636 2507; x_wconf 85' lang='lat' dir='ltr'>prohibentur</span> <span class='ocrx_word' id='word_1_506' title='bbox 657 2473 811 2502; x_wconf 87' lang='lat' dir='ltr'>suscitare</span> <span class='ocrx_word' id='word_1_507' title='bbox 840 2474 1004 2513; x_wconf 88' lang='lat' dir='ltr'>dilectam,</span> 
     </span>
     <span class='ocr_line' id='line_1_76' title="bbox 305 2516 1006 2556; baseline 0.01 -13"><span class='ocrx_word' id='word_1_508' title='bbox 305 2521 472 2554; x_wconf 86' lang='lat' dir='ltr'>quousque</span> <span class='ocrx_word' id='word_1_509' title='bbox 497 2516 568 2554; x_wconf 89' lang='lat' dir='ltr'>ipsa</span> <span class='ocrx_word' id='word_1_510' title='bbox 595 2517 694 2547; x_wconf 73' lang='lat' dir='ltr'>velit?</span> <span class='ocrx_word' id='word_1_511' title='bbox 715 2518 772 2548; x_wconf 77' lang='lat' dir='ltr'>11ae</span> <span class='ocrx_word' id='word_1_512' title='bbox 796 2519 907 2556; x_wconf 90' lang='lat' dir='ltr'>itaque</span> <span class='ocrx_word' id='word_1_513' title='bbox 927 2528 1006 2549; x_wconf 88' lang='lat' dir='ltr'>sen-</span> 
     </span>
     <span class='ocr_line' id='line_1_77' title="bbox 306 2559 1004 2601; baseline 0.006 -11"><span class='ocrx_word' id='word_1_514' title='bbox 306 2559 426 2591; x_wconf 82' lang='lat' dir='ltr'>tientes</span> <span class='ocrx_word' id='word_1_515' title='bbox 437 2562 555 2593; x_wconf 86' lang='lat' dir='ltr'>osculis</span> <span class='ocrx_word' id='word_1_516' title='bbox 569 2562 697 2592; x_wconf 87' lang='lat' dir='ltr'>inhiare</span> <span class='ocrx_word' id='word_1_517' title='bbox 711 2571 861 2601; x_wconf 87' lang='lat' dir='ltr'>sponsam</span> <span class='ocrx_word' id='word_1_518' title='bbox 870 2585 880 2600; x_wconf 83' lang='lat'>,</span> <span class='ocrx_word' id='word_1_519' title='bbox 895 2572 1004 2595; x_wconf 88' lang='lat' dir='ltr'>secre-</span> 
     </span>
    </p>
   </div>
   <div class='ocr_carea' id='block_1_11' title="bbox 307 2608 1021 2648">
    <p class='ocr_par' dir='ltr' id='par_1_14' title="bbox 307 2608 1021 2648">
     <span class='ocr_line' id='line_1_78' title="bbox 307 2608 1021 2648; baseline 0.001 -11"><span class='ocrx_word' id='word_1_520' title='bbox 307 2608 376 2637; x_wconf 86' lang='lat' dir='ltr'>tum</span> <span class='ocrx_word' id='word_1_521' title='bbox 399 2616 542 2646; x_wconf 81' lang='lat' dir='ltr'>quaerere</span> <span class='ocrx_word' id='word_1_522' title='bbox 556 2609 638 2646; x_wconf 87' lang='lat' dir='ltr'>sibi,</span> <span class='ocrx_word' id='word_1_523' title='bbox 653 2608 791 2647; x_wconf 76' lang='lat' dir='ltr'>fugitare</span> <span class='ocrx_word' id='word_1_524' title='bbox 820 2609 1021 2648; x_wconf 51' lang='lat' dir='ltr'>publicum„</span> 
     </span>
    </p>
   </div>
   <div class='ocr_carea' id='block_1_12' title="bbox 1020 1767 1741 2646">
    <p class='ocr_par' dir='ltr' id='par_1_15' title="bbox 1020 1767 1741 2646">
     <span class='ocr_line' id='line_1_79' title="bbox 1022 1767 1741 1818; baseline -0.003 -7"><span class='ocrx_word' id='word_1_525' title='bbox 1022 1767 1163 1812; x_wconf 60' lang='lat' dir='ltr'>¹rursum</span> <span class='ocrx_word' id='word_1_526' title='bbox 1184 1782 1223 1812; x_wconf 89' lang='lat' dir='ltr'>de</span> <span class='ocrx_word' id='word_1_527' title='bbox 1250 1782 1338 1811; x_wconf 83' lang='lat' dir='ltr'>fonte</span> <span class='ocrx_word' id='word_1_528' title='bbox 1358 1781 1497 1811; x_wconf 87' lang='lat' dir='ltr'>materni</span> <span class='ocrx_word' id='word_1_529' title='bbox 1521 1780 1664 1818; x_wconf 89' lang='lat' dir='ltr'>pectoris</span> <span class='ocrx_word' id='word_1_530' title='bbox 1684 1788 1741 1809; x_wconf 92' lang='lat' dir='ltr'>su-.</span> 
     </span>
     <span class='ocr_line' id='line_1_80' title="bbox 1021 1800 1739 1866; baseline -0.003 -10"><span class='ocrx_word' id='word_1_531' title='bbox 1021 1800 1131 1858; x_wconf 59' lang='lat' dir='ltr'>linunt</span> <span class='ocrx_word' id='word_1_532' title='bbox 1151 1827 1237 1866; x_wconf 89' lang='lat' dir='ltr'>quod</span> <span class='ocrx_word' id='word_1_533' title='bbox 1259 1827 1436 1866; x_wconf 89' lang='lat' dir='ltr'>propinent</span> <span class='ocrx_word' id='word_1_534' title='bbox 1454 1825 1655 1864; x_wconf 77' lang='lat' dir='ltr'>sugentibus.</span> <span class='ocrx_word' id='word_1_535' title='bbox 1670 1826 1739 1855; x_wconf 86' lang='lat' dir='ltr'>Me-</span> 
     </span>
     <span class='ocr_line' id='line_1_81' title="bbox 1020 1872 1737 1940; baseline -0.003 -36"><span class='ocrx_word' id='word_1_536' title='bbox 1020 1872 1099 1940; x_wconf 41' lang='lat' dir='ltr'>)rito</span> <span class='ocrx_word' id='word_1_537' title='bbox 1118 1874 1253 1913; x_wconf 91' lang='lat' dir='ltr'>proinde</span> <span class='ocrx_word' id='word_1_538' title='bbox 1278 1874 1413 1904; x_wconf 90' lang='lat' dir='ltr'>meliora</span> <span class='ocrx_word' id='word_1_539' title='bbox 1431 1873 1538 1903; x_wconf 91' lang='lat' dir='ltr'>carnis</span> <span class='ocrx_word' id='word_1_540' title='bbox 1550 1893 1559 1910; x_wconf 86' lang='lat'><strong>‚</strong></span> <span class='ocrx_word' id='word_1_541' title='bbox 1585 1873 1737 1902; x_wconf 74' lang='lat' dir='ltr'>saeculive</span> 
     </span>
     <span class='ocr_line' id='line_1_82' title="bbox 1037 1920 1737 1957; baseline -0.001 -7"><span class='ocrx_word' id='word_1_542' title='bbox 1037 1929 1144 1950; x_wconf 89' lang='lat' dir='ltr'>amore</span> <span class='ocrx_word' id='word_1_543' title='bbox 1167 1920 1356 1950; x_wconf 88' lang='lat' dir='ltr'>asseruntur</span> <span class='ocrx_word' id='word_1_544' title='bbox 1375 1920 1477 1949; x_wconf 88' lang='lat' dir='ltr'>ubera</span> <span class='ocrx_word' id='word_1_545' title='bbox 1498 1927 1644 1957; x_wconf 83' lang='lat' dir='ltr'>sponsae,</span> <span class='ocrx_word' id='word_1_546' title='bbox 1666 1926 1737 1957; x_wconf 83' lang='lat' dir='ltr'>quae</span> 
     </span>
     <span class='ocr_line' id='line_1_83' title="bbox 1021 1944 1736 2005; baseline -0.004 -8"><span class='ocrx_word' id='word_1_547' title='bbox 1021 1944 1024 1998; x_wconf 50' lang='grc'>1</span> <span class='ocrx_word' id='word_1_548' title='bbox 1037 1967 1125 1996; x_wconf 88' lang='grc'>1111110</span> <span class='ocrx_word' id='word_1_549' title='bbox 1139 1974 1293 2005; x_wconf 88' lang='lat' dir='ltr'>umquam</span> <span class='ocrx_word' id='word_1_550' title='bbox 1308 1965 1500 1995; x_wconf 83' lang='lat' dir='ltr'>lactentium</span> <span class='ocrx_word' id='word_1_551' title='bbox 1513 1972 1650 1994; x_wconf 88' lang='lat' dir='ltr'>numero</span> <span class='ocrx_word' id='word_1_552' title='bbox 1665 1972 1736 1994; x_wconf 89' lang='lat' dir='ltr'>are-</span> 
     </span>
     <span class='ocr_line' id='line_1_84' title="bbox 1020 2006 1736 2059; baseline -0.004 -18"><span class='ocrx_word' id='word_1_553' title='bbox 1020 2006 1025 2059; x_wconf 69' lang='grc' dir='ltr'>Ι</span> <span class='ocrx_word' id='word_1_554' title='bbox 1038 2014 1118 2043; x_wconf 83' lang='lat' dir='ltr'>liunt</span> <span class='ocrx_word' id='word_1_555' title='bbox 1130 2035 1139 2051; x_wconf 87' lang='lat'>,</span> <span class='ocrx_word' id='word_1_556' title='bbox 1156 2012 1212 2042; x_wconf 90' lang='lat' dir='ltr'>sed</span> <span class='ocrx_word' id='word_1_557' title='bbox 1227 2020 1355 2049; x_wconf 88' lang='lat' dir='ltr'>semper</span> <span class='ocrx_word' id='word_1_558' title='bbox 1367 2010 1532 2040; x_wconf 84' lang='lat' dir='ltr'>abundant</span> <span class='ocrx_word' id='word_1_559' title='bbox 1547 2009 1586 2039; x_wconf 89' lang='lat' dir='ltr'>de</span> <span class='ocrx_word' id='word_1_560' title='bbox 1602 2009 1736 2039; x_wconf 90' lang='lat' dir='ltr'>visceri-</span> 
     </span>
     <span class='ocr_line' id='line_1_85' title="bbox 1021 2054 1736 2094; baseline 0 -9"><span class='ocrx_word' id='word_1_561' title='bbox 1021 2062 1025 2085; x_wconf 73' lang='grc'>1</span> <span class='ocrx_word' id='word_1_562' title='bbox 1037 2059 1095 2088; x_wconf 89' lang='lat' dir='ltr'>bus</span> <span class='ocrx_word' id='word_1_563' title='bbox 1111 2057 1253 2087; x_wconf 85' lang='lat' dir='ltr'>caritatis</span> <span class='ocrx_word' id='word_1_564' title='bbox 1262 2079 1270 2094; x_wconf 81' lang='lat'>,</span> <span class='ocrx_word' id='word_1_565' title='bbox 1283 2059 1319 2087; x_wconf 90' lang='lat' dir='ltr'>ut</span> <span class='ocrx_word' id='word_1_566' title='bbox 1334 2057 1452 2086; x_wconf 91' lang='lat' dir='ltr'>iterum</span> <span class='ocrx_word' id='word_1_567' title='bbox 1461 2056 1576 2085; x_wconf 88' lang='lat' dir='ltr'>fluant.</span> <span class='ocrx_word' id='word_1_568' title='bbox 1589 2054 1736 2085; x_wconf 84' lang='lat' dir='ltr'>Flumina</span> 
     </span>
     <span class='ocr_line' id='line_1_86' title="bbox 1037 2100 1736 2142; baseline -0.004 -9"><span class='ocrx_word' id='word_1_569' title='bbox 1037 2103 1198 2142; x_wconf 82' lang='lat' dir='ltr'>siquidem</span> <span class='ocrx_word' id='word_1_570' title='bbox 1220 2103 1324 2132; x_wconf 87' lang='lat' dir='ltr'>fluunt</span> <span class='ocrx_word' id='word_1_571' title='bbox 1340 2102 1379 2132; x_wconf 90' lang='lat' dir='ltr'>de</span> <span class='ocrx_word' id='word_1_572' title='bbox 1395 2102 1511 2131; x_wconf 63' lang='lat' dir='ltr'>ventre</span> <span class='ocrx_word' id='word_1_573' title='bbox 1533 2100 1621 2138; x_wconf 85' lang='lat' dir='ltr'>ejus,</span> <span class='ocrx_word' id='word_1_574' title='bbox 1637 2100 1736 2138; x_wconf 87' lang='lat' dir='ltr'>fitque</span> 
     </span>
     <span class='ocr_line' id='line_1_87' title="bbox 1038 2146 1736 2186; baseline -0.006 -7"><span class='ocrx_word' id='word_1_575' title='bbox 1038 2150 1069 2179; x_wconf 90' lang='lat' dir='ltr'>in</span> <span class='ocrx_word' id='word_1_576' title='bbox 1087 2158 1124 2179; x_wconf 91' lang='lat' dir='ltr'>ea</span> <span class='ocrx_word' id='word_1_577' title='bbox 1140 2149 1210 2179; x_wconf 77' lang='lat' dir='ltr'>fons</span> <span class='ocrx_word' id='word_1_578' title='bbox 1225 2157 1315 2186; x_wconf 86' lang='lat' dir='ltr'>aquae</span> <span class='ocrx_word' id='word_1_579' title='bbox 1329 2147 1412 2178; x_wconf 65' lang='lat' dir='ltr'>vivae</span> <span class='ocrx_word' id='word_1_580' title='bbox 1426 2147 1572 2177; x_wconf 84' lang='lat' dir='ltr'>salientis</span> <span class='ocrx_word' id='word_1_581' title='bbox 1587 2146 1620 2175; x_wconf 90' lang='lat' dir='ltr'>in</span> <span class='ocrx_word' id='word_1_582' title='bbox 1635 2146 1736 2176; x_wconf 85' lang='lat' dir='ltr'>vitam</span> 
     </span>
     <span class='ocr_line' id='line_1_88' title="bbox 1037 2192 1737 2227; baseline -0.009 0"><span class='ocrx_word' id='word_1_583' title='bbox 1037 2199 1203 2227; x_wconf 66' lang='lat' dir='ltr'>(eternam.</span> <span class='ocrx_word' id='word_1_584' title='bbox 1225 2195 1414 2225; x_wconf 85' lang='lat' dir='ltr'>Cumulatur</span> <span class='ocrx_word' id='word_1_585' title='bbox 1435 2193 1556 2223; x_wconf 91' lang='lat' dir='ltr'>deinde</span> <span class='ocrx_word' id='word_1_586' title='bbox 1572 2193 1642 2221; x_wconf 87' lang='lat' dir='ltr'>laus</span> <span class='ocrx_word' id='word_1_587' title='bbox 1656 2192 1737 2222; x_wconf 90' lang='lat' dir='ltr'>ube-</span> 
     </span>
     <span class='ocr_line' id='line_1_89' title="bbox 1037 2237 1736 2279; baseline -0.007 -7"><span class='ocrx_word' id='word_1_588' title='bbox 1037 2251 1109 2272; x_wconf 90' lang='lat' dir='ltr'>rum</span> <span class='ocrx_word' id='word_1_589' title='bbox 1121 2241 1294 2279; x_wconf 80' lang='lat' dir='ltr'>fragrantia</span> <span class='ocrx_word' id='word_1_590' title='bbox 1306 2241 1545 2278; x_wconf 81' lang='lat' dir='ltr'>unguentorum</span> <span class='ocrx_word' id='word_1_591' title='bbox 1554 2260 1563 2276; x_wconf 87' lang='lat'>,</span> <span class='ocrx_word' id='word_1_592' title='bbox 1575 2237 1660 2275; x_wconf 89' lang='lat' dir='ltr'>quod</span> <span class='ocrx_word' id='word_1_593' title='bbox 1671 2246 1736 2268; x_wconf 88' lang='lat' dir='ltr'>non</span> 
     </span>
     <span class='ocr_line' id='line_1_90' title="bbox 1038 2283 1737 2324; baseline -0.006 -6"><span class='ocrx_word' id='word_1_594' title='bbox 1038 2289 1140 2319; x_wconf 82' lang='lat' dir='ltr'>solum</span> <span class='ocrx_word' id='word_1_595' title='bbox 1155 2287 1328 2317; x_wconf 83' lang='lat' dir='ltr'>verborum</span> <span class='ocrx_word' id='word_1_596' title='bbox 1343 2293 1457 2324; x_wconf 87' lang='lat' dir='ltr'>sapore</span> <span class='ocrx_word' id='word_1_597' title='bbox 1472 2283 1620 2323; x_wconf 87' lang='lat' dir='ltr'>pascant,</span> <span class='ocrx_word' id='word_1_598' title='bbox 1636 2284 1693 2314; x_wconf 90' lang='lat' dir='ltr'>sed</span> <span class='ocrx_word' id='word_1_599' title='bbox 1704 2283 1737 2314; x_wconf 86' lang='lat' dir='ltr'>et</span> 
     </span>
     <span class='ocr_line' id='line_1_91' title="bbox 1039 2330 1735 2372; baseline -0.007 -7"><span class='ocrx_word' id='word_1_600' title='bbox 1039 2335 1193 2365; x_wconf 85' lang='lat' dir='ltr'>factorum</span> <span class='ocrx_word' id='word_1_601' title='bbox 1209 2333 1364 2372; x_wconf 88' lang='lat' dir='ltr'>opinione</span> <span class='ocrx_word' id='word_1_602' title='bbox 1383 2331 1563 2361; x_wconf 87' lang='lat' dir='ltr'>redoleant.</span> <span class='ocrx_word' id='word_1_603' title='bbox 1579 2330 1650 2359; x_wconf 89' lang='lat' dir='ltr'>Jam</span> <span class='ocrx_word' id='word_1_604' title='bbox 1664 2337 1735 2368; x_wconf 77' lang='lat' dir='ltr'>quae</span> 
     </span>
     <span class='ocr_line' id='line_1_92' title="bbox 1037 2376 1734 2417; baseline -0.009 -7"><span class='ocrx_word' id='word_1_605' title='bbox 1037 2381 1102 2411; x_wconf 87' lang='lat' dir='ltr'>sint</span> <span class='ocrx_word' id='word_1_606' title='bbox 1115 2380 1218 2410; x_wconf 86' lang='lat' dir='ltr'>ubera</span> <span class='ocrx_word' id='word_1_607' title='bbox 1228 2402 1237 2417; x_wconf 88' lang='lat'>,</span> <span class='ocrx_word' id='word_1_608' title='bbox 1250 2387 1312 2417; x_wconf 92' lang='lat' dir='ltr'>quo</span> <span class='ocrx_word' id='word_1_609' title='bbox 1329 2378 1455 2408; x_wconf 84' lang='lat' dir='ltr'>tumida</span> <span class='ocrx_word' id='word_1_610' title='bbox 1468 2377 1570 2414; x_wconf 90' lang='lat' dir='ltr'>lacte,</span> <span class='ocrx_word' id='word_1_611' title='bbox 1585 2376 1734 2414; x_wconf 87' lang='lat' dir='ltr'>qualibus</span> 
     </span>
     <span class='ocr_line' id='line_1_93' title="bbox 1038 2419 1734 2462; baseline -0.009 -6"><span class='ocrx_word' id='word_1_612' title='bbox 1038 2426 1183 2457; x_wconf 89' lang='lat' dir='ltr'>delibuta</span> <span class='ocrx_word' id='word_1_613' title='bbox 1204 2424 1379 2462; x_wconf 79' lang='lat' dir='ltr'>unguentis</span> <span class='ocrx_word' id='word_1_614' title='bbox 1392 2445 1402 2461; x_wconf 90' lang='lat'>,</span> <span class='ocrx_word' id='word_1_615' title='bbox 1417 2423 1477 2453; x_wconf 90' lang='lat' dir='ltr'>sub</span> <span class='ocrx_word' id='word_1_616' title='bbox 1491 2422 1555 2452; x_wconf 81' lang='lat' dir='ltr'>alio</span> <span class='ocrx_word' id='word_1_617' title='bbox 1577 2419 1734 2451; x_wconf 91' lang='lat' dir='ltr'>sermonis</span> 
     </span>
     <span class='ocr_line' id='line_1_94' title="bbox 1038 2465 1734 2511; baseline -0.01 -9"><span class='ocrx_word' id='word_1_618' title='bbox 1038 2470 1198 2511; x_wconf 89' lang='lat' dir='ltr'>principio</span> <span class='ocrx_word' id='word_1_619' title='bbox 1213 2471 1337 2500; x_wconf 87' lang='lat' dir='ltr'>Christo</span> <span class='ocrx_word' id='word_1_620' title='bbox 1352 2469 1526 2507; x_wconf 87' lang='lat' dir='ltr'>adjuvante</span> <span class='ocrx_word' id='word_1_621' title='bbox 1540 2465 1734 2498; x_wconf 82' lang='lat' dir='ltr'>monstrabi-</span> 
     </span>
     <span class='ocr_line' id='line_1_95' title="bbox 1039 2511 1733 2556; baseline -0.01 -8"><span class='ocrx_word' id='word_1_622' title='bbox 1039 2527 1109 2548; x_wconf 89' lang='lat' dir='ltr'>mus</span> <span class='ocrx_word' id='word_1_623' title='bbox 1125 2527 1133 2548; x_wconf 72' lang='grc' dir='ltr'><strong><em>ε</em></strong></span> <span class='ocrx_word' id='word_1_624' title='bbox 1149 2517 1206 2556; x_wconf 91' lang='lat' dir='ltr'>qui</span> <span class='ocrx_word' id='word_1_625' title='bbox 1228 2525 1302 2547; x_wconf 89' lang='lat' dir='ltr'>cum</span> <span class='ocrx_word' id='word_1_626' title='bbox 1320 2517 1414 2546; x_wconf 84' lang='lat' dir='ltr'>Patre</span> <span class='ocrx_word' id='word_1_627' title='bbox 1435 2515 1468 2545; x_wconf 92' lang='lat' dir='ltr'>et</span> <span class='ocrx_word' id='word_1_628' title='bbox 1481 2514 1605 2553; x_wconf 89' lang='lat' dir='ltr'>Spiritu</span> <span class='ocrx_word' id='word_1_629' title='bbox 1625 2511 1733 2543; x_wconf 86' lang='lat' dir='ltr'>sancto</span> 
     </span>
     <span class='ocr_line' id='line_1_96' title="bbox 1038 2557 1736 2601; baseline -0.006 -8"><span class='ocrx_word' id='word_1_630' title='bbox 1038 2564 1120 2593; x_wconf 90' lang='lat' dir='ltr'>vivit</span> <span class='ocrx_word' id='word_1_631' title='bbox 1135 2564 1170 2594; x_wconf 83' lang='lat' dir='ltr'>et</span> <span class='ocrx_word' id='word_1_632' title='bbox 1189 2563 1302 2601; x_wconf 78' lang='lat' dir='ltr'>regnat</span> <span class='ocrx_word' id='word_1_633' title='bbox 1315 2563 1403 2592; x_wconf 88' lang='lat' dir='ltr'>Deus</span> <span class='ocrx_word' id='word_1_634' title='bbox 1417 2569 1477 2599; x_wconf 90' lang='lat' dir='ltr'>per</span> <span class='ocrx_word' id='word_1_635' title='bbox 1490 2559 1598 2590; x_wconf 90' lang='lat' dir='ltr'>omnia</span> <span class='ocrx_word' id='word_1_636' title='bbox 1615 2557 1736 2590; x_wconf 70' lang='lat' dir='ltr'>saecula</span> 
     </span>
     <span class='ocr_line' id='line_1_97' title="bbox 1038 2611 1369 2646; baseline -0.006 -7"><span class='ocrx_word' id='word_1_637' title='bbox 1038 2611 1246 2646; x_wconf 65' lang='lat' dir='ltr'>saeculorum,</span> <span class='ocrx_word' id='word_1_638' title='bbox 1264 2615 1369 2637; x_wconf 89' lang='lat' dir='ltr'>amen.</span> 
     </span>
    </p>
   </div>
  </div>
 </body>
</html>
