1810 3073
515 227 559 254 ΙΝ
585 224 784 254 CANTICA

133 283 163 315 9.
184 282 248 314 Nec
263 280 422 313 currimus
437 280 607 319 aequaliter
621 288 732 310 onmes
754 279 787 308 in

92 327 188 358 odore
209 326 351 358 omnium
372 327 610 364 unguentorum
634 333 642 355 z
664 327 721 356 sed
739 325 789 356 vi-

90 374 167 403 deas
182 374 260 404 alios
275 372 502 404 vehementius
523 372 639 401 studiis
655 372 788 409 flagrare

89 418 275 456 sapientiae,
290 419 370 449 alios
385 419 485 456 magis
507 418 547 448 ad
562 417 788 456 poenitentiam

89 471 145 501 spe
160 463 372 502 indulgentiae
387 463 541 500 animari,
557 463 637 492 alios
651 463 789 500 amplius

90 508 129 538 ad
141 508 299 539 virtutum
313 509 509 540 exercitium
521 509 595 539 vitae
610 508 644 538 et
655 516 790 539 conver-

88 553 220 584 sationis
241 554 312 592 ejus
336 554 503 593 provocari
526 554 695 591 exemplo,
711 553 790 582 alios

86 598 126 628 ad
141 599 297 637 pietatem
312 600 470 638 passionis
481 599 637 629 memoria
652 600 725 637 plus
736 607 790 629 ac-

86 645 193 675 cendi.
216 647 368 677 Putamus
392 654 448 676 nos
473 646 513 675 de
538 645 673 683 singulis
696 653 788 683 posse

84 691 231 727 reperire
247 691 418 730 exempla?
439 691 617 721 Currebant
637 691 672 720 in
691 691 788 720 odore

84 735 269 774 sapientiae,
295 737 352 775 qui
376 736 464 766 missi
490 736 619 766 fuerant
638 744 655 766 a
677 736 788 766 Phari-

83 781 173 818 saeis,
189 790 260 811 cum
276 782 399 812 reversi
421 782 569 812 dicerent
585 790 593 811 ε
608 783 787 820 Numquam

83 825 173 856 homo
186 828 229 857 sic
251 828 366 858 locutus
379 829 438 866 est,·
455 827 568 865 utique
590 827 787 858 admirantes

83 870 280 911 doctrinam,
307 874 340 903 et
364 874 555 904 confitentes
579 874 784 912 sapientiam.

83 916 237 947 Currebat
251 917 284 947 in
299 918 360 948 hoc
381 918 451 956 ipso
466 918 563 948 odore
587 919 717 949 sanctus
732 919 787 948 Ni-

83 961 251 1001 codemus,
267 963 322 1002 qui
344 965 425 994 venit
440 965 480 994 ad
499 966 603 994 Jesum
624 966 727 1001 nocte,
752 965 785 994 in

82 1008 252 1045 splendore
277 1010 379 1039 multo
404 1009 596 1048 sapientire:
619 1009 659 1039 de
674 1010 785 1040 multIS

81 1054 203 1092 quippe
225 1055 403 1085 instructus
426 1055 622 1094 edoctusque
638 1057 782 1086 recessit.

81 1099 202 1130 Verum
219 1102 253 1131 in
278 1101 374 1131 odore
395 1101 532 1139 Justitiae
557 1101 701 1132 cucurrit
723 1105 785 1133 Ma-

80 1146 127 1174 ria
142 1147 346 1184 Magdalena,
363 1147 416 1177 cui
432 1148 556 1177 dimissa
577 1149 648 1178 sunt
660 1151 784 1186 peccata

80 1193 195 1229 multa,
220 1195 368 1231 quoniam
400 1194 507 1223 dilexit
530 1194 672 1223 multum.
695 1194 783 1224 Justa

79 1237 222 1274 profecto
238 1239 271 1268 et
293 1238 421 1275 sancta,
438 1238 471 1267 et
495 1246 558 1267 non
580 1238 647 1275 jam
671 1247 782 1276 pecca-

79 1283 162 1321 trix,
178 1283 450 1321 quemadmodum
474 1284 652 1314 Pharisaeus
668 1293 784 1322 expro-

80 1327 210 1366 brabat,
232 1329 381 1360 nesciens
402 1329 563 1366 justitiam
584 1338 642 1360 seu
665 1332 783 1361 sancti-

78 1375 179 1404 tatem
194 1375 254 1404 Dei
271 1384 339 1405 esse
354 1384 490 1413 munus,
506 1384 569 1405 non
585 1384 665 1414 opus
680 1377 782 1407 homi-

79 1419 148 1456 nis3
166 1421 199 1450 et
223 1420 299 1459 quia
321 1429 386 1450 non
411 1421 504 1451 niodo
528 1421 651 1459 justus,
668 1422 724 1451 sed
750 1423 780 1452 et

78 1463 212 1502 beatus,
239 1466 291 1496 cui
323 1474 387 1496 non
418 1465 594 1504 imputabit
626 1467 781 1497 Dominus

77 1511 258 1548 peccatum.
283 1512 331 1541 An
356 1511 474 1542 oblitus
509 1513 595 1551 erat,
626 1514 782 1550 quomodo

79 1556 129 1585 vel
154 1565 245 1587 suam
262 1557 381 1596 ipsius,
408 1559 460 1588 vel
483 1559 617 1589 alterius
633 1568 781 1598 corpora—

78 1601 142 1631 lem
158 1602 316 1640 tangendo
329 1604 454 1642 lepram
470 1604 615 1642 fugarat,
628 1614 693 1635 non
709 1615 781 1635 con-

77 1648 242 1679 traxerat?
256 1650 307 1679 Sic
323 1651 427 1680 tactus
448 1659 466 1680 a
481 1651 662 1689 peccatrice
676 1651 781 1688 justus

74 1694 235 1730 justitiam
267 1696 430 1734 impertit,
467 1705 533 1726 non
561 1697 688 1735 perdit3
721 1706 780 1728 nec

77 1739 170 1768 sorde
182 1741 307 1778 peccati
317 1763 326 1778 ,
339 1749 402 1778 qua
415 1741 504 1770 illam
517 1742 668 1780 mundat,
681 1751 714 1772 se
731 1744 781 1773 in-

76 1785 202 1823 quinat.
236 1787 384 1816 CucurrIt
417 1787 451 1817 et
484 1788 699 1827 Publicanus,
725 1790 779 1828 qui

77 1840 150 1861 cum
168 1833 430 1870 propitiationem
444 1833 586 1871 peccatis
597 1834 663 1864 suis
676 1835 781 1865 humi-

76 1877 153 1907 liter
175 1878 381 1916 imploraret,
406 1881 557 1910 descendit
573 1881 779 1919 justificatus,

74 1924 158 1953 teste
173 1924 242 1962 ipsa
256 1925 397 1954 Justitia.
413 1926 562 1955 Cucurrit
576 1927 706 1964 Petrus,
723 1928 778 1965 qui

75 1969 183 2006 lapsus
207 1971 286 2007 flevit
315 1980 440 2008 amare,
465 1972 625 2010 quatenus
651 1973 778 2011 culpam

74 2015 234 2054 dilueret,
246 2019 457 2055 recuperaret
473 2018 646 2055 justitiam.
660 2020 779 2050 Cucur-

73 2061 119 2091 rit
142 2062 263 2100 David,
296 2063 352 2101 qui
386 2064 514 2093 reatum
539 2072 716 2102 agnoscens
746 2068 779 2096 et

74 2107 248 2146 confitens,
264 2108 376 2138 audire
399 2109 543 2139 meruit:
567 2111 609 2140 Et
626 2112 779 2143 Dominus

73 2153 230 2183 transtulit
244 2163 265 2183 a
287 2156 313 2184 te
330 2156 488 2192 peccalum
511 2157 609 2185 luam.
632 2157 728 2187 Porro
744 2157 777 2187 in

72 2198 334 2230 sanctificationis
349 2200 445 2230 odore
466 2201 583 2231 Paulus
599 2210 728 2232 currere
744 2211 777 2232 se

73 2242 228 2282 testatur,
256 2253 329 2275 cum
358 2245 477 2276 Christi
512 2254 546 2276 se
579 2247 777 2278 imitatorem

72 2296 143 2317 esse
169 2289 343 2327 gloriatur,
370 2290 482 2320 dicens
506 2291 546 2320 ad
570 2291 745 2330 discipulos
767 2302 775 2322 :

73 2334 176 2364 Estote
188 2336 356 2366 imitatores
369 2337 529 2372 mei28icut
543 2338 571 2366 et
585 2346 638 2376 eqo
651 2338 775 2369 Christi.

73 2379 291 2410 Cucurrerunt
302 2381 335 2410 et
346 2389 456 2411 omnes
467 2382 524 2420 qui
535 2381 684 2413 aiebant:
698 2385 776 2415 Ecce

72 2433 128 2455 ‘nos
138 2426 316 2464 reliquimus
330 2428 452 2464 omnia,
468 2429 496 2457 el
510 2429 606 2458 secuta·
617 2437 723 2460 sumus
737 2432 774 2460 le.

75 2470 242 2501 Desiderio
276 2471 398 2510 quippe
424 2473 581 2510 sequendi
615 2473 775 2505 Christum

73 2516 275 2554 reliquerant
301 2517 421 2547 onmia.
438 2518 591 2549 Hortatur
615 2521 776 2557 generali-

74 2562 125 2591 ter
146 2562 314 2593 universos
329 2563 369 2593 ad
384 2563 534 2594 eumdem
559 2564 689 2594 odorem
713 2565 773 2597 ista

75 2608 235 2638 sententia
248 2617 256 2637 :
271 2609 330 2648 Qui
339 2618 369 2640 se
380 2610 451 2639 dicit
462 2611 494 2639 in
506 2609 626 2641 Christo
637 2619 773 2649 manere,

76 2653 157 2685 (lebet
170 2655 245 2686 sicut
260 2655 307 2686 ille
329 2655 515 2694 (ιιηῦιιὶαφῐὶ,
535 2657 562 2687 et
586 2657 647 2696 ipse
664 2657 775 2689 ambu-

820 224 967 253 SERMO
993 226 1105 255 XXII.
1463 231 1522 263 217

821 278 896 309 lare.
912 279 982 309 Jain
997 280 1054 318 qui
1069 280 1102 310 in
1118 280 1214 311 odore
1231 285 1433 315 cucurrerint
1448 295 1521 324 pas-

821 323 919 355 sionis
928 346 937 362 ,
949 325 975 355 si
986 326 1099 355 audire
1112 326 1159 356 vis
1170 349 1178 364 ,
1192 327 1358 357 universos
1369 331 1524 368 Martyres

821 371 943 409 accipe.
960 373 1005 400 En
1026 373 1164 410 quatuor
1178 374 1343 411 unguenta
1365 376 1522 412 assignata

822 416 964 455 habetis,
981 418 1123 455 primum
1138 418 1330 455 Sapientiae,
1345 420 1521 449 secundum

820 461 957 492 sustitiae
966 464 1121 501 ,tertium
1131 463 1398 494 Sanctificationis
1407 487 1416 502 ,
1428 474 1524 503 quar—

822 506 889 536 tum
925 509 1180 547 Redemptionis.
1213 510 1335 539 Tenete
1373 510 1522 547 nomina,

821 553 981 591 percipite
1012 554 1155 584 fructum
1190 564 1198 584 :
1223 556 1257 585 et
1281 555 1523 593 compositionis

821 599 969 637 modum,
985 600 1037 629 vel
1061 608 1234 630 numerum
1253 601 1435 639 specierum
1450 601 1524 639 qui-

821 643 880 673 bus
913 645 1058 675 confecta
1090 647 1182 684 sunt,
1214 647 1315 676 nolite
1341 647 1521 684 requirere.

819 690 886 719 Non
911 690 1000 719 enim
1031 691 1127 722 facile
1158 692 1196 722 in
1231 692 1340 730 sponsi
1372 699 1523 730 unguen-

821 734 860 765 tis
894 736 963 767 haee
998 738 1115 775 praesto
1151 746 1220 768 esse
1247 737 1381 776 possunt
1406 737 1498 767 nobis
1511 759 1521 774 ,

819 783 1091 818 quemadmodum
1126 783 1160 813 in
1198 784 1419 822 superioribus
1456 783 1522 813 illis

818 834 941 864 sponsae
966 827 1110 859 fuerunt.
1127 830 1162 858 In
1178 830 1302 859 Christo
1328 837 1445 867 nempe
1468 836 1523 858 re-

818 878 887 900 rum
903 873 1071 909 plenitudo
1087 874 1135 904 est
1150 874 1220 904 sine
1234 881 1387 911 numero,
1404 873 1437 903 et
1451 873 1522 903 sine

818 916 923 946 modo.
939 918 1017 947 Nam
1034 919 1067 949 et
1080 920 1236 957 sapientiae
1252 919 1316 957 ejus
1327 927 1389 948 non
1405 920 1448 949 est
1461 927 1523 948 nu-

819 970 936 1001 merus3
950 964 982 994 et
992 966 1115 1001 justitia
1126 965 1227 1003 ipsius
1237 966 1313 996 sicut
1324 967 1439 995 montes
1450 966 1522 1001 Dei,

818 1008 900 1039 sicut
914 1010 1040 1040 montes
1054 1011 1186 1048 aeterni3
1201 1012 1233 1040 et
1244 1011 1396 1041 sanctitas
1411 1010 1522 1049 singu*

818 1054 911 1093 laris,
927 1058 960 1086 et
975 1057 1158 1095 redemptio
1174 1057 1431 1095 inexplicabilis

856 1100 906 1130 10.
933 1101 1114 1132 Dicendum
1136 1103 1169 1132 et
1193 1103 1277 1132 hoc:
1300 1102 1376 1140 quia
1401 1101 1520 1132 frustra

818 1145 913 1182 hujus
934 1149 1043 1178 saeculi
1068 1149 1232 1187 sapientes
1248 1149 1287 1178 de
1302 1148 1440 1187 quatuor
1454 1147 1522 1179 vir-

818 1192 940 1224 tutibus
954 1195 1020 1224 tam
1045 1196 1146 1225 multa
1162 1195 1424 1233 disputaverunt,
1441 1201 1521 1232 quas

817 1237 925 1268 tamen
949 1241 1198 1278 apprehendere
1214 1240 1346 1270 omnino
1362 1239 1520 1276 nequive-

815 1284 907 1322 runt,
924 1293 999 1315 cum
1013 1286 1108 1316 illum
1133 1286 1328 1323 nescierint,
1344 1285 1400 1323 qui
1417 1284 1519 1315 faetus

815 1329 864 1358 est
887 1330 980 1361 nobis
995 1339 1013 1360 a
1034 1332 1101 1361 Deo
1128 1331 1287 1370 sapientia
1312 1331 1429 1361 docens
1445 1338 1521 1368 pru—

815 1373 975 1414 dentiam,
993 1377 1026 1406 et
1049 1377 1175 1415 justitia
1192 1376 1312 1407 delicta
1329 1376 1468 1413 donans;
1487 1376 1520 1406 et

814 1421 1024 1451 sanctificatio
1036 1444 1045 1459 ,
1068 1422 1102 1451 in
1118 1422 1307 1460 exemplum
1332 1421 1520 1459 temperann

815 1465 868 1495 tiae
894 1468 1100 1498 continenter
1121 1469 1254 1506 vivens3
1281 1468 1315 1497 et
1338 1466 1519 1504 redemptio

815 1512 848 1541 in
860 1515 1047 1551 exemplum
1056 1513 1219 1553 patientiae
1230 1513 1356 1543 fortiter
1365 1513 1520 1542 moriens,

814 1558 958 1589 Forsitan
971 1560 1053 1590 dicit
1063 1560 1181 1598 aliquis
1195 1569 1202 1589 :
1216 1560 1336 1590 Caetera
1345 1559 1430 1588 bene
1444 1567 1519 1588 con-

814 1606 968 1644 veniunt,
984 1606 1041 1636 sed
1055 1606 1268 1637 sanctificatio
1283 1605 1324 1635 ad
1336 1605 1519 1642 temperan-

814 1649 891 1679 tiam
906 1651 1013 1682 minus
1029 1653 1159 1691 proprie
1174 1651 1290 1681 referri
1314 1651 1456 1681 videtur.
1472 1650 1517 1678 Ad

813 1695 898 1732 quod
912 1697 1126 1734 respondetur
1140 1697 1282 1735 primum
1292 1718 1300 1734 ,
1314 1695 1347 1725 id
1360 1704 1428 1725 esse
1442 1703 1519 1724 con-

813 1740 1003 1781 tinentiam,
1016 1743 1100 1781 quod
1115 1742 1378 1781 temperantiam.
1393 1741 1518 1770 Deinde

814 1786 968 1817 usitatum
981 1788 1014 1817 in
1027 1788 1199 1826 Scripturis
1208 1810 1216 1826 ,
1230 1786 1517 1817 sanctificationem

813 1839 870 1869 pro
886 1833 1088 1862 continentia
1103 1841 1161 1863 seu
1176 1832 1335 1862 munditia
1350 1832 1439 1870 poni.
1453 1832 1518 1860 De—

814 1878 912 1917 nique
935 1879 1014 1917 quid
1029 1879 1092 1909 illae
1109 1879 1194 1917 apud
1209 1879 1340 1916 Moysen
1364 1879 1429 1908 tam
1446 1885 1517 1907 cre-

814 1924 878 1954 brae
894 1925 1166 1954 sanctificationes
1191 1924 1280 1954 aliud
1296 1924 1405 1961 erant,
1421 1932 1516 1961 quam

812 1970 956 2008 quaedam
972 1971 1215 2009 purificationes
1239 1969 1408 1999 hominum
1434 1970 1515 1999 tem-

813 2017 996 2053 perantium
1008 2025 1041 2046 se
1055 2025 1072 2046 a
1086 2017 1157 2046 cibo
1167 2038 1176 2054 ,
1189 2025 1206 2046 a
1219 2016 1314 2054 potu,
1328 2015 1515 2051 concubitu,

812 2061 927 2100 hisque
943 2062 1125 2092 similibus?
1139 2062 1203 2092 Sed
1221 2062 1296 2092 audi
1313 2061 1417 2099 ipsum
1434 2068 1518 2099 prae-

812 2106 906 2145 cipue
922 2109 1126 2147 Apostolum,
1150 2116 1246 2146 quam
1271 2107 1432 2136 familiare
1458 2106 1517 2135 lia-

811 2153 886 2183 beat
898 2155 949 2184 vel
966 2154 1032 2192 uti,
1044 2155 1096 2184 vel
1113 2162 1269 2191 usurpare
1285 2153 1517 2183 sanctificatio-

810 2207 884 2229 nem
900 2199 934 2230 in
959 2200 1020 2230 hoc
1036 2209 1142 2231 sensu.
1159 2202 1231 2229 Haec
1251 2201 1310 2236 est,
1327 2198 1450 2237 inquit,
1464 2208 1517 2228 vo-

809 2247 912 2277 luntas
933 2248 1007 2283 Dei,
1024 2246 1225 2284 sanctificatio
1250 2247 1369 2281 vestra,
1385 2246 1419 2274 ut
1441 2246 1517 2274 sciat

809 2293 1015 2330 unusquisque
1037 2294 1173 2322 vestrum
1189 2300 1279 2322 suum
1292 2300 1346 2321 ras
1367 2291 1515 2328 possidere

809 2338 840 2367 in
854 2338 1109 2375 sanctificatione,
1123 2339 1150 2367 ct
1164 2346 1227 2367 non
1239 2338 1270 2366 ῖη
1286 2337 1426 2375 passione
1441 2337 1517 2366 desi-

809 2384 894 2413 deris.
916 2384 1014 2420 Item,
1030 2384 1102 2413 Non
1125 2385 1207 2413 enim
1226 2384 1345 2413 vocavit
1359 2391 1414 2412 nos
1431 2383 1515 2411 Deus

809 2426 840 2458 in
854 2430 1101 2465 immunditiam,
1118 2430 1167 2459 sed
1187 2430 1218 2458 ῖιι
1229 2428 1511 2464 sanctificationem.

809 2474 925 2513 Liquet
939 2474 1024 2512 quod
1046 2473 1334 2504 sanctificationem
1356 2480 1414 2510 pro
1431 2473 1513 2501 tem-

808 2520 954 2559 perantia
973 2520 1078 2559 ponit.

849 2567 898 2596 11.
910 2567 1031 2596 Educto
1044 2566 1153 2605 itaque
1171 2566 1202 2594 in
1220 2566 1324 2594 lucem
1339 2562 1421 2601 quod
1434 2562 1512 2592 suh-

807 2611 979 2642 obscurum
1001 2612 1190 2648 videbatur,
1202 2609 1299 2640 redeo
1321 2608 1360 2637 ad
1378 2607 1413 2637 id
1428 2607 1512 2636 unde

808 2658 967 2696 digressus
988 2665 1087 2688 cram.
1105 2656 1188 2694 Quid
1211 2654 1299 2686 vobis
1316 2661 1389 2684 cum
1404 2652 1511 2685 viriu-
