1846 3078
511 218 555 246 IN
580 216 779 246 CANTICA
803 214 954 242 SERMO
976 214 1151 242 Lxxxii.

123 276 192 305 tum
214 274 330 306 coloris
351 270 510 304 evulsum.
526 271 634 303 Manet
658 272 692 302 in
707 270 823 301 funda—

123 322 232 352 mento
254 328 383 360 prorsus
405 319 594 349 inconcussa
615 317 822 357 simplicitaS,

123 367 180 396 >ed
196 367 331 396 minime
355 366 489 403 apparet
504 365 696 403 duplicitate
712 363 824 402 operta

125 412 276 442 humanae
302 412 500 449 dolositatis,
516 410 749 449 simulationis,
763 409 825 447 lly-

123 457 271 494 pocrisis.

163 502 194 530 5.
219 503 320 539 Quam
337 502 514 539 incongrue
540 499 745 539 simplicitati
767 498 823 528 du-

124 547 253 583 plicitas
271 548 487 584 admiscetur,
503 555 599 585 quam
620 546 751 583 indigne
767 544 825 574 tali

122 591 332 622 fundamento
345 593 419 623 talis
429 593 588 622 structura
599 589 824 620 committitur.

125 638 315 674 HuJ'usmodi
337 639 399 668 sibi
426 638 604 669 versutiam
623 637 762 674 Serpens
779 635 827 663 in-

123 682 255 722 duerat,
269 693 340 714 cum
358 692 391 714 se
401 706 410 722 ,
422 684 458 713 ut
473 682 657 721 deciperet,
674 680 827 711 consilia-

123 728 208 758 rium
240 730 436 768 exhibebat,
468 728 642 759 simulabat
671 727 824 757 amicum.

124 774 315 811 Hujusmodi
334 784 462 814 quoque
479 774 605 805 seducti
621 774 660 803 ab
678 781 716 802 eo
730 780 826 810 para-

123 819 184 850 disi
200 821 314 852 incolae
329 822 504 852 induerant
519 820 683 858 sibi,cum
698 818 824 857 puden-

124 865 197 895 dam
209 867 277 903 jam
292 867 474 897 nuditatem
490 868 601 904 tegere
617 863 824 901 conarentur,

124 910 157 940 ct
180 912 294 942 umbra
315 912 457 942 frondosi
478 912 577 950 ligni,
606 911 640 941 et
662 909 825 940 frondium

123 956 365 995 succinctoriis,
389 958 422 987 et
448 957 559 988 verbis
598 955 823 987 excusatoriis.

123 1002 226 1038 Quam
242 1004 306 1034 late
330 1004 451 1034 extunc
474 1004 508 1033 et
527 1003 682 1041 deinceps
698 1009 824 1031 omnem

124 1048 348 1085 posteritatem
377 1049 618 1079 haereditarium
644 1047 825 1086 hypocrisis

125 1094 216 1124 virus
227 1095 343 1126 infecit
354 1096 361 1125 !
373 1096 475 1132 Quem
487 1095 579 1125 dabis
590 1095 628 1124 de
640 1094 715 1124 filiis
726 1093 824 1123 Adam

123 1139 182 1176 qui
198 1141 284 1178 quod
311 1143 378 1180 est,
394 1150 457 1171 non
480 1141 552 1171 dico
577 1140 677 1178 velit,
700 1139 756 1170 sed
771 1139 824 1168 vel

123 1184 266 1222 patiatur
281 1187 406 1217 videri?
421 1187 485 1217 Sed
501 1185 689 1225 perseverat
704 1185 824 1214 nihilo-

124 1230 232 1261 minus
244 1232 278 1261 in
291 1234 379 1263 omni
394 1234 502 1263 anima
517 1241 590 1262 cum
603 1231 753 1270 originali
768 1231 826 1260 du-

124 1275 273 1312 plicitate
297 1280 461 1317 generalis
486 1278 696 1317 simplicitas,
724 1277 762 1307 ut
785 1277 824 1307 de

125 1322 296 1354 collatione
312 1325 458 1356 confusio
474 1325 630 1363 augeatur
646 1332 654 1353 ε
672 1331 825 1362 perseve-

124 1368 175 1397 rat
199 1378 292 1408 aeque
321 1371 566 1409 immortalitas,
594 1370 652 1400 sed
680 1370 769 1399 fusca
793 1370 825 1399 et

125 1413 228 1452 tetra,
258 1415 407 1447 irruente
448 1417 622 1446 tenebrosa
661 1424 824 1453 corporeae

123 1460 237 1489 mortis
256 1462 410 1500 caligine.
427 1463 506 1492 Nam
523 1462 584 1492 etsi
599 1469 663 1492 non
679 1461 826 1500 privatur

123 1505 189 1534 11111
199 1527 208 1543 ,
216 1506 291 1537 vitae
308 1509 417 1538 tamen
428 1508 623 1538 beneficium
633 1516 690 1537 suo
699 1507 824 1545 corpori

120 1549 188 1586 jam
213 1559 277 1581 non
294 1553 416 1584 sufficit
435 1554 617 1584 vindicare.
635 1552 720 1590 Quid
739 1551 825 1590 quod

122 1603 163 1624 110
179 1604 270 1626 5113111
284 1597 417 1636 quidem
432 1598 637 1636 spiritualem
652 1597 825 1628 dumtaxat

123 1640 225 1671 vitam
247 1644 369 1673 retinet
384 1644 446 1673 sibi
459 1644 471 1673 ἓ
485 1644 601 1673 Anima
616 1651 736 1681 nempe
752 1651 824 1681 quae

122 1688 323 1726 peccaverit,
336 1689 405 1727 ipsa
417 1690 586 1719 morIetur.
596 1689 708 1718 Nonne
720 1688 824 1718 morte

123 1730 184 1760 ista
200 1732 323 1771 duplici
338 1734 543 1773 incursante,
559 1734 617 1764 illa
628 1734 825 1772 qualiscum-

123 1784 186 1813 que
200 1777 439 1818 immortalitas,
452 1789 548 1819 quam
562 1780 722 1818 retentat,
734 1780 825 1810 tene-

122 1822 217 1853 brosa
231 1825 310 1855 satis
325 1826 491 1866 redditur,
513 1826 548 1857 et
569 1826 696 1856 misella
710 1826 723 1855 ἓ
738 1826 823 1856 Adde

122 1869 209 1906 quod
224 1872 412 1908 appetentia
426 1873 629 1902 terrenorum
646 1870 739 1911 (quae
753 1872 824 1910 qui-

123 1913 197 1943 dem
214 1916 321 1946 omnia
344 1918 385 1947 ad
400 1918 571 1948 interitum
591 1917 689 1957 sunt)
712 1917 825 1947 densat

122 1959 295 2001 tenebras,
312 1963 356 1993 ita
372 1964 408 1994 ut
428 1964 464 1994 in
487 1965 596 1994 anima
617 1964 664 1994 sic
689 1964 823 1995 vivente

122 2005 169 2054 1111
192 2015 209 2036 a
225 2010 315 2046 parte
332 2010 440 2048 aliqua
454 2010 518 2041 nisi
532 2010 654 2049 pallida
669 2009 770 2041 facies
792 2013 824 2042 et

122 2058 226 2088 imago
241 2054 387 2091 quaedam
403 2056 517 2086 mortis
541 2063 696 2094 apparere
713 2064 821 2086 cerna-

122 2096 185 2146 tur.
201 2098 263 2128 Cur
281 2108 345 2129 non
361 2101 450 2131 enim
465 2110 536 2140 quae
557 2102 749 2132 immortalis
763 2103 822 2140 est,

121 2143 243 2173 similia
258 2146 319 2175 sibi
334 2146 530 2177 immortalia
541 2147 668 2186 appetit
683 2148 716 2178 et
728 2148 824 2178 aeter-

120 2195 162 2217 na
173 2211 182 2227 ,
193 2191 229 2220 ut
244 2191 329 2229 quod
344 2194 393 2223 est
405 2195 577 2232 appareat,
591 2194 624 2224 et
637 2194 722 2232 quod
737 2194 823 2225 sacta

121 2235 171 2264 est
186 2236 298 2267 vivat?
312 2238 472 2269 Caeterum
496 2239 658 2270 contraria
682 2240 768 2279 sapit
791 2243 823 2271 et

120 2281 258 2319 quaerit,
284 2284 318 2313 et
352 2285 542 2314 mortalibus
567 2293 637 2315 sese
668 2285 822 2323 degeneri

121 2329 365 2359 conversatione
387 2329 607 2367 conformans,
631 2331 823 2362 immortali-

119 2373 198 2402 tatis
213 2375 387 2405 candorem
402 2376 539 2414 quodam
555 2376 730 2407 mortiferae
746 2386 823 2408 con-

119 2420 301 2450 suetudinis
315 2422 408 2460 piceo
423 2423 529 2452 colore
546 2422 704 2461 denigrat.
721 2424 823 2461 Quid-

121 2466 157 2494 ni
190 2467 377 2498 mortalium
407 2468 573 2507 appetitus
604 2469 821 2499 immortalem

120 2511 250 2542 mortali
265 2513 405 2544 similem
416 2535 426 2551 ,
441 2513 616 2544 immortali
629 2514 820 2545 dissimilem

121 2555 239 2588 saciet?
259 2560 320 2598 Qui
343 2561 440 2598 tangit
463 2560 580 2599 picem,
599 2559 647 2590 ait
665 2559 819 2598 Sapiens,

117 2602 333 2641 inquinabitur
362 2606 403 2636 ab
427 2615 475 2636 ea.
500 2605 649 2637 Fruendo
673 2606 820 2636 mortali-

120 2647 180 2680 bus
193 2651 319 2682 mortali
336 2652 436 2683 tatem
451 2660 485 2683 se
506 2651 628 2691 induit,
644 2652 677 2684 et
691 2653 817 2685 vestem

1490 221 1549 250 1⁴23

856 269 1108 299 immortalitatis
1130 268 1291 300 incidente
1309 274 1420 304 mortis
1434 274 1551 305 simili-

856 315 970 345 tudine
985 313 1200 352 decoloravit,
1213 323 1277 344 non
1288 317 1389 347 exuit.

895 360 926 390 [1.
936 362 1034 391 Evam
1047 359 1190 397 attende,
1200 361 1356 397 quomodo
1366 363 1435 398 ejus
1446 365 1552 394 anima

858 406 1066 444 immortalis,
1083 405 1338 436 immortalitatis
1362 414 1424 436 suae
1444 410 1553 445 gloriae

858 452 968 483 fucum
1000 451 1210 483 mortahtatis
1236 450 1384 487 invexit,
1408 454 1555 483 mortalia

858 499 970 537 utique
992 497 1183 528 affectando.
1199 497 1241 527 Ut
1261 496 1341 534 quid
1362 496 1469 534 enim,
1484 506 1557 527 011111

858 544 1050 574 immortalis
1079 542 1184 580 esset,
1212 541 1363 572 mortalia
1389 549 1454 570 non
1482 550 1557 571 con-

858 589 990 627 tempsit
1018 590 1052 620 et
1080 588 1283 626 transitoria,
1319 586 1472 618 contenta
1496 587 1558 616 sibi

858 635 1021 665 similibus
1034 657 1043 673 ,
1076 634 1316 664 immortalibus
1343 633 1378 663 et
1410 632 1562 662 aeternis?

860 682 891 711 V
891 682 944 711 idit
952 703 962 718 ,
976 681 1083 719 inquit
1093 702 1102 719 ,
1115 682 1231 720 liqnum
1241 680 1320 719 quod
1334 680 1409 710 esset
1417 679 1561 718 pulcrum

858 727 969 763 oculis,
984 729 1012 756 et
1022 728 1145 764 aspectu.
1160 725 1332 755 delectabile
1343 746 1352 762 ‚
1365 733 1401 754 ac
1415 733 1506 754 suave
1522 724 1562 752 ad

858 773 1048 802 vescendum.
1065 773 1132 801 Non
1149 772 1197 801 est
1211 772 1286 807 tua,
1303 778 1321 800 o
1336 769 1475 807 mulier,
1498 768 1559 798 ista

859 818 1020 856 suavitas,
1042 817 1103 848 ista
1124 816 1322 855 delectatio,
1346 817 1471 853 istaque
1487 815 1562 853 pul-

859 864 986 893 critudo
1003 872 1011 893 :
1036 863 1069 894 et
1091 864 1117 893 si
1133 864 1188 893 tua
1203 871 1262 901 pro
1281 862 1372 900 parte
1394 861 1478 898 luti,
1496 869 1561 890 non

859 910 913 940 tua
929 911 1048 948 solius,
1069 911 1127 940 sed
1148 909 1330 940 communis
1352 908 1477 939 cunctis
1491 907 1562 937 ani-

858 957 1022 986 mantibus
1037 957 1145 987 terrae.
1155 956 1240 993 Tua,
1253 963 1325 994 quae
1337 962 1415 984 vere
1428 955 1484 984 11111
1499 953 1562 990 est,

858 1002 990 1032 aliunde
1004 1024 1014 1040 ,
1029 1002 1063 1033 et
1076 1002 1140 1031 alia
1154 1002 1222 1032 est:
1236 1009 1312 1031 nam
1324 1001 1445 1030 aeterna
1458 999 1506 1029 est
1521 998 1561 1028 de

858 1048 1054 1079 aeternitate.
1079 1048 1166 1086 Quid
1191 1047 1229 1078 tu
1254 1047 1371 1077 animae
1386 1046 1449 1076 tuae
1465 1045 1563 1074 aliam

858 1094 993 1124 formam
1005 1116 1014 1132 ,
1030 1095 1129 1124 immo
1146 1093 1386 1125 deformitatem
1402 1091 1562 1129 imprimis

858 1139 1020 1170 alienam?
1044 1141 1219 1170 Enimvero
1241 1139 1328 1178 quod
1346 1138 1488 1169 delectat
1504 1137 1562 1166 ha-

860 1186 950 1224 bere,
966 1187 1000 1217 id
1016 1187 1116 1217 etiam
1130 1186 1268 1224 perdere
1280 1184 1376 1216 timet
1393 1192 1401 1213 :
1415 1184 1449 1213 et
1464 1183 1562 1212 timor

860 1232 946 1261 color
961 1233 1020 1262 est.
1035 1233 1064 1262 Is
1078 1232 1264 1262 libertatem
1278 1230 1355 1260 dum
1370 1228 1487 1268 tingit,
1511 1228 1561 1258 te-

859 1277 923 1315 git,
942 1279 975 1308 et
989 1286 1059 1308 eam
1073 1276 1288 1308 nihilominus
1306 1275 1440 1306 sibimet
1454 1273 1562 1304 reddit

858 1324 1062 1354 dissimilem.
1079 1325 1182 1362 Quam
1207 1323 1336 1361 dignius
1359 1329 1416 1352 sua
1437 1320 1561 1358 origine

859 1371 944 1399 nihil
967 1372 1122 1409 cuperet,
1139 1370 1196 1400 ubi
1214 1369 1300 1399 nihil
1322 1368 1509 1403 metueret,
1525 1374 1561 1396 ac

858 1424 916 1453 per
932 1417 992 1446 11οο
1009 1425 1026 1446 a
1042 1417 1154 1446 servili
1168 1416 1286 1445 timore
1303 1415 1364 1445 isto
1380 1413 1561 1451 ingenitam

858 1462 920 1491 sibi
936 1462 1127 1492 defenderet
1142 1461 1328 1490 libertatem
1339 1481 1348 1497 ,
1374 1459 1561 1488 manentem

858 1507 892 1536 in
906 1508 1017 1546 vigore
1034 1508 1067 1538 et
1089 1507 1205 1537 decore
1231 1506 1305 1536 suo!
1329 1506 1402 1535 Heu
1427 1512 1490 1534 11011
1518 1504 1562 1534 ita

859 1552 923 1582 est!
934 1553 1079 1583 mutatus
1091 1551 1140 1582 est
1154 1552 1241 1581 color
1255 1549 1560 1589 optimus.Fugitas,

859 1598 891 1627 et
903 1599 1012 1628 latitas
1029 1607 1038 1628 t
1054 1597 1147 1628 audis
1159 1605 1272 1627 vocem
1284 1596 1413 1626 Domini
1432 1595 1511 1633 Dei,
1528 1597 1562 1624 et

859 1643 1028 1672 abscondis
1043 1643 1088 1672 te.
1105 1643 1168 1671 Cur
1190 1642 1269 1678 hoc,
1285 1641 1349 1670 nisi
1367 1639 1445 1678 quia
1459 1648 1557 1677 quem

857 1689 988 1718 amabas
1014 1688 1111 1717 times
1122 1709 1131 1725 ,
1158 1687 1193 1717 et
1219 1686 1383 1716 libertatis
1413 1685 1558 1724 speciem

858 1734 959 1764 forma
973 1734 1104 1764 servilis
1119 1732 1281 1763 exclusit?

897 1780 928 1809 5.
944 1779 1007 1809 Sed
1027 1780 1061 1810 et
1082 1778 1267 1809 voluntaria
1289 1778 1346 1808 illa
1361 1776 1559 1814 necessitas,

858 1825 891 1855 et
907 1825 1068 1855 contraria
1089 1825 1145 1854 lex
1169 1823 1296 1854 inflicta
1316 1823 1472 1854 membris
1497 1820 1558 1860 (de

856 1880 918 1910 qua
933 1872 1081 1910 proximo
1099 1878 1246 1902 sermone
1268 1867 1425 1909 disserui)
1451 1868 1558 1898 eidem

856 1918 989 1948 incubat
1018 1917 1182 1955 libertati,
1211 1916 1244 1947 et
1270 1916 1409 1946 liberam
1442 1916 1558 1945 natura

857 1966 1038 1995 creaturam
1053 1972 1113 2002 per
1131 1963 1294 2002 propriam
1314 1962 1416 2000 ipsius
1441 1962 1559 1992 volun-

857 2011 974 2048 tatem,
989 2010 1067 2040 dum
1082 2009 1204 2046 allicit,
1226 2008 1360 2045 subjicit
1385 2007 1557 2044 servituti,

856 2056 995 2094 implens
1017 2055 1135 2086 faciem
1156 2054 1227 2092 ejus
1240 2053 1436 2092 ignominia,
1456 2053 1500 2083 ita
1522 2055 1559 2082 ut

856 2103 909 2131 vel
925 2109 1020 2132 carne
1049 2101 1172 2132 serviat·
1191 2101 1255 2139 legi
1273 2100 1418 2139 peccati,
1439 2099 1473 2129 et
1493 2107 1558 2129 non

856 2148 979 2178 volens.
990 2148 1072 2185 Quia
1088 2155 1163 2186 ergo
1178 2149 1304 2177 naturae
1320 2145 1557 2184 ingenuitatem

855 2203 981 2224 morum
996 2194 1156 2232 probitate
1182 2193 1352 2223 defensare
1377 2192 1526 2230 neglexit
1549 2200 1556 2220 ε

853 2241 939 2278 justo
963 2240 1105 2270 auctoris
1127 2239 1251 2278 judicio
1271 2238 1394 2269 factum
1410 2239 1478 2276 est,
1493 2246 1557 2268 non

855 2286 989 2325 quidem
1002 2287 1038 2316 ut
1053 2285 1207 2316 libertate
1222 2284 1353 2324 propria
1366 2284 1554 2320 nudaretur,

855 2332 911 2362 sed
932 2333 1042 2362 tamen
1069 2331 1378 2370 superindueretur,
1407 2331 1485 2361 sicut
1508 2330 1555 2358 di-

854 2379 967 2416 ploide,
984 2378 1160 2416 confusione
1174 2387 1243 2408 sua.
1260 2377 1299 2406 Et
1310 2377 1393 2406 bene
1405 2374 1488 2405 sicut
1508 2373 1554 2403 di-

855 2423 981 2462 ploide,
996 2423 1053 2453 ubi
1069 2424 1160 2453 veste
1176 2422 1279 2453 veluti
1296 2420 1471 2458 duplicata,
1483 2426 1554 2448 ma-

855 2470 955 2500 nente
984 2469 1138 2499 libertate
1172 2469 1305 2506 propter
1331 2464 1552 2501 voluntatem,

855 2515 983 2546 servilis
996 2515 1211 2545 nihilominus
1227 2511 1427 2543 conversatio
1440 2517 1553 2540 neces-

853 2561 984 2592 sitatem
1009 2561 1136 2600 probat.
1162 2560 1226 2588 Hoc
1252 2557 1291 2587 de
1318 2555 1549 2594 simplicitate,

855 2607 914 2638 hoc
927 2608 967 2637 de
985 2604 1227 2637 immortalitate
1249 2602 1365 2633 animae
1381 2601 1549 2631 advertero

855 2654 923 2684 est:
941 2653 1028 2684 011111
1043 2651 1102 2682 tibi
1127 2650 1159 2679 in
1184 2657 1238 2686 ea,
1254 2647 1279 2677 si
1302 2648 1384 2677 bene
1402 2646 1550 2677 conside-
