1846 3078
531 232 579 260 IN
602 230 800 260 CANTICA
822 228 970 259 SERMO
994 232 1133 260 XXXV.

126 283 314 318 intellexit?
345 284 412 316 Non
440 284 520 317 dicit
543 294 552 316 ε
578 295 636 317 nos
665 285 820 316 dicamus.

123 332 246 363 Positus
261 333 295 362 in
310 332 430 362 honore
452 339 517 361 non
538 331 722 370 intellexit,
737 330 823 369 quod

122 378 221 408 limus
241 378 341 415 esset,
366 377 497 407 honoris
521 377 651 415 fastigio
680 377 823 406 delecta-

121 424 200 452 tus:
224 423 257 452 et
278 422 430 452 continuo
455 423 489 452 in
515 430 548 452 se
574 422 728 460 expertus
753 421 821 457 est,

121 468 207 506 quod
220 468 309 498 tanto
324 468 396 506 post
416 469 561 506 tempore
583 467 677 497 homo
693 466 732 496 de
747 466 822 495 filiis

122 512 319 551 captivitatis
341 514 374 543 et
393 513 571 552 prudenter
597 511 759 549 advertit,
788 511 823 541 et

120 558 280 588 veraciter
292 558 447 596 protulit,
464 559 577 588 dicens
593 565 601 587 ε
619 557 680 597 Qm‘
691 566 720 587 se
732 557 822 595 putat

118 603 236 641 aliquid
260 613 320 634 esse
344 612 414 633 cum
438 604 515 634 nihil
539 604 598 640 sic,
626 604 686 640 ipse
713 611 743 632 se
774 609 822 631 se-

118 651 210 681 ‹lucit-
233 649 288 681 Vae
313 650 430 680 misero
444 670 454 686 ,
478 648 565 687 quod
591 655 656 677 non
677 646 742 676 tuit
764 644 821 684 qui

117 695 183 732 iam
212 696 291 726 tunc
321 695 447 725 diceret
473 693 505 723 ei
534 701 542 722 :
579 693 658 731 Quid
685 691 821 729 superbis

118 742 204 771 terra
225 743 254 771 et
281 739 378 771 cinis?
407 739 490 768 Hinc
517 736 647 774 egregia
673 736 820 766 creatura

117 786 207 825 gregi
221 786 365 816 admixta
379 784 447 821 est,
463 783 542 812 hinc
558 781 687 812 bestIali
703 781 821 811 simili-

117 832 229 861 tudine
244 832 306 860 Dei
331 829 508 861 similitudo
523 827 645 857 mutata
661 827 728 864 est,
743 827 820 856 hinc

115 877 252 907 societas
267 875 503 913 cumiumentis
517 882 574 912 pro
584 872 743 903 consortio
758 872 820 902 An-

115 921 260 958 gelorum
271 921 352 950 inita
365 920 425 950 est.
433 919 531 949 Vides
542 926 638 956 quam
646 917 688 947 sit
696 917 820 955 fuglen-

115 966 155 995 da
179 966 271 996 nobis
298 966 368 995 haec
392 964 592 1003 ignorantia,
622 963 662 993 de
687 970 751 1000 qua
773 961 821 992 tot

116 1011 219 1041 millia
231 1012 390 1042 malorum
404 1010 557 1040 universo
581 1009 691 1039 nostro
707 1008 820 1047 generi

117 1056 355 1094 provenerunt?
378 1056 432 1085 Ait
457 1055 546 1085 enim
573 1055 744 1093 propterea
760 1055 819 1084 ho-

116 1103 238 1134 minem
259 1102 416 1140 jumentis
441 1100 669 1139 insipientibus
690 1108 820 1139 compa-

115 1149 238 1186 ratum,
267 1148 344 1186 quia
367 1155 433 1176 non
462 1146 639 1176 intellexit.
671 1146 819 1175 Cavenda

115 1193 250 1230 proinde
265 1191 458 1222 omnimodis
470 1191 662 1229 ignorantia,
671 1198 713 1220 ne
723 1190 818 1227 torte,

114 1239 141 1268 si
154 1239 259 1268 adhuc
284 1238 355 1267 sine
371 1236 560 1273 intellectu,
582 1236 616 1265 et
632 1237 704 1273 post
719 1244 820 1265 vexa-

115 1285 254 1321 tionem,
270 1282 397 1313 inventi
417 1281 593 1319 fuerimus,
610 1281 711 1310 multo
727 1281 817 1318 plura

115 1331 150 1360 ct
176 1329 324 1368 graviora
351 1326 515 1366 prioribus
542 1326 627 1355 mala
652 1325 819 1356 inveniant

115 1384 193 1414 nos,
212 1375 404 1412 dicaturque
425 1372 466 1402 de
488 1372 581 1402 nobis
605 1380 613 1400 ι
637 1373 819 1402 Curavimus

116 1421 322 1458 Babylonem,
348 1421 377 1449 et
403 1426 466 1448 non
488 1419 531 1448 est
553 1420 678 1448 sanata.
705 1418 818 1448 Merito

115 1467 266 1504 quidem,
283 1465 368 1504 quod
394 1471 456 1493 nec
477 1462 608 1493 vexatio
629 1462 758 1493 dederit
769 1463 819 1493 in-

115 1513 283 1542 tellectum
303 1509 442 1540 auditui.

156 1558 187 1586 7.
202 1556 242 1586 Et
265 1556 339 1587 vide
352 1563 394 1585 ne
415 1553 498 1585 forte
514 1554 613 1584 etiam
633 1553 709 1584 hinc
724 1562 818 1593 spon-

115 1610 185 1639 sus,
203 1610 278 1632 cum
302 1600 455 1631 dilectam
477 1600 516 1630 ab
532 1599 712 1637 ignorantia
729 1600 818 1630 tanto

115 1647 346 1686 increpationis
356 1646 498 1676 tonitruo
511 1645 712 1683 deterreret,
722 1654 822 1684 prop<

115 1694 206 1723 terea
234 1693 370 1723 minime
399 1691 539 1729 dixerit,
568 1691 729 1729 Egredere
745 1699 817 1720 cum

115 1739 281 1777 gregibus,
299 1738 354 1768 aut
369 1737 522 1775 egredere
535 1736 575 1766 ad
590 1744 724 1774 grege33
739 1737 796 1766 sed
808 1759 817 1774 ,

115 1785 253 1821 eqredere
261 1804 272 1820 ‚
288 1783 355 1819 ait,
372 1784 438 1821 post
454 1790 555 1820 qreqes
578 1781 729 1811 sodalium
751 1782 819 1810 tuo-

115 1838 196 1858 rum.
214 1829 254 1859 Ut
281 1828 360 1867 quid
386 1826 465 1856 hoc?
483 1834 563 1856 ‚sane
585 1827 622 1856 ut
643 1826 818 1856 secundam

116 1874 251 1911 proinde
276 1872 621 1911 ignorantiam-priore
644 1872 747 1910 magis
761 1880 818 1910 pa-

116 1921 255 1951 vendam
263 1919 510 1958 pudendamque
522 1917 725 1955 ostenderet,
735 1918 818 1956 quod

116 1967 173 1996 illa
200 1966 365 1996 hominem
389 1963 503 1994 bestiis
527 1971 640 2001 parem
668 1963 817 2003 fecisset,

116 2013 176 2042 ista
191 2012 224 2043 et
243 2011 467 2049 posteriorem.
485 2009 564 2039 Nam
584 2008 732 2039 homines
746 2013 819 2049 qui-

116 2058 190 2088 dem
205 2056 322 2087 merito
337 2055 525 2093 ignorantiae
548 2055 705 2093 ignorati,
722 2056 756 2086 id
771 2059 819 2088 est

116 2103 298 2142 reprobati,
313 2103 345 2132 et
361 2101 400 2131 ad
415 2100 620 2131 tremendum
636 2101 717 2131 illud
729 2102 818 2139 judi·

115 2148 203 2179 cium
224 2150 327 2184 stare,
343 2147 377 2177 et
402 2145 470 2184 igni
489 2146 648 2184 perpetuo
662 2146 745 2176 tradi
761 2149 818 2178 ha-

116 2195 210 2233 bent,
240 2202 307 2224 non
330 2193 440 2222 autem
462 2192 495 2222 et
509 2191 662 2229 pecudes.
678 2193 743 2222 Nec
759 2193 817 2224 du-

116 2241 206 2270 bium
227 2239 295 2270 fore
320 2237 464 2269 deterius
479 2237 530 2266 his
551 2237 608 2275 qui
630 2237 676 2267 sic
702 2240 815 2278 erunt,

117 2295 212 2326 quam
222 2286 274 2315 his
286 2285 342 2324 qui
357 2284 486 2314 omnino
500 2291 565 2312 non
588 2284 694 2313 erunt.
710 2285 817 2318 Melius

117 2335 144 2363 ei
171 2333 294 2370 fuerat,
322 2329 447 2367 inquit,
474 2330 605 2359 sinatus
630 2338 693 2358 non
713 2331 817 2367 suisset

118 2380 206 2408 homo
221 2378 281 2407 ille.
297 2375 366 2405 Non
384 2375 498 2412 utique
513 2374 646 2404 sinatus
661 2383 724 2406 non
740 2376 817 2408 fuis-

119 2425 166 2455 set
186 2422 342 2459 omnino,
370 2420 426 2450 sed
451 2420 477 2449 si
499 2419 594 2450 natus
618 2428 682 2450 non
703 2421 818 2453 fuisset

118 2470 231 2507 homo,
247 2467 304 2498 sed
318 2466 410 2497 verbi
424 2465 523 2504 gratia
537 2487 546 2503 ,
562 2466 617 2495 aut
628 2474 726 2504 pecus
737 2489 746 2505 ,
762 2469 818 2498 aut

119 2515 180 2544 alia
202 2513 363 2553 quaepiam
389 2511 535 2542 creatura
550 2519 558 2540 t
575 2520 647 2550 quae
666 2513 817 2550 quoniam

119 2560 277 2597 iudicium
302 2566 367 2588 non
395 2557 549 2595 haberet,
582 2557 623 2587 ad
659 2557 818 2594 J‘udicium

121 2615 183 2637 uon
196 2605 344 2642 veniret,
359 2611 395 2634 ac
414 2611 473 2642 per
488 2603 549 2633 hoc
563 2611 624 2632 nec
640 2603 680 2632 ad
693 2605 818 2642 suppli-

122 2653 218 2681 cium.
234 2650 321 2692 Sciat
336 2657 412 2688 ergo
427 2648 534 2680 anima
548 2647 731 2688 rationalis,
746 2658 818 2689 quae

273 2693 300 2710 1]-

857 292 893 314 se
918 279 961 315 oli
981 286 1122 324 priorem
1144 284 1356 324 ignorantiam
1377 291 1553 331 erubescit,

856 332 999 370 pecudes
1024 332 1144 362 habere
1166 331 1290 361 sodales
1305 332 1338 361 in
1354 337 1554 371 perfruendis

856 377 968 415 utique
981 377 1073 407 bonis
1088 378 1201 414 terrae3
1217 384 1282 406 non
1293 377 1391 407 etiam
1407 380 1556 413 similiter

856 423 956 452 socias
985 423 1171 452 habituram
1198 422 1232 452 in
1266 422 1466 460 perferendis
1490 428 1556 456 tor-

856 468 973 498 mentis
987 468 1165 507 gebennae3
1182 468 1215 498 et
1229 467 1298 498 tum
1314 467 1443 498 demum
1459 471 1555 502 etiam

855 514 894 542 ab
910 514 991 552 ipsis
1015 514 1165 553 gregibus
1191 521 1320 543 suorum
1340 513 1496 543 sodalium
1506 516 1558 552 Ju-

855 559 1039 590 mentorum
1048 568 1119 589 cum
1137 559 1294 589 dedecore
1304 558 1556 598 exturbandam3

854 611 913 633 nec
926 603 993 641 jam
1005 604 1058 634 vel
1071 612 1144 634 cum
1157 603 1235 642 ipsis
1244 603 1360 633 ituram
1371 624 1380 639 ,
1394 603 1450 632 sed
1462 604 1556 641 plane

854 649 943 687 post,
958 649 1084 687 quando
1109 650 1175 679 illis
1197 649 1280 678 nihil
1296 648 1372 677 mali
1385 649 1559 679 sentienti-

854 695 929 732 bus,
945 695 1014 732 ipsa
1035 696 1130 725 malis
1153 695 1303 724 omnibus
1319 695 1500 732 exponetur
1515 705 1522 725 :
1538 705 1560 727 a

853 740 969 777 quibus
982 749 1046 770 non
1061 740 1257 770 liberabitur
1272 740 1306 769 in
1322 740 1496 779 aeternum,
1514 742 1558 772 si-

853 785 985 823 quidem
1019 786 1161 816 secundo
1202 785 1351 823 ignorare
1388 786 1556 822 adjecerit.

853 831 1023 868 Egreditur
1058 832 1168 869 itaque
1196 831 1292 861 homo
1304 852 1314 869 ,
1335 831 1369 861 et
1395 832 1559 862 solitarius

853 876 920 905 abit
933 876 1005 914 post
1019 885 1132 915 greges
1144 875 1301 906 sodalium
1316 884 1447 906 suorum
1458 899 1467 915 ,
1483 886 1557 907 cum

853 922 937 951 solus
949 923 983 952 in
998 922 1123 952 inferno
1139 922 1287 952 inferiori
1303 922 1493 952 retruditur.
1509 924 1558 953 An

853 976 917 997 non
932 968 994 998 tibi
1005 968 1219 1006 posteriorem
1235 968 1365 998 videtur
1378 967 1493 999 tenere
1509 970 1562 999 lo-

853 1022 923 1043 cum
936 1035 945 1051 ,
970 1014 1027 1052 qui
1051 1013 1161 1052 ligatis
1187 1013 1339 1043 manibus
1360 1014 1394 1043 et
1418 1014 1557 1052 pedibus

853 1058 1024 1095 projicitur
1049 1059 1086 1088 in
1116 1059 1270 1089 tenebras
1296 1059 1497 1089 exteriores?
1521 1061 1559 1090 Et

853 1104 949 1133 erunt
963 1103 1107 1142 profecto
1122 1103 1297 1134 novissima
1312 1103 1455 1134 hominis
1470 1104 1559 1135 illius

852 1149 962 1186 pejora
977 1149 1154 1187 prioribus,
1171 1149 1297 1187 quando
1309 1149 1363 1187 qui
1379 1149 1468 1187 prius
1482 1150 1558 1181 bes-

852 1194 907 1224 tiis
921 1195 1122 1232 aequabatur,
1137 1203 1224 1225 nunc
1246 1195 1279 1224 et
1298 1195 1515 1233 postponitur.

891 1239 923 1269 8.
939 1240 1019 1270 Puto
1044 1240 1130 1277 quod
1144 1241 1178 1269 et
1203 1240 1239 1268 in
1261 1241 1415 1278 praesenti
1430 1241 1514 1280 vita,
1530 1243 1558 1271 si

852 1284 937 1315 hene
950 1285 1116 1323 advertas,
1139 1285 1353 1323 posteriorem
1369 1285 1417 1316 ire
1429 1287 1557 1324 pecori-

852 1330 913 1360 bus
927 1330 1092 1360 hominem
1111 1330 1284 1367 judicabis.
1312 1331 1359 1359 An
1374 1339 1438 1361 non
1454 1332 1558 1370 siqui-

852 1375 926 1405 dem
951 1375 1013 1405 tibi
1034 1375 1166 1406 videtur
1187 1375 1266 1413 ipsis
1290 1375 1404 1406 bestiis
1418 1377 1558 1414 quodam

852 1421 946 1451 modo
970 1419 1138 1451 bestialior
1153 1428 1223 1451 esse
1247 1420 1344 1450 homo
1365 1421 1491 1452 ratione
1506 1424 1558 1452 vi-

851 1475 947 1504 gens,
964 1466 997 1497 et
1008 1466 1134 1496 ratione
1142 1474 1206 1496 non
1216 1465 1353 1496 vivens?
1366 1467 1444 1496 Nam
1458 1476 1559 1506 pecus

851 1512 985 1550 quidem
1007 1513 1034 1543 si
1049 1520 1083 1542 se
1109 1512 1235 1546 ratione
1250 1520 1315 1542 non
1330 1513 1440 1552 regat,
1455 1521 1558 1544 excu-

852 1557 1009 1588 sationem
1033 1557 1134 1587 habet
1149 1565 1167 1586 a
1181 1557 1314 1595 natura,
1330 1565 1349 1586 a
1370 1566 1433 1596 qua
1451 1559 1511 1588 hoc
1526 1561 1559 1589 ei

851 1603 983 1641 penitus
997 1611 1114 1633 munus
1124 1603 1278 1641 negatum
1296 1602 1345 1632 est
1358 1611 1366 1632 :
1382 1604 1559 1634 nonhabet

853 1649 948 1678 homo
960 1669 970 1686 ‚
986 1647 1040 1678 cui
1054 1648 1094 1677 ab
1111 1647 1181 1686 ipsa
1195 1648 1329 1686 speciali
1345 1649 1559 1686 praerogativa

852 1694 1006 1724 donatum
1034 1693 1094 1723 est.
1122 1693 1236 1722 Merito
1259 1693 1397 1731 proinde
1422 1702 1461 1723 eo
1487 1694 1558 1732 ipso

853 1738 1003 1768 censetur
1014 1738 1110 1767 homo
1126 1737 1254 1775 egredi,
1269 1737 1302 1767 et
1313 1737 1433 1775 postire
1445 1746 1558 1776 grega-

852 1784 938 1814 libus
952 1783 1175 1813 animantibus
1184 1803 1193 1820 ,
1207 1782 1293 1820 quod
1305 1783 1408 1811 solum
1418 1783 1478 1813 hoc
1490 1785 1559 1813 ani-

852 1830 915 1859 mal
927 1829 1172 1860 conversatione
1185 1828 1338 1865 degeneri
1347 1827 1420 1864 jura
1434 1830 1558 1860 naturae

852 1874 1110 1913 transgrediens,
1125 1874 1259 1903 rationis
1275 1882 1404 1910 compos
1423 1875 1559 1906 rationis

854 1921 1002 1959 expertia
1016 1920 1160 1950 moribus
1172 1919 1205 1949 et
1216 1919 1384 1949 affectibus
1397 1919 1556 1951 imitatur.

852 1966 1058 1997 convincitur
1074 1973 1147 2003 ergo
1163 1964 1210 1994 ire
1225 1964 1297 2002 post
1315 1972 1428 2002 greges
1443 1965 1556 2004 homo,

853 2013 887 2043 et
900 2020 987 2042 nunc
1013 2011 1147 2050 quidem
1162 2010 1394 2048 depravatione
1411 2011 1535 2041 naturae
1545 2034 1556 2049 ‚

852 2057 1054 2098 postmodum
1061 2057 1169 2087 autem
1179 2056 1210 2085 et
1220 2056 1428 2086 extremitate
1440 2065 1558 2094 poenae.

892 2104 923 2134 9.
936 2104 1017 2133 Ecce
1031 2102 1076 2132 sic
1091 2101 1305 2131 maledicetur
1322 2101 1418 2130 homo
1434 2101 1490 2139 qui
1510 2102 1558 2140 ig-

852 2149 1034 2180 norantiam
1052 2148 1112 2177 Dei
1128 2147 1248 2176 habere
1270 2147 1425 2177 inventus
1442 2147 1558 2180 fuerit.

852 2195 912 2225 Dei
921 2195 1025 2224 dicam
1034 2216 1043 2231 ,
1052 2202 1093 2223 an
1100 2192 1354 2230 suiwtrumque
1363 2191 1432 2221 sine
1442 2192 1558 2223 dubio:

852 2241 988 2279 utraque
1000 2238 1182 2277 ignorantia
1194 2237 1384 2268 damnabilis
1397 2238 1457 2276 est,
1471 2240 1561 2269 utra-

852 2288 934 2318 libet
961 2285 1078 2316 sufficit
1090 2285 1130 2315 ad
1149 2283 1377 2322 perditionem.
1394 2284 1450 2314 Vis
1476 2285 1559 2315 scire

853 2333 928 2371 quia
942 2332 988 2362 ita
1000 2330 1067 2361 est?
1080 2330 1143 2360 Sed
1152 2330 1191 2360 de
1203 2329 1264 2359 Dei
1274 2329 1408 2358 minime
1417 2329 1556 2368 dubitas,

853 2379 879 2409 si
904 2378 1015 2408 tamen
1043 2376 1167 2407 constat
1182 2375 1243 2406 tibi
1260 2383 1323 2405 non
1346 2375 1441 2404 aliam
1456 2375 1557 2405 vitam

854 2432 922 2454 esse
937 2423 1091 2453 aeternam
1101 2444 1111 2460 ,
1126 2429 1222 2460 quam
1236 2421 1272 2450 ut
1287 2421 1414 2450 Patrem
1426 2428 1557 2457 cognos-

854 2477 906 2499 cas
919 2470 1024 2499 Deum
1040 2475 1173 2504 verum,
1187 2466 1221 2496 et
1234 2474 1330 2504 quem
1343 2464 1432 2494 misit
1445 2465 1553 2494 Jcsum

854 2514 1025 2545 Christum.
1039 2512 1122 2542 Audi
1135 2519 1211 2549 ergo
1226 2517 1376 2548 sponsum
1388 2508 1511 2545 liquido
1523 2512 1556 2539 et

854 2558 966 2597 aperte
982 2558 1016 2587 in
1031 2557 1140 2587 anima
1155 2555 1252 2585 etiam
1274 2553 1389 2583 auimae
1411 2552 1558 2589 ignoran—

854 2605 932 2634 tiam
958 2601 1236 2633 condemnantem.
1253 2597 1335 2635 Quid
1351 2597 1438 2626 enim
1456 2598 1557 2629 dicit?

854 2650 920 2681 Non
935 2649 1048 2688 utique
1064 2647 1090 2678 si
1105 2648 1226 2682 Deum,
1242 2643 1315 2679 sed,
1329 2644 1363 2672 Si
1372 2644 1499 2677 ὄρνισι-(ις
1515 2647 1554 2686 te,

1367 2689 1399 2714 is
