1846 3078
509 220 554 249 m
581 218 786 250 CANTiCA
806 218 957 246 SERMO
983 218 1158 247 Lxxvu.

120 278 233 317 itaque
248 276 281 308 ct
294 276 329 307 in
339 275 400 306 1130
413 274 507 314 parto
523 274 583 306 hoc
599 283 679 305 onus
690 273 818 305 subitur

119 324 240 362 absque
252 321 388 352 scientia
402 321 525 360 pariter
536 343 547 359 ,
562 321 695 359 vitaque
710 319 819 349 lauda-

119 368 193 399 bili.
205 368 267 398 Sed
277 375 352 397 ecce
363 389 372 405 ,
385 367 470 405 quod
480 374 544 397 nou
555 366 735 403 laudamus,
747 365 819 394 finis

119 413 290 450 indicitur,
305 412 363 442 ubi
378 420 443 442 non
459 412 529 442 erat
542 411 626 441 11015.
643 412 820 441 Evocamur

117 458 154 488 10
162 457 330 488 materiam
344 458 478 488 alteram
488 478 496 495 ,
506 458 539 488 et
550 457 601 487 cui
613 457 695 486 hanc
704 455 819 486 cedere

121 503 306 541 indignum.
348 504 455 541 Angor
482 503 625 541 undique
637 524 646 540 ,
674 503 708 533 et
735 502 820 540 quod

117 549 234 586 aegrius
248 548 348 579 feram
366 550 476 587 ignoro
486 570 496 587 ,
508 549 605 579 avelli
618 549 657 578 ab
673 548 733 577 ista
746 569 756 585 ,
778 555 819 577 an

119 593 265 624 distendi
294 594 328 624 in
357 595 413 624 illa
439 603 448 623 :
474 594 537 625 nisi
557 593 642 633 quod
667 594 820 624 utrolibet

119 639 218 669 simul
237 640 412 678 utrumque
432 639 613 670 molestius.
633 639 659 669 Ο
678 639 821 670 servitu-

119 685 207 714 tem!
235 693 255 715 o
278 685 526 716 necessitatem!
548 693 614 716 non
637 684 723 724 quod
746 684 820 714 volo

119 728 182 760 1100
203 738 283 768 ago,
304 731 362 762 sed
376 732 462 770 quod
476 731 529 761 odi
550 730 633 761 illud
647 730 742 760 facio.
758 730 820 760 No-

117 774 186 806 tate
209 777 320 806 tamen
349 777 408 806 ubi
435 776 632 813 desinimus,
657 776 696 805 ut
723 782 819 813 quam

118 820 184 851 cito
196 820 231 850 in
247 821 282 851 id
296 821 402 851 redire
411 821 552 851 liberum
564 820 644 859 erit,
657 819 732 850 inde
743 827 819 849 mox

119 865 305 904 ordiamur,
325 866 361 895 111
381 866 515 896 nomine
535 866 649 904 Sponsi
669 865 819 896 Ecclesiae

118 909 197 942 Jesu
211 911 329 942 Christi
344 911 476 941 Domini
487 912 588 942 nostri
602 933 612 949 ,
628 911 684 950 qui
699 913 749 942 est
765 919 821 941 su-

118 963 178 995 per
191 957 301 988 omnia
314 957 402 988 Deus
417 956 612 988 benedictus
631 957 666 988 in
680 957 797 987 saecula
809 978 819 995 ,

119 1008 228 1032 amen.

274 1081 446 1115 SERMO
470 1082 670 1116 LXXVII.

119 1147 159 1173 ne
170 1148 251 1174 malis
263 1149 423 1175 pastoribus
434 1150 578 1179 Ecclesiam
591 1151 659 1174 ilem
677 1149 820 1182 quomodo

147 1186 224 1211 Beati
237 1188 267 1211 111
280 1189 348 1212 coelo
366 1189 454 1212 simul
468 1196 535 1213 cum
555 1189 667 1218 Angelis
679 1189 820 1219 adjutorio

148 1226 215 1248 sunt
225 1224 318 1249 electis
329 1224 423 1248 adhuc
436 1226 691 1256 peregrinantibus.

161 1279 192 1310 1.
207 1281 270 1310 EIA
286 1281 435 1320 expediti
447 1290 570 1311 sumus.
586 1281 736 1312 Diximus
748 1281 821 1311 hes·

118 1324 213 1355 terno
231 1334 399 1364 sermone,
415 1328 529 1364 quales
543 1327 578 1356 in
597 1327 651 1357 via
673 1328 733 1356 hac
757 1335 820 1364 qua

119 1372 346 1409 ambulamus,
369 1372 531 1402 vellemus
558 1372 679 1401 habere
703 1373 819 1408 duces,

118 1423 185 1446 non
206 1417 319 1455 quales
339 1417 508 1446 habemus.
524 1417 631 1454 Longe
647 1416 820 1445 dissimiles

119 1462 320 1500 experimur.
358 1462 427 1491 Non
461 1469 573 1491 omnes
613 1462 690 1491 sunt
723 1461 819 1490 amici

120 1507 231 1545 sponsi
244 1529 254 1545 ,
280 1515 361 1546 quos
384 1507 481 1537 hodie
502 1515 627 1544 sponsae
646 1506 723 1536 hinc
742 1506 819 1535 inde

119 1552 268 1583 assistere
279 1553 402 1590 cernis,
418 1553 452 1582 et
467 1552 523 1590 qui
533 1550 588 1591 (ut
600 1553 696 1589 vulgo
708 1550 818 1590 aiunt)

117 1605 192 1627 cam
212 1598 305 1637 quasi
330 1598 522 1628 addextrare
542 1597 707 1628 videntur.
723 1597 819 1626 Pauci

119 1643 291 1673 admodum
306 1644 401 1681 sunt,
422 1643 478 1681 qui
498 1650 561 1672 non
578 1651 650 1680 quae
665 1650 722 1671 sua
744 1644 820 1672 sunt

119 1689 268 1726 quaerant
280 1710 289 1726 ,
306 1697 350 1718 ex
364 1688 517 1718 omnibus
542 1687 625 1717 caris
641 1687 723 1724 ejus.
740 1687 821 1717 Dili—

119 1734 199 1771 gunt
213 1742 349 1764 munera
362 1756 371 1772 ,
383 1743 444 1764 nec
465 1734 598 1772 possunt
612 1733 734 1771 pariter
748 1733 821 1763 dili-

119 1787 196 1818 gere
219 1781 407 1810 Christum:
424 1780 500 1818 quia
520 1788 637 1808 manus
659 1779 821 1809 dederunt

119 1833 324 1856 mammonae.
342 1826 472 1856 Intuere
487 1825 647 1863 quomodo
663 1824 821 1855 incedunt

120 1871 217 1901 nitidi
236 1873 269 1902 et
281 1872 388 1901 ornati
404 1893 414 1908 ,
428 1871 663 1902 circumamicti
680 1871 822 1901 varieta-

119 1916 232 1955 tibus,
249 1918 413 1956 tamquam
435 1925 551 1955 sponsa
576 1917 754 1955 procedens
780 1916 820 1946 de

118 1961 262 1993 thalamo
275 1972 342 1993 suo.
356 1964 466 1993 Nonne
474 1962 501 1992 si
509 1963 694 2001 quempiam
707 1962 820 1992 talium

119 2010 257 2047 repente
278 2008 406 2039 eminus
433 2009 664 2047 procedentem
687 2016 821 2047 aspexe-

119 2053 183 2090 ris,
223 2062 373 2092 sponsam
401 2054 510 2092 potius
540 2054 687 2092 putabis,
724 2061 819 2092 quam

120 2107 243 2137 sponsae
258 2099 445 2130 custodem?
457 2099 548 2129 Unde
563 2107 641 2129 vero
654 2099 736 2129 hanc
756 2099 820 2128 illis

120 2145 302 2176 exuberare
338 2145 506 2175 existimas
537 2153 647 2175 rerum
682 2144 821 2174 affluen—

117 2190 199 2220 tiam
209 2213 219 2228 ,
233 2190 376 2222 vestium
391 2190 595 2229 splendorem
606 2211 616 2227 ,
631 2198 819 2220 mensarum

118 2236 307 2275 luxuriem,
328 2236 513 2275 congeriem
535 2244 685 2267 vasorum
705 2244 820 2274 argen-

118 2280 249 2311 teorum
285 2282 319 2311 et
346 2290 537 2319 aureorum,
562 2281 627 2311 nisi
656 2281 696 2312 de
726 2282 820 2311 bonis

119 2325 263 2364 sponsae?
282 2325 359 2356 Inde
375 2327 440 2363 est,
461 2326 547 2364 quod
562 2327 618 2356 illa
632 2335 771 2365 pauper,
788 2328 820 2357 et

119 2371 213 2411 inops
223 2393 233 2410 ,
248 2372 282 2402 et
297 2371 384 2401 nuda
398 2372 607 2410 relinquitur,
623 2372 707 2402 facie
721 2373 821 2402 mise-

119 2418 239 2456 randa,
278 2417 402 2447 inculta
413 2440 422 2455 ,
465 2417 613 2456 hispida,
650 2419 818 2456 exsangui.

118 2462 253 2501 Propter
262 2463 323 2493 boc
333 2471 398 2492 non
411 2463 459 2493 est
471 2463 532 2492 hoc
545 2464 691 2501 tempore
706 2471 820 2494 ornare

119 2515 286 2545 sponsam,
311 2507 369 2537 sed
384 2507 541 2546 spoliare3
566 2515 630 2537 non
646 2509 695 2538 est
715 2510 821 2539 custo-

119 2553 209 2592 dire,
232 2553 290 2584 sed
300 2553 437 2591 perdere
452 2561 461 2591 3
478 2561 543 2583 non
556 2554 604 2583 est
623 2552 798 2584 defendere
809 2575 818 2592 ,

122 2597 179 2627 sed
194 2606 380 2637 exponere3
396 2606 460 2628 non
480 2598 529 2629 est
549 2597 741 2637 instituere,
763 2599 819 2630 sed

118 2643 336 2685 prostituere3
361 2652 425 2676 non
443 2643 493 2674 est
515 2650 648 2683 pascere
671 2651 818 2685 gregem,

851 272 908 303 sed
926 274 1067 304 mactare
1096 273 1130 303 et
1150 273 1322 313 devorare,
1346 276 1472 309 dicente
1501 280 1541 310 dc

851 318 917 349 illis
951 319 1089 349 Domino
1120 327 1129 348 τ
1165 320 1226 358 Qui
1255 321 1398 353 devorant
1428 324 1543 362 plebem

852 373 970 402 meam,
984 367 1020 396 ut
1043 365 1143 396 cibum
1152 365 1262 404 panis3
1278 366 1310 394 ct
1322 368 1400 404 Quia
1415 371 1544 399 comede-

852 413 926 441 runt
939 410 1034 441 Jacob
1047 431 1056 447 ,
1072 412 1100 441 et
1121 411 1220 440 locum
1241 410 1304 447 ejus
1319 411 1543 451 desolaverunt,-

854 457 886 486 et
901 456 934 486 in
949 456 1011 486 alio
1023 455 1182 494 Propheta
1197 463 1205 484 ε
1222 456 1353 485 Peccata
1372 458 1474 493 populi
1488 459 1548 487 mci

853 504 1005 532 comedent
1016 512 1026 541 ,-
1039 502 1128 541 quasi
1141 501 1226 532 dicat
1238 509 1246 530 ε
1258 501 1464 530 Peccatorum
1477 510 1549 537 pre-

853 548 898 577 tia
920 548 1073 586 exigunt,
1102 549 1136 578 et
1168 546 1381 586 peccantibus
1410 545 1549 575 debitam

853 593 1107 623 sollicitudinem
1131 601 1196 623 non
1217 591 1425 631 impendunt.
1447 591 1551 628 Quem

854 638 944 669 dabis
962 639 1043 668 mihi
1066 639 1106 669 de
1126 646 1263 669 numero
1283 635 1529 675 Praepositorum
1543 655 1553 672 ,

853 685 909 722 (101
932 693 997 714 000
1011 685 1084 722 plus
1105 684 1256 722 invigilet
1272 682 1477 714 subditorum
1499 687 1554 710 va-

854 730 989 760 cuandis
1004 729 1194 767 marsupiis,
1212 737 1309 767 quam
1324 727 1415 757 vitiis
1434 725 1553 756 exstir-

853 775 986 813 pandis?
1006 776 1067 806 Ubi
1089 776 1145 814 qui
1173 774 1294 805 orando
1315 773 1426 803 flectat
1451 772 1550 808 iram3

853 821 909 860 qui
937 821 1094 859 praedicet
1120 829 1240 851 annum
1269 819 1465 859 placabilem
1491 818 1553 846 Do·

854 867 940 897 mino
953 867 964 897 ἓ
976 868 1111 898 Leviora
1126 867 1289 905 loquimur
1302 874 1310 895 ε
1324 865 1471 905 graviora
1482 870 1555 902 gra-

853 913 925 944 vius
940 914 1049 943 manet
1062 913 1236 950 judicium.

893 959 924 989 2.
941 959 1017 989 Sine
1034 967 1130 989 causa
1140 961 1251 989 tamen
1265 957 1320 989 vel
1332 956 1402 994 his,
1417 956 1470 986 vel
1488 955 1554 985 illis

854 1003 1080 1042 immoramur,
1092 1004 1168 1043 quia
1179 1012 1246 1034 non
1260 1002 1397 1034 audiunt
1406 1009 1476 1031 nos.
1491 1000 1554 1030 Sed

854 1051 887 1080 et
895 1050 921 1080 si
935 1050 1054 1081 litteris
1066 1050 1198 1081 forsitan
1213 1049 1406 1079 mandentur
1414 1047 1474 1077 ista
1482 1055 1554 1085 (11110

854 1095 1012 1133 dicimus,
1028 1096 1292 1134 dedignabuntur
1303 1095 1414 1132 legere
1429 1102 1437 1122 z
1454 1093 1510 1122 aut
1526 1092 1553 1122 si

855 1142 936 1172 forte
971 1142 1133 1180 legerint,
1166 1141 1249 1171 mihi
1277 1139 1553 1177 indignabuntur,

854 1188 1003 1227 quamvis
1011 1189 1133 1218 rectius
1148 1188 1210 1217 sibi
1226 1188 1286 1217 hoc
1295 1186 1554 1224 tacerent.Prop-

855 1234 946 1264 terea
967 1234 1190 1273 relinquamus
1210 1233 1305 1270 istos,
1327 1240 1392 1262 non
1408 1232 1557 1262 invento-

854 1288 906 1309 res
919 1289 1041 1318 sponsae
1053 1302 1062 1318 ,
1076 1280 1132 1310 sed
1145 1280 1330 1310 venditores
1343 1287 1352 1316 3
1369 1280 1401 1308 et
1413 1278 1555 1316 inquira-

855 1334 925 1354 mus
949 1326 1057 1363 potius
1078 1326 1172 1363 illos,
1198 1333 1215 1354 a
1241 1325 1360 1362 quibus
1381 1331 1496 1362 sponsa
1521 1331 1555 1353 se

855 1370 1021 1400 inventam
1043 1371 1199 1408 loquitur.
1218 1371 1255 1400 Et
1271 1369 1404 1406 quidem
1426 1369 1555 1398 illorum

855 1415 908 1444 isti
932 1416 1039 1445 sortiti
1061 1416 1137 1445 sunt
1158 1414 1333 1444 ministerii
1352 1415 1458 1443 locum
1473 1434 1482 1450 ,
1499 1413 1556 1443 sed

856 1469 918 1488 non
935 1461 1054 1490 zelum.
1071 1460 1278 1490 Successores
1293 1467 1405 1489 omnes
1420 1460 1557 1497 cupiunt

855 1514 944 1543 esse,
970 1506 1151 1535 imitatores
1172 1505 1280 1543 pauci.
1303 1505 1327 1534 Ο
1344 1505 1468 1534 utinam
1490 1507 1556 1535 tam

854 1550 971 1588 vigiles
995 1550 1222 1588 reperirentur
1243 1550 1283 1580 ad
1305 1557 1437 1588 curam,
1458 1559 1556 1588 quam

855 1597 977 1626 alacres
998 1596 1133 1626 currunt
1149 1595 1189 1625 ad
1210 1595 1414 1625 cathedram!
1434 1596 1556 1633 Vigila-

854 1642 928 1671 rent
943 1642 1074 1679 utique,
1090 1641 1229 1670 sollicite
1246 1642 1413 1670 servantes
1428 1642 1468 1671 ab
1489 1642 1556 1672 illis

855 1687 1040 1724 inventam,
1067 1686 1130 1715 sibi
1154 1686 1323 1716 creditam.
1345 1687 1446 1716 Immo
1476 1695 1555 1718 vero

855 1732 1048 1771 evigilarent
1059 1740 1116 1770 pro
1130 1732 1325 1770 semetipsis,
1335 1740 1397 1762 nec
1408 1733 1554 1763 sinerent

854 1777 894 1808 de
914 1786 948 1807 se
971 1777 1037 1808 dici
1058 1786 1066 1806 :
1087 1778 1188 1808 Amici
1202 1780 1277 1814 mei,
1291 1780 1320 1808 et
1338 1780 1477 1816 proximi
1495 1781 1557 1809 mei

854 1824 1015 1853 adversum
1033 1831 1081 1852 me
1101 1824 1421 1861 appropinquaverwzt
1442 1826 1472 1854 et
1493 1826 1555 1854 ste-

855 1870 966 1898 terunt.
988 1869 1077 1898 10513
1099 1869 1232 1898 0111111110
1251 1869 1470 1907 querimonIa,
1493 1878 1554 1900 nec

855 1915 895 1944 ad
906 1915 1004 1944 ullam
1019 1914 1137 1951 justius
1150 1936 1159 1952 ,
1176 1923 1272 1953 quam
1293 1915 1333 1944 ad
1348 1917 1487 1945 nostram
1502 1924 1555 1946 re-

855 1960 988 1990 ferenda
1002 1961 1142 1990 aetatem.
1155 1961 1270 1990 Parum
1285 1960 1334 1991 est
1345 1961 1461 1991 nostris
1473 1962 1555 2000 vigi-

854 2006 940 2036 libus
953 2006 1039 2045 quod
1053 2014 1117 2036 non
1129 2008 1257 2037 servant
1268 2014 1325 2036 nos
1334 2028 1344 2044 ,
1359 2007 1421 2037 nisi
1435 2008 1468 2037 et
1478 2016 1555 2045 per-

855 2052 942 2082 dant.
969 2052 1041 2082 Alto
1063 2051 1185 2090 quippe
1216 2052 1355 2082 demersi
1380 2053 1554 2084 oblivionis

855 2105 964 2127 somno
974 2120 983 2136 ,
997 2098 1037 2127 ad
1050 2098 1178 2127 nullum
1194 2097 1364 2127 dominicae
1376 2099 1554 2129 commina-

855 2144 951 2174 tionis
961 2144 1141 2174 tonitruum
1154 2145 1436 2182 expergiscuntur,
1449 2145 1485 2174 ut
1500 2145 1553 2175 vel

854 2198 948 2219 suum
966 2190 1106 2228 ipsorum
1123 2191 1305 2229 periculum
1321 2191 1554 2228 expavescant.

854 2234 931 2264 lnde
948 2235 996 2264 est
1008 2256 1017 2273 ,
1030 2235 1067 2264 ut
1083 2242 1148 2264 non
1162 2235 1298 2273 parcant
1319 2234 1401 2272 suis,
1418 2235 1474 2273 qui
1489 2243 1554 2266 non

854 2280 990 2318 parcunt
1022 2280 1105 2320 sibi,
1132 2280 1332 2320 perimentes
1366 2280 1489 2320 pariter
1518 2281 1553 2311 et

854 2327 1044 2365 pereuntes.

893 2373 924 2402 5.
941 2373 1004 2403 Sed
1015 2372 1102 2404 enim
1117 2372 1249 2412 quinam
1264 2372 1313 2402 illi
1326 2373 1401 2403 sunt
1416 2371 1550 2408 vigiles,
1573 2368 1576 2374 “

853 2426 871 2448 3
886 2418 1004 2457 quibus
1018 2427 1052 2449 se
1066 2419 1236 2449 inventam
1251 2418 1402 2457 perhibet
1417 2415 1551 2453 sponsa?

853 2464 974 2503 Nempe
994 2465 1155 2504 Apostoli,
1170 2465 1267 2502 atque
1283 2461 1450 2501 apostolici
1475 2461 1549 2492 viri.

853 2510 936 2540 Vere
952 2510 986 2540 hi
1002 2510 1079 2540 sunt
1097 2509 1154 2548 qui
1168 2507 1351 2539 custodiunt
1369 2506 1549 2542 civitatem,

853 2554 886 2584 id
915 2555 965 2586 est·
993 2562 1065 2585 eam
1095 2555 1197 2593 ipsam
1230 2559 1326 2590 quam
1351 2550 1550 2581 invenerunt

852 2599 1042 2638 Ecclesiam,
1055 2607 1156 2638 eoque
1171 2596 1369 2635 vigilantius,
1383 2603 1446 2634 quo
1461 2601 1550 2625 nune

853 2646 1008 2685 temporis
1027 2645 1155 2685 gravius
1170 2641 1409 2681 periclitantem
1422 2640 1550 2679 conspi-
