1846 3078
697 206 982 236 SENTENTIAE.

119 265 273 295 honorem
311 263 389 301 Dei,
412 261 447 293 et
474 260 611 293 fratrum
639 260 816 292 utilitatem

117 317 264 350 quaerere
275 308 474 339 studeamus.

158 355 209 385 16.
225 354 306 384 Ante
331 354 441 383 omnia
465 352 534 383 sine
560 351 817 383 murmuratione

115 400 182 431 sint
196 400 322 430 fratres.
338 399 430 429 Forte
442 399 545 438 aliqui
559 399 633 429 leve
648 399 818 437 peccatum

117 445 276 476 aestimant
287 452 490 474 murmurare
506 444 582 475 :sed
595 452 660 474 non
675 444 729 474 hic
741 465 750 482 ,
759 443 815 482 qui

116 491 192 530 ante
231 490 341 520 omnia
377 490 488 520 monet
526 498 596 520 esse
622 489 817 520 cavendum.

116 536 197 566 Puto
224 536 334 566 autem
349 543 391 566 ne
416 535 511 565 illum
530 535 662 573 quIdem
677 535 751 565 leve
767 543 819 564 re-

117 582 266 619 putasse,
292 581 351 620 qui
377 581 656 611 murmurantibus
681 581 789 611 aiebat
810 589 817 609 ε

116 628 187 657 Non
213 628 322 656 contra
349 635 406 656 nos
430 628 474 657 est
498 635 642 656 murmur
665 627 800 657 vestrum
807 647 818 662 ,

116 673 166 702 sed
182 674 289 702 contra
300 673 481 702 Dominum.
497 673 561 703 Nos
576 673 658 702 enim
678 672 750 710 quid
768 680 819 701 su-

116 717 205 748 mus?
224 717 287 747 Sed
302 725 344 747 ne
361 717 455 747 illum
477 725 606 756 quoque
628 717 685 755 qui
708 716 794 746 dixit
810 725 817 745 :

115 764 187 794 Non
202 764 487 800 murmuraveritis,
503 764 580 794 sicut
595 763 720 800 quidam
735 771 819 791 mur-

115 810 317 839 muraverunt
325 830 335 845 ,
351 811 379 839 et
404 810 560 847 perierunt
576 808 615 838 ab
630 808 818 837 extermina-

117 856 194 884 tore.
210 855 268 883 Illo
292 853 446 884 nimirum
470 853 745 891 exterminatore,
763 853 818 891 qui

116 898 239 937 positus
254 897 303 928 est
318 897 352 927 in
367 898 426 928 hoc
442 898 568 936 ipsum,
584 898 620 928 ut
635 905 653 927 a
669 897 819 928 terminis

116 944 220 974 beatae
232 943 320 973 illius
335 943 478 974 civitatis
493 944 601 973 arceat
616 951 818 973 murmuran-

115 990 184 1026 tes,
198 989 232 1018 et
260 989 354 1027 longe
379 988 477 1018 faciat
491 996 509 1018 a
524 988 643 1018 finibus
658 988 748 1026 ejus,
764 989 818 1019 cui

115 1034 235 1064 dicitur
261 1042 269 1063 :
295 1035 406 1064 Lauda
431 1035 605 1064 Jerusalem
628 1035 817 1073 flammam,

116 1081 209 1110 lauda
232 1082 330 1111 Deum
358 1081 445 1109 luzam
460 1081 552 1117 Sion,
568 1081 621 1118 qui
633 1081 733 1118 posuit
745 1080 820 1117 fines

116 1128 183 1156 tuos
192 1134 309 1164 pacem.
320 1125 407 1156 Nihil
416 1125 504 1154 enim
517 1134 686 1156 commune
697 1126 819 1157 habent

116 1179 263 1200 murmur
287 1172 320 1201 et
344 1179 434 1209 pax,
465 1171 642 1209 gratiarum
668 1171 752 1202 actio
784 1173 817 1202 et

115 1216 274 1246 detractio
286 1238 296 1254 ,
321 1216 409 1246 zelus
438 1216 666 1247 amaritudInis
693 1218 726 1247 et
753 1226 817 1247 vox

115 1262 232 1292 laudis.
257 1262 368 1301 Itaque
388 1262 423 1291 in
452 1270 507 1292 ore
524 1263 622 1292 trium
639 1263 672 1292 et
703 1263 819 1293 talium

114 1308 246 1338 testium
269 1309 332 1338 stet
357 1308 417 1338 hoc
442 1308 599 1347 verbum,
628 1309 665 1339 ut
693 1309 819 1347 pestem

116 1352 209 1382 istam
227 1353 493 1383 murmurationis
506 1362 711 1392 summopere
726 1355 819 1386 nobis

115 1399 302 1429 noverimus
317 1407 386 1429 esse
404 1400 594 1430 cavendam.

155 1445 206 1474 17.
221 1445 299 1474 Tres
313 1445 388 1475 sunt
409 1445 528 1483 quibus
541 1446 748 1477 reconciliari
764 1447 819 1477 de-

115 1489 249 1528 bemus,
268 1490 474 1528 hominibus,
489 1491 637 1529 Angelis,
654 1493 730 1522 Deo.
753 1494 818 1523 Ho-

114 1534 258 1565 minibus
274 1543 333 1573 per
352 1536 464 1572 aperta
479 1544 576 1573 opera
590 1558 599 1573 ,
615 1537 745 1574 Angelis
760 1546 818 1575 per

113 1581 240 1610 occulta
255 1580 356 1618 signa,
369 1581 436 1610 Deo
444 1589 503 1619 per
513 1581 690 1619 puritatem
700 1584 815 1614 cordis.

114 1626 192 1655 Nam
207 1626 247 1656 de
259 1626 411 1665 operibus
426 1635 498 1664 quae
514 1635 620 1656 coram
630 1627 817 1659 hominibus

113 1671 261 1701 facienda
274 1672 364 1709 sunt,
380 1671 537 1710 scriptum
553 1673 620 1702 est:
633 1674 749 1704 Luccat
761 1675 816 1705 lux

112 1719 215 1747 vestra
227 1726 332 1747 coram
343 1718 530 1754 hominibus,
541 1720 572 1748 ut
585 1719 708 1749 videant
716 1722 817 1750 vestra

113 1770 207 1800 opera
222 1762 314 1799 bona,
329 1764 357 1793 et
372 1763 673 1802 qlorIficentPatrem
681 1767 817 1795 vestram

115 1809 213 1845 quiin
226 1809 306 1838 coelis
318 1810 372 1839 est.
389 1809 436 1838 De
451 1809 583 1846 Angelis
595 1809 675 1839 dicit
690 1810 814 1840 David:

115 1854 152 1882 In
181 1856 340 1892 conspectu
374 1854 561 1892 Angelorum
587 1855 721 1893 psallam
751 1856 816 1886 tibi.

113 1898 245 1928 Occulta
261 1900 371 1928 autem
386 1899 479 1937 signa
506 1899 579 1929 sunt
595 1900 749 1938 gemitus,
765 1910 817 1931 su-

112 1943 224 1981 spiria,
233 1951 310 1974 usus
319 1944 434 1982 cilicii,
444 1944 477 1974 et
488 1945 604 1975 caetera
613 1946 816 1984 poenitentiae

113 1989 265 2028 insignia,
281 1999 352 2029 quae
366 1990 495 2028 Angelis
507 1990 647 2029 placent.
665 1992 755 2022 Unde
770 1994 816 2024 est

113 2035 194 2065 illud
209 2045 217 2065 :
230 2037 386 2067 Gaudium
398 2038 440 2067 est
454 2036 577 2075 Anqelis
585 2039 644 2067 Dei
653 2047 744 2077 super
754 2048 817 2069 uno

112 2080 269 2119 peccatore
281 2083 494 2121 poenitentiam
516 2084 633 2121 agente.
650 2084 692 2114 Ut
706 2085 816 2115 autem

112 2127 178 2156 Deo
194 2128 448 2158 reconciliemur
459 2150 468 2166 ,
483 2136 545 2158 nec
568 2129 719 2167 operibus
731 2152 740 2168 ,
756 2139 816 2161 nec

110 2170 223 2209 signis,
236 2172 293 2202 sed
309 2172 451 2210 puritate
468 2174 501 2203 et
521 2173 732 2211 simpHcitate
746 2183 817 2205 cor-

111 2215 161 2247 dis
194 2217 389 2256 indigemus.
419 2218 584 2257 Scriptum
621 2219 671 2250 est
698 2221 788 2251 enim
805 2230 813 2250 ε

113 2263 203 2293 Beati
215 2265 329 2294 mundo
344 2265 432 2294 corde
440 2285 451 2301 ‚
468 2266 616 2303 quoniam
643 2266 701 2304 ipsi
715 2268 816 2297 Deum

112 2308 266 2339 videbunt.
283 2310 320 2339 Et
341 2309 426 2340 illud
441 2318 449 2339 ε
467 2311 502 2340 Si
520 2311 624 2342 oculus
636 2312 705 2342 tuus
721 2313 816 2350 fuerit

110 2354 242 2392 simplex
253 2375 262 2390 ,
279 2356 335 2384 etc.

157 2396 208 2429 18.
236 2400 396 2438 Templum
414 2401 474 2430 Dei
493 2402 635 2432 sanctum
652 2404 713 2440 est,
734 2405 814 2442 quod

111 2446 180 2475 estis
202 2454 267 2476 vos.
292 2446 462 2484 Templum
486 2446 547 2476 Dei
568 2447 618 2477 est
638 2448 813 2478 claustrum

111 2490 359 2528 Religiosorum.
395 2492 469 2521 Duo
501 2491 643 2530 parietes
678 2493 812 2525 claustri

111 2536 206 2573 sunt,
221 2536 322 2566 activi
337 2536 370 2566 et
385 2537 651 2576 contemplativi,
666 2539 765 2569 Maria
780 2539 813 2570 et

111 2579 256 2620 Martha,
270 2581 406 2612 interior
427 2583 460 2612 et
483 2582 636 2613 exterior.
660 2583 811 2615 Interiori

111 2627 284 2658 necessarii
313 2627 387 2658 sunt
411 2626 473 2658 duo
494 2627 623 2659 ordines
643 2627 810 2669 lapidum,

1486 218 1546 248 439

852 267 967 290 cavere
996 260 1123 290 scilicet
1150 261 1265 292 vitium
1294 266 1465 305 voluptatis
1476 292 1485 309 ‚
1513 271 1546 301 et

851 305 1060 337 curiositatis.
1077 307 1240 336 Exteriori
1251 309 1401 342 similiter
1412 314 1473 345 duo
1482 337 1491 353 ,
1504 325 1547 347 ne

851 350 917 381 sint
940 351 1158 389 fraudulenti,
1188 350 1223 381 et
1240 351 1430 386 turbulenti.
1455 360 1547 391 Unde

851 397 1008 427 Dominus
1023 405 1030 426 :
1048 397 1159 428 Fidelis
1174 406 1277 428 servus
1293 399 1321 427 et
1336 403 1476 437 prudens.
1495 407 1548 436 Fi-

852 442 946 480 delis,
958 450 999 473 ne
1015 442 1058 473 sit
1071 442 1317 480 fraudulentus3
1334 446 1492 485 prudens,
1506 458 1549 481 ne,

852 487 1124 518 sitturbulentus.
1150 487 1261 517 Paries
1278 495 1322 517 ex
1346 488 1478 520 adverso
1496 495 1551 531 qui

853 532 939 561 hunc
950 532 1125 570 utrumque
1134 530 1203 568 conj
1210 531 1313 570 ungit,
1321 533 1396 561 sunt
1407 533 1547 574 Praelati,

853 578 886 607 et
901 576 936 606 hi
947 578 1003 615 qui
1018 576 1157 607 fideliter
1171 577 1405 615 ingrediuntur
1419 578 1453 608 et
1465 586 1554 617 egre-

853 622 1006 659 diuntur,
1020 622 1104 652 sicut
1119 621 1160 652 de
1175 622 1316 652 Domino
1339 621 1465 652 dictum
1481 624 1531 654 est
1545 633 1553 654 :

852 668 882 697 A
892 677 1011 698 summo
1026 669 1099 697 coelo
1119 669 1249 706 eqressio
1263 669 1345 706 ejus,
1361 669 1390 699 et
1414 677 1557 701 occursus

852 714 916 751 eJ'us
937 723 1030 752 usque
1046 714 1086 743 ad
1099 722 1255 744 summum
1269 713 1345 752 ejus,
1359 722 1415 744 uec
1436 716 1480 745 est
1502 717 1556 754 qui

851 767 881 789 se
894 758 1060 789 abscondat
1072 768 1092 788 a
1105 760 1205 789 calore
1218 760 1295 797 ejus.

893 803 943 834 19.
956 804 1107 842 Quinque
1124 804 1164 833 de
1177 805 1282 834 causis
1294 804 1432 835 addiscit
1446 805 1555 844 homo,

852 849 888 879 ut
899 849 996 887 sciat,
1009 850 1044 880 ut
1056 849 1178 879 sciatur
1191 850 1275 882 scire
1289 872 1298 887 ,
1314 851 1351 880 ut
1365 850 1505 889 vendat,
1518 853 1555 882 ut

851 894 1001 932 aedificet,
1017 896 1054 925 ut
1069 895 1258 926 aedificetur.
1275 896 1316 926 Ut
1329 896 1430 935 sciat,
1447 898 1554 928 curio-

852 941 929 971 sitas
953 941 1001 971 est
1013 950 1022 978 3
1035 942 1072 971 ut
1086 942 1208 971 sciatur
1222 941 1326 980 scire,
1354 941 1503 981 vanitas,
1519 944 1556 973 ut

852 987 983 1024 vendat,
996 988 1151 1025 simonia;
1166 988 1202 1018 ut
1213 987 1505 1027 aedificet,caritas;
1518 989 1556 1019 ut

852 1032 1043 1071 aedificetur,
1059 1033 1239 1064 humilitas.
1256 1033 1317 1070 Qui
1332 1033 1448 1064 nutriti
1461 1034 1555 1065 erant

853 1078 886 1107 in
899 1078 1020 1108 croceis
1031 1101 1039 1117 ,
1056 1079 1235 1117 amplexati
1253 1079 1329 1109 sunt
1340 1079 1482 1110 stercora
1495 1102 1506 1119 ,
1522 1079 1555 1111 id

853 1125 901 1154 est
915 1133 1024 1154 curam
1042 1125 1178 1155 ventris.

891 1170 942 1200 20.
960 1170 1091 1200 Initium
1107 1170 1279 1208 sapientiae
1300 1170 1399 1201 timor
1409 1171 1553 1203 Domini.

851 1215 960 1245 Timor
975 1216 1100 1254 primus
1122 1219 1254 1246 revocat
1269 1216 1387 1247 euntes
1408 1216 1447 1246 ad
1469 1225 1556 1247 mor-

854 1261 937 1299 tem,
954 1262 1007 1292 cui
1035 1262 1182 1292 succedit
1211 1262 1344 1292 tristitia
1365 1263 1553 1294 saecularis:

852 1306 934 1337 hanc
951 1308 1097 1338 excludit
1109 1315 1182 1346 spes
1196 1308 1400 1338 aeternitatis.

890 1352 942 1382 21.
966 1353 1115 1383 Dubitari
1151 1353 1254 1391 solet,
1279 1353 1390 1383 utrum
1419 1353 1554 1385 dilectio

851 1397 910 1427 Dei
923 1398 1084 1436 praecedat
1100 1398 1246 1436 tempore
1257 1398 1468 1429 dilectionem
1480 1408 1553 1437 pro-

852 1444 945 1472 xImi.
961 1444 1052 1481 Quod
1068 1452 1126 1481 per
1144 1444 1205 1473 hoc
1218 1443 1360 1481 videtur,
1381 1444 1465 1482 quod
1482 1453 1557 1482 pro-

851 1489 975 1518 ximum
992 1490 1123 1527 propter
1136 1490 1241 1519 Deum
1254 1489 1390 1528 diligere
1407 1497 1472 1519 non
1483 1498 1558 1528 pos-

850 1542 977 1572 sumus,
994 1533 1056 1563 nisi
1074 1533 1164 1572 prius
1189 1533 1362 1572 diligamus
1378 1534 1481 1564 Deum
1499 1543 1507 1564 :
1522 1536 1556 1566 et

851 1580 962 1609 contra
978 1579 1110 1609 dilectio
1131 1579 1273 1617 proximi
1287 1579 1417 1609 videtur
1432 1588 1556 1617 praece-

851 1625 928 1655 dere
955 1625 1164 1655 dilectionem
1187 1625 1267 1663 Dei,
1294 1625 1370 1664 quia
1399 1626 1555 1664 scriptum

851 1670 900 1701 est
916 1678 923 1699 t
941 1671 1000 1709 Qui
1014 1679 1076 1700 non
1095 1671 1191 1708 diliqz‘t
1208 1671 1340 1709 fratrem
1354 1680 1444 1701 suum
1464 1681 1554 1710 quem

850 1716 950 1752 videt,
966 1717 1066 1745 Deum
1084 1724 1173 1754 quem
1202 1724 1265 1745 non
1286 1717 1365 1746 videt
1377 1738 1387 1753 ,
1403 1718 1553 1755 quomodo

848 1763 945 1799 potest
957 1760 1103 1799 diligere?
1124 1761 1187 1791 Sed
1202 1761 1369 1791 sciendum
1386 1762 1450 1800 est,
1469 1761 1554 1800 quod

851 1806 981 1836 dilectio
1000 1807 1060 1836 Dei
1088 1806 1213 1837 duobus
1241 1807 1344 1837 modis
1369 1807 1554 1837 considera-

851 1853 922 1890 tur,
935 1852 1098 1890 incipiens
1114 1852 1146 1882 et
1160 1852 1296 1882 nutrita.
1319 1852 1438 1891 Incipit
1465 1852 1553 1882 enim

852 1898 946 1928 homo
961 1898 1096 1935 diligere
1113 1899 1235 1936 Deum,
1249 1899 1423 1936 antequam
1439 1898 1552 1937 proxi-

851 1952 940 1974 mum
955 1952 963 1973 :
979 1944 1035 1974 sed
1047 1943 1124 1982 quia
1138 1944 1195 1973 illa
1215 1944 1348 1974 dilectio
1364 1952 1431 1974 non
1446 1944 1554 1982 potest

850 1989 979 2028 perfici,
995 1989 1059 2019 nisi
1080 1989 1264 2027 nutriatur,
1287 1990 1321 2019 et
1345 1990 1470 2019 crescat
1494 1997 1554 2027 per

850 2035 1060 2065 dilectionem
1086 2034 1250 2073 proximi,
1273 2034 1400 2072 oportet
1421 2034 1457 2064 ut
1478 2042 1553 2073 pro-

850 2081 957 2111 ximus
972 2080 1136 2119 diligatur.
1161 2080 1213 2111 Sic
1237 2089 1313 2119 ergo
1332 2080 1467 2110 dilectio
1490 2079 1553 2109 Dei

850 2127 1003 2164 praecedit
1019 2126 1056 2156 ut
1078 2125 1256 2164 incipiens,
1277 2128 1310 2156 et
1325 2125 1520 2164 praeceditur
1534 2133 1553 2156 a

850 2172 1025 2203 dilectione
1049 2172 1213 2210 proximi,
1229 2171 1266 2202 ut
1286 2171 1343 2201 illa
1364 2164 1552 2202 nutrienda.
1568 2173 1574 2192 -’

850 2218 880 2247 Si
898 2218 954 2257 qui
983 2217 1067 2248 forte
1090 2217 1258 2256 pertinent
1279 2217 1320 2247 ad
1344 2217 1554 2256 gubernatio·

849 2272 924 2294 nem
940 2264 1028 2294 tuam
1041 2285 1051 2302 ,
1066 2263 1217 2301 vindica,
1230 2271 1343 2294 coerce
1359 2271 1433 2293 cum
1449 2263 1552 2293 dilec-

849 2311 1038 2348 tione,cum
1050 2310 1185 2340 caritate
1195 2331 1205 2348 ,
1220 2309 1390 2340 attendens
1411 2309 1550 2339 salutem

848 2357 1021 2394 aeternam3
1036 2364 1078 2386 ne
1095 2363 1168 2386 cum
1192 2356 1297 2394 parcis
1320 2356 1428 2392 carni,
1445 2356 1551 2399 anima

848 2402 972 2440 pereat.
989 2403 1050 2432 Fac
1065 2402 1147 2440 haec,
1166 2402 1199 2432 et
1210 2402 1328 2432 multos
1338 2408 1489 2440 passurus
1502 2408 1550 2437 es,

848 2448 882 2478 in
901 2456 982 2487 quos
1000 2456 1065 2479 non
1080 2448 1202 2487 poteris
1228 2454 1382 2478 exercere
1405 2444 1550 2482 discipli-

847 2502 933 2524 nam.
959 2494 1021 2524 Fer
1038 2495 1143 2525 minas
1156 2516 1165 2533 ,
1186 2502 1317 2524 securus
1337 2491 1404 2522 esto
1421 2501 1428 2517 =
1451 2489 1550 2520 faciet

848 2539 936 2570 enim
960 2539 1118 2571 Dominus
1150 2536 1405 2570 misericordiam
1436 2535 1468 2565 et
1495 2534 1548 2572 ju-

847 2584 970 2616 dicium
998 2585 1146 2616 omnibus
1179 2582 1328 2621 injuriam
1356 2579 1548 2619 accipienti-

847 2630 918 2661 bus.
