1846 3078
570 240 616 268 m
640 234 839 269 CANTIGA

128 294 162 324 in
177 293 399 326 testimonium
429 290 627 331 integritatis
654 292 687 323 et
700 290 825 331 perfee-

126 340 222 371 tionis
236 339 310 370 fidei
325 339 442 369 nostrae
451 360 460 376 ,
474 347 533 368 nos
544 346 672 377 quoque
685 337 825 375 Prophe-

125 386 190 414 tam
205 385 387 422 imitantes,
400 383 658 413 misericordiam
684 382 718 412 et
735 381 826 419 judi-

125 430 211 459 cium
223 429 389 458 cantemus
399 428 548 458 Domino.
558 429 622 466 Ego
635 427 746 457 autem
758 434 825 455 non

123 475 252 512 dubito,
269 475 303 505 et
316 475 379 504 alia
393 475 432 505 de
450 474 565 504 horum
585 474 703 503 natura
717 473 756 502 ab
773 472 824 502 his

122 519 256 557 quidem
267 541 276 556 ‚
305 520 361 558 qui
387 520 501 549 talium
527 519 646 549 curiosi
673 517 708 547 et
731 517 823 556 gnari

122 565 214 602 sunt,
229 573 322 603 posse
338 565 527 602 monstrari,
543 573 614 603 quae
630 564 752 602 Sponso
767 571 825 601 ap-

124 610 186 639 tari
202 611 326 640 utiliter
339 612 371 641 et
385 611 596 648 congruenter
610 610 751 648 queant:
768 608 823 639 sed

122 655 209 693 haec,
224 657 262 686 ut
286 657 442 693 arbitror,
458 655 607 686 sufficere
633 655 770 693 possunt
784 654 823 683 ad

123 701 261 732 dandam
281 703 439 732 rationem
459 701 605 731 adduetae
634 699 824 729 similitudi-

121 747 184 776 nis.
206 748 319 778 Pulcre
334 749 443 777 tamen
462 746 600 784 Spiritus
614 745 744 775 sanctus
759 753 823 775 non

122 793 163 822 de
182 800 278 822 cervo
293 793 349 822 sed
364 792 403 822 de
424 791 561 820 hinnulo
584 797 755 820 cervorum
780 789 822 818 si-

122 838 344 868 militudinem
372 836 528 874 dedit,in
542 843 606 874 quo
632 835 665 866 et
692 836 822 864 Patrum

121 885 201 914 fecit
230 884 451 920 mentionem,
479 890 497 912 e
525 881 644 920 quibus
676 880 822 911 Christus

120 928 298 958 secundum
319 936 466 965 carnem,
487 927 520 956 et
536 926 682 956 infantiae
704 926 822 955 memi-

120 975 169 1004 nit
187 974 371 1004 salvatoris.
388 974 430 1003 Ut
453 973 610 1002 hinnulus
627 971 748 1010 quippe
766 979 822 1009 ap—

119 1019 229 1057 paruit
255 1019 409 1058 parvulus
436 1018 492 1056 qui
520 1018 615 1047 natus
641 1018 690 1046 est
715 1017 819 1046 nobis.

122 1066 242 1095 Verum
267 1065 305 1095 tu
341 1064 399 1102 qui
435 1064 611 1097 adventum
654 1062 820 1092 desideras

121 1110 312 1147 Salvatoris,
350 1109 430 1139 time
462 1108 655 1139 scrutinium
685 1107 819 1145 sufficis,

120 1157 200 1185 time
212 1157 319 1185 oculos
335 1163 457 1192 capreae
468 1176 476 1191 ,
491 1154 572 1184 time
588 1154 680 1183 illum
692 1153 748 1191 qui
762 1162 820 1191 per

120 1202 310 1240 Prophetam
325 1201 406 1230 dicit
422 1209 429 1230 ε
447 1202 489 1230 Et
504 1201 560 1230 erit
587 1201 620 1229 in
635 1200 680 1229 dae'e
696 1200 769 1236 illa,
792 1201 819 1229 et

119 1256 171 1286 eqo
183 1247 345 1277 scrutabor
355 1247 525 1276 Jerusalem
540 1247 572 1275 in
583 1246 724 1275 lucernis.
739 1246 821 1275 Acu-

118 1297 150 1323 to
163 1293 237 1323 visu
248 1293 313 1323 est:
327 1292 412 1321 nihil
428 1292 641 1322 inscrutatum
656 1291 819 1329 relinquet

118 1340 229 1369 oculus
245 1337 326 1375 ejuS.
339 1337 542 1368 Scrutabitur
556 1344 652 1366 renes
667 1336 699 1366 et
711 1337 817 1373 corda,

119 1385 252 1422 ipsaque
274 1382 424 1420 cogitatio
446 1381 589 1411 hominis
611 1381 819 1411 confitebitur

119 1430 180 1459 illi.
196 1429 281 1466 Quid
294 1429 400 1458 tutum
412 1428 445 1457 in
457 1428 637 1465 Babylone,
652 1427 677 1456 si
689 1427 818 1457 Jerusa-

119 1477 184 1506 lem
207 1475 316 1504 manet
336 1472 545 1504 scrutinium?
559 1473 638 1502 Puto
653 1473 740 1502 enim
757 1472 817 1502 lfoe

119 1521 188 1551 loco
205 1520 397 1558 Prophetam
419 1520 597 1549 Jerusalem
612 1519 744 1548 nomine
760 1519 817 1548 de-

116 1568 258 1605 signasse
274 1566 366 1604 illos,
385 1565 441 1603 qui
457 1565 492 1594 in
508 1565 569 1594 hoe
583 1564 700 1594 saeculo
715 1565 815 1594 vitam

117 1612 240 1642 ducunt
260 1611 580 1649 religiosam,1nores
608 1618 756 1648 supernae
779 1611 816 1640 il-

117 1658 181 1687 lius
204 1657 382 1686 Jerusalem
415 1655 660 1685 conversatione
682 1655 816 1685 honesta

119 1704 151 1732 ut
163 1701 308 1732 ordinata
317 1709 374 1739 pro
383 1700 680 1730 viribusimitantes
690 1708 698 1737 3
709 1702 741 1730 et
754 1709 816 1730 non

116 1747 219 1776 veluti
234 1746 284 1784 hi,
296 1745 351 1783 qui
369 1745 409 1774 de
431 1744 593 1782 Babylone
608 1745 700 1782 sunt,
718 1745 814 1775 vitam

116 1793 149 1821 in
170 1791 415 1830 perturbatione
437 1790 612 1827 vitiorum,
639 1791 817 1820 scelerum-

116 1845 180 1874 que
205 1835 392 1866 confusione
408 1834 584 1864 vastantes.
610 1834 757 1872 Denique
776 1835 817 1864 il-

116 1883 218 1912 lorum
233 1880 367 1919 peccata
387 1878 559 1909 manifesta
581 1880 675 1916 sunt,
694 1888 817 1916 praece-

115 1926 226 1956 dentia
238 1925 278 1956 ad
292 1925 469 1962 judicium,
486 1924 520 1954 et
534 1931 597 1953 non
611 1925 705 1961 egent
727 1933 817 1955 scru-

112 1973 212 2010 tinio,
237 1971 295 2002 sed
320 1970 490 2009 supplicio.
521 1971 590 2000 Mea
615 1970 815 2010 autem,qui

113 2018 228 2049 videor
242 2017 416 2046 monachus
432 2017 464 2046 et
477 2016 701 2054 Jerosolymita
711 2038 720 2053 ,
741 2025 816 2055 pec-

115 2064 185 2093 cata
201 2062 289 2092 certe
305 2061 430 2091 occulta
445 2061 538 2098 sunt,
558 2061 689 2090 nomine
705 2062 737 2091 el·
758 2062 815 2091 hn-

114 2108 186 2138 bitu
209 2106 360 2137 monachi
389 2105 577 2135 adumbrata
600 2115 608 2134 ι
636 2107 669 2136 et
694 2107 814 2137 idcirco

114 2160 247 2182 necesse
273 2152 336 2182 erit
354 2151 466 2181 subtili
482 2158 520 2180 ea
547 2151 735 2188 investIgari
752 2153 814 2182 dis-

113 2197 281 2234 cussione,
298 2197 330 2228 et
344 2196 437 2235 quasi
459 2196 596 2226 admotis
615 2196 757 2227 lucernis
774 2199 812 2228 de

114 2243 257 2272 tenebris
274 2243 306 2272 in
321 2243 428 2272 lucem
442 2242 547 2280 prodi.

155 2289 185 2318 5.
214 2289 384 2318 Possumus
421 2288 535 2318 afferre
564 2287 687 2326 aliquid
716 2290 749 2320 ct
773 2290 812 2319 de

113 2334 237 2372 psalmo
252 2333 292 2362 ad
307 2333 562 2367 confirmandum
575 2333 608 2362 id
625 2334 711 2371 quod
735 2335 813 2364 ‹llei-

114 2381 167 2408 tur
179 2379 218 2409 de
228 2378 399 2408 scrutanda
410 2379 598 2408 Jerusalem.
611 2380 664 2408 Ait
674 2388 811 2419 namque

115 2423 175 2454 sub
209 2431 345 2461 persona
382 2423 514 2452 Domini
537 2432 544 2451 :
567 2425 645 2454 Cum
671 2434 811 2463 accepero

115 2471 248 2508 tempus,
265 2469 629 2507 eqojustitiasjmlicabo.
653 2470 727 2499 Yias
743 2471 814 2508 jus·-

114 2515 219 2544 torum
230 2536 239 2552 ,
252 2514 287 2544 ni
300 2514 409 2551 fallor,
420 2515 452 2544 et
465 2515 557 2544 actus
566 2523 677 2545 eorum
690 2516 813 2547 discus-

113 2569 226 2591 surum
240 2570 274 2590 se
300 2561 333 2590 et
354 2560 617 2590 examinaturum
642 2561 732 2591 dicit.
750 2563 812 2591 Ye-

115 2606 250 2635 rendum
267 2606 358 2636 valde
371 2613 443 2635 cum
460 2605 499 2635 ad
519 2606 578 2635 hoc
594 2606 728 2636 ventum
742 2607 812 2637 sue-

117 2652 178 2689 rit,
194 2659 233 2681 ne
256 2652 313 2681 sub
331 2651 396 2681 tam
415 2652 525 2682 subtili
543 2652 691 2682 examine
703 2653 810 2684 mult&¹
828 2672 829 2684 ι

862 235 1010 265 SERMO
1032 234 1098 265 LV.
1493 241 1559 271 529

858 289 976 320 nostrae
994 288 1130 327 Justitioe
1152 286 1211 328 (ut
1229 286 1404 329 putantur)
1427 294 1559 330 peccata

858 334 1045 372 appareant.
1074 334 1181 363 Unum
1210 332 1406 371 esttamen,
1427 336 1455 365 si
1479 345 1558 366 nos-

858 379 1012 418 metipsos
1031 378 1339 417 dijudicaverimuS,
1356 387 1421 408 non
1443 381 1557 419 utique

855 425 1085 461 judicabimur.
1110 426 1234 455 Bonum
1260 424 1445 462 judicium,
1470 426 1556 462 quod

858 478 908 500 me
924 471 972 500 illi
986 471 1131 501 districto
1146 471 1323 508 divinoque
1336 469 1460 506 judicio
1481 470 1558 499 suh-

857 516 946 547 ducit
961 517 993 546 et
1011 516 1189 547 abscondit.
1200 517 1332 546 Prorsus
1347 515 1461 544 horreo
1474 514 1559 544 inci-

858 562 934 593 dere
950 563 983 592 in
997 571 1111 593 manus
1131 562 1190 592 Dei
1206 561 1347 592 viventis
1363 569 1372 590 τ
1388 560 1460 590 volo
1484 561 1559 589 vul—

859 608 904 637 tui
919 608 975 638 irae
993 608 1160 646 judicatus
1172 606 1378 646 praesentari,
1390 613 1456 635 non
1469 605 1560 642 judi-

857 653 987 683 candus.
1006 654 1181 692 Spiritu-alis
1208 654 1299 683 homo
1319 653 1426 683 omnia
1444 652 1559 689 dijudi-

856 699 905 727 cat
919 700 946 727 el
962 701 1021 736 ipse
1038 708 1058 728 a
1078 699 1197 728 nemine
1213 697 1384 735 judicatur.
1399 695 1559 726 Judicaho

856 743 989 779 proinde
1015 744 1099 773 mala
1114 751 1205 780 mea,
1229 742 1382 779 judicabo
1409 742 1442 771 et
1461 741 1558 770 bona.

857 789 935 817 Mala
951 788 1141 818 melioribus
1162 788 1281 818 curabo
1296 786 1457 825 corrigere
1474 785 1558 815 acti-

856 834 932 871 bus,
949 834 1073 864 diluere
1088 833 1257 873 lacrymis,
1270 832 1389 871 punire
1404 830 1559 868 jejuniis,

856 880 1044 918 caeterisque
1056 881 1173 910 sanctae
1188 878 1351 908 laboribus
1364 875 1557 914 disciplinae.

856 926 891 954 In
908 925 1002 955 bonis
1016 925 1055 955 de
1074 933 1127 954 me
1146 923 1314 954 humiliter
1328 922 1485 959 sentiam,
1502 920 1555 957 et,

855 969 944 1005 juxta
970 970 1168 1008 praeeeptum
1188 968 1336 1006 Domini,
1353 973 1481 997 servum
1505 973 1558 994 me

856 1016 1005 1045 inutilem
1021 1016 1196 1054 reputabo,
1211 1013 1268 1052 qui
1284 1012 1369 1051 quod
1381 1011 1487 1041 facere
1500 1010 1559 1040 de-

855 1062 909 1091 bui
921 1083 930 1098 ,
954 1061 1082 1091 tantum
1109 1059 1184 1090 feci.
1217 1059 1308 1088 Dabo
1332 1065 1466 1096 operam
1495 1064 1556 1086 nec

855 1107 929 1136 lolia
942 1115 999 1145 pro
1020 1106 1146 1145 granis,
1161 1113 1222 1135 nec
1236 1104 1346 1143 paleas
1361 1111 1435 1133 cum
1449 1101 1557 1140 granis

854 1152 980 1182 offerre.
1000 1152 1173 1182 Scrutahor
1186 1158 1244 1188 ego
1255 1150 1325 1179 vias
1340 1155 1428 1178 meas
1439 1147 1473 1178 et
1487 1147 1557 1177 stu-

855 1197 906 1227 dia
919 1206 1007 1236 mea,
1023 1206 1087 1236 quo
1101 1197 1128 1227 is
1143 1197 1198 1235 qui
1214 1195 1416 1226 scrutaturus
1431 1193 1481 1223 est
1498 1193 1552 1222 Je-

854 1244 992 1273 rusalem
1007 1244 1042 1273 in
1062 1243 1222 1280 lucernis,
1242 1241 1327 1271 nihil
1342 1238 1553 1270 inscrutatum

854 1289 887 1318 in
912 1297 964 1319 me
986 1289 1056 1319 sive
1079 1288 1294 1318 indiscussum
1311 1285 1467 1316 inveniat.
1489 1284 1554 1313 Nef-

853 1343 915 1372 que
944 1335 1032 1365 enim
1057 1334 1262 1372 judicaturus
1285 1332 1335 1363 est
1349 1330 1400 1361 bis
1414 1330 1450 1360 in
1468 1328 1555 1367 idip-

853 1389 936 1410 sum.

891 1426 922 1456 ίι.
937 1425 1016 1463 Quis
1030 1425 1112 1455 mihi
1128 1425 1183 1455 det
1198 1424 1243 1454 ita
1258 1422 1298 1453 ad
1309 1420 1472 1459 liquidum
1482 1426 1556 1457 pro-

851 1471 944 1508 sequi
958 1471 992 1501 et
1006 1470 1157 1509 persequi
1172 1469 1325 1498 universa
1338 1466 1458 1496 delicta
1467 1471 1554 1501 mea,

851 1517 886 1545 ut
910 1517 945 1546 in
967 1517 1056 1547 nullo
1073 1514 1219 1553 oporteat
1233 1512 1341 1543 vereri
1365 1511 1474 1541 oculos
1499 1517 1554 1538 ca-

852 1570 954 1600 preae,
967 1563 1001 1592 in
1019 1562 1109 1592 nullo
1122 1561 1162 1590 ad
1176 1561 1287 1589 lumen
1300 1555 1466 1595 contingat
1480 1563 1555 1585 eru-

851 1609 984 1638 bescere
1012 1604 1239 1637 lucernarum?
1253 1603 1291 1633 Et
1305 1611 1392 1632 nunc
1419 1601 1553 1638 videor,

851 1654 906 1683 sed
931 1661 996 1683 non
1019 1652 1115 1683 video
1133 1648 1277 1689 :praesto‘
1287 1649 1335 1678 est
1360 1647 1472 1677 oculus
1500 1646 1554 1675 cui

851 1699 958 1729 omnia
973 1698 1102 1736 patent,
1119 1696 1181 1727 etsi
1198 1703 1263 1725 non
1285 1694 1376 1732 patet
1390 1693 1472 1730 ipse.
1485 1691 1554 1720 Erit

851 1744 976 1782 quando
1005 1751 1211 1781 cognoscam,
1236 1740 1321 1771 sicut
1347 1739 1381 1768 et
1407 1737 1554 1774 cognitus

851 1798 921 1819 sum
936 1798 944 1819 ε
961 1789 994 1819 at
1006 1797 1092 1822 nune
1106 1787 1238 1826 quidem
1257 1791 1412 1823 cognosco
1428 1791 1468 1812 ex
1481 1790 1553 1820 par-

853 1837 900 1873 te3
916 1844 980 1865 non
1001 1835 1112 1865 tamen
1128 1842 1171 1863 ex
1191 1832 1283 1870 parte
1309 1829 1474 1868 cognitus,
1491 1827 1548 1857 sed

851 1890 892 1911 ex
906 1881 984 1911 toto.
1005 1881 1127 1910 Vereor
1147 1878 1312 1916 aspectum
1334 1873 1550 1913 exploratoris

852 1927 956 1964 illius,
986 1926 1043 1964 qui
1077 1925 1150 1963 post
1184 1923 1345 1961 parietem
1378 1920 1452 1950 stat.
1484 1919 1549 1947 Hoc

850 1973 936 2002 enim
950 1972 1106 2010 scriptura
1122 1969 1213 1999 addit
1224 1968 1263 1998 de
1280 1967 1336 1996 illo
1347 1988 1355 2003 ,
1371 1973 1468 2003 quem
1491 1970 1549 2002 pro

850 2018 997 2048 acumine
1020 2017 1108 2046 visus
1131 2022 1250 2053 capi-ece
1270 2010 1482 2042 assimilavit:
1499 2010 1551 2039 En

850 2065 909 2100 ipse
933 2062 1156 2100 sl‹tt,i1n1uit,
1177 2061 1244 2099 post
1269 2059 1436 2097 parietem,
1452 2056 1550 2094 respi-

847 2111 927 2139 ciens
939 2118 994 2148 per
1015 2109 1180 2146 fenestras,
1196 2105 1379 2144 prospicz'ens
1401 2111 1456 2141 per
1470 2110 1548 2131 ccm-

847 2156 944 2186 cellos.
961 2156 1007 2184 De
1024 2161 1086 2192 quo
1098 2161 1154 2182 suo
1167 2152 1236 2180 loco
1248 2149 1443 2180 videbimus.
1457 2147 1550 2176 Hune

847 2209 921 2239 ergo
943 2208 1059 2229 vereor
1080 2198 1243 2228 occultum
1268 2195 1469 2225 occultorum
1490 2201 1549 2222 ex-

847 2245 1053 2284 ploratorem.
1071 2244 1191 2282 Sponsa
1204 2242 1288 2272 nihil
1304 2241 1456 2276 veretur,
1472 2237 1548 2276 quia

846 2291 927 2321 nihil
943 2291 1005 2321 sibi
1022 2289 1148 2320 conscia
1163 2288 1222 2318 est.
1239 2286 1325 2325 Quid
1340 2285 1480 2323 denique
1493 2292 1549 2313 ye-

846 2338 974 2374 reatur,
1018 2335 1140 2372 amica,
1179 2333 1327 2363 columba
1338 2354 1347 2369 ,
1389 2327 1548 2359 formosa?

845 2383 965 2420 Nempe
975 2381 1111 2412 subinde
1122 2379 1221 2409 habes
1234 2387 1242 2408 z
1256 2379 1303 2408 En
1318 2378 1438 2407 «tilectus
1449 2383 1548 2409 metm,

846 2428 970 2465 inquit,
998 2427 1132 2465 loquitur
1154 2425 1242 2455 mihi.
1258 2423 1343 2453 Nihil
1360 2428 1422 2450 non
1443 2419 1547 2456 loqui-

847 2474 916 2510 tur3
939 2474 971 2503 et
995 2472 1068 2502 ideo
1092 2471 1228 2500 formido
1259 2468 1441 2506 aspectum,
1464 2472 1544 2501 que·

845 2519 932 2548 niam
956 2527 1020 2548 non
1035 2517 1138 2547 habeo
1155 2514 1388 2546 testiinonium.
1401 2511 1448 2538 Tu
1464 2509 1543 2546 quid

846 2563 937 2593 audis
953 2563 993 2593 ‹le
1006 2564 1055 2600 te,
1070 2570 1087 2591 o
1111 2559 1251 2599 Sponsa?
1265 2557 1347 2594 Quid
1362 2554 1421 2584 libi
1438 2555 1542 2591 loqui-

846 2609 897 2638 tur
916 2607 1053 2637 dilectus
1073 2605 1169 2636 tuus?
1194 2606 1307 2640 Sto-qe,
1325 2599 1446 2638 inquit,
1469 2607 1543 2636 pro-

844 2663 918 2694 pera
935 2654 1035 2684 (unica
1048 2661 1115 2682 mea
1124 2672 1134 2687 ,
1146 2648 1285 2679 columba
1304 2655 1371 2675 meu
1381 2666 1390 2681 ‚
1405 2646 1540 2683 sot-most:
