1830 3073
335 215 390 245 5⁶28

801 221 831 247 S.
864 219 1098 248 Ber-NARDI
1119 220 1311 250 ABBATIS

333 269 432 298 verbo
443 268 795 309 pariunt,etexemplo.
805 273 843 301 Et
853 272 962 301 sterilis
974 279 1035 299 non
1070 270 1270 301 sufficientes
1281 272 1416 311 singulis
1431 271 1534 311 epulae
1554 273 1767 311 apponuntur.

332 316 375 343 est
391 316 421 343 ιή
434 316 492 353 eis,
509 316 585 354 quia
601 317 709 347 nullus
724 317 771 347 est
792 317 1007 345 infoecundus.

508 426 678 459 SERMO
709 426 853 460 XCIV.

332 494 372 519 De
387 502 515 526 processu
536 497 601 520 vilae
620 496 787 521 Christianae
798 503 847 520 seu
866 496 1034 527 spiritualis,

354 530 435 559 juxta
448 532 634 561 tropologiam
647 531 714 553 1311·ae
725 548 732 559 ,
743 531 852 554 jezabel
865 532 1005 562 fugientis.

370 584 519 618 LTimu‘it
531 590 617 619 Elias
629 589 763 626 Jezabel,
777 591 806 619 et
816 599 944 629 surqens
959 590 1033 620 abiit

328 642 514 672 quocumque
532 635 598 664 tulit
612 643 681 664 eum
707 636 868 674 1·0luntas‚·
894 638 1034 675 venitque

328 680 359 707 in
375 679 523 709 Bersabee
547 680 646 716 Jutla,
663 681 691 710 et
715 681 827 711 dimisit
841 681 884 711 z‘bz·
904 691 1033 719 puerum

325 732 435 760 suum,
458 726 487 754 et
502 728 641 763 perrexit
656 728 687 755 in
715 728 878 757 desertum.
898 728 1034 766 Cumque

326 771 453 800 venisset
476 771 579 801 subter
599 772 744 802 uinbram
770 773 928 811 juniperi,
945 776 972 804 et
987 784 1034 804 se-

326 816 407 845 deret
420 838 428 854 ,
443 817 569 855 projecti
583 827 613 848 se
625 839 635 854 ,
658 819 685 847 et
705 819 857 848 dormivit.
876 820 915 848 Et
930 820 1034 858 Ληρε-

326 861 372 893 lus
383 865 510 893 Domini
523 865 710 902 tetifflteum,
720 866 747 894 et
758 865 837 894 dixit
851 865 912 895 illi.-
924 866 1031 903 Surqe,

325 910 352 938 et
367 911 497 939 comede.
512 911 552 939 Et
572 911 726 948 respexit,
754 912 780 939 et
801 919 866 940 ecce
888 912 927 940 ad
943 914 1033 949 caput

324 963 413 983 suum
433 955 649 985 subcinericius
676 957 784 993 panis,
808 957 836 985 et
854 966 909 986 vus
931 965 1030 995 aquoe.

326 1001 461 1030 Comedit
476 1009 545 1039 erqo
559 1023 567 1037 ‚
595 1003 622 1030 et
639 1001 729 1038 bibit,
759 1004 787 1031 et
809 1002 978 1032 anzbulavit
1001 1004 1033 1032 in

325 1047 502 1083 fortitudine
528 1047 588 1076 cibi
608 1048 688 1077 illius
706 1048 915 1086 quadraginta
929 1048 1032 1078 diebus

325 1093 352 1121 et
365 1094 575 1131 quaclruqinla
589 1093 727 1123 noctibus
740 1103 834 1132 usque
848 1095 888 1123 ml
900 1096 1033 1124 montem

325 1139 383 1167 Dei
398 1138 487 1169 Oreb.
499 1140 560 1167 Per
576 1138 677 1168 Etiam
693 1139 833 1177 quippe,
851 1139 908 1177 qui
929 1139 1033 1169 inter-

325 1187 474 1224 pretatur
488 1187 667 1226 Dominus,
682 1188 734 1217 vcl
753 1188 910 1218 Dominus
925 1188 1031 1226 fortis,

326 1232 522 1271 intelligitur
546 1233 687 1272 quilibet
705 1233 832 1271 justus,
851 1234 906 1271 qui
922 1243 1032 1272 perse-

327 1279 493 1308 cutionem
531 1280 655 1317 patitur
690 1281 822 1318 propter
838 1281 1030 1317 ‘justitiam

325 1324 418 1355 Unde
435 1325 516 1354 illud
530 1334 537 1354 τ
556 1327 645 1355 Beati
656 1327 709 1364 qui
724 1327 962 1364 persecutionem
975 1336 1033 1364 pa—

325 1371 445 1400 tiuntur
461 1373 585 1410 propter
607 1372 773 1409 justiliam.
798 1372 859 1408 Qui
884 1373 1033 1402 metuens

326 1414 473 1453 Jezabel,
500 1415 533 1445 id
559 1417 607 1445 est
634 1416 792 1445 malitiam
822 1417 952 1454 saeculi,
979 1418 1030 1447 vel

326 1461 533 1498 tyrannidem
542 1461 679 1499 diaboli,
689 1462 789 1499 surgit
798 1462 837 1491 de
850 1463 1031 1493 tentatione

325 1508 571 1546 peccaminum,
595 1508 628 1538 et
643 1508 711 1538 abit
735 1516 939 1547 quocumque
957 1517 1030 1539 eum

324 1554 439 1584 tulerit
464 1554 615 1584 voluntas
631 1562 648 1583 a
664 1554 802 1584 Domino
818 1555 881 1584 sibi
903 1555 1029 1584 collata.

325 1600 487 1638 Venitque
504 1601 538 1630 in
552 1601 712 1630 Bersabee
724 1600 824 1638 Juda,
839 1600 872 1629 in
889 1602 1029 1630 sanctam

326 1646 519 1684 Ecclesiam,
549 1656 621 1685 quae
648 1646 767 1676 dicitur
792 1647 971 1684 Bersabee,
999 1647 1030 1676 id

327 1692 375 1721 est
390 1693 507 1729 puteus
521 1692 695 1730 septimus,
719 1694 850 1731 propter
865 1693 1031 1722 abundan-

326 1738 392 1767 tem
404 1738 601 1776 septiformis
630 1738 769 1776 Spiritus
785 1738 923 1776 gratiam
934 1761 943 1776 ,
960 1748 1030 1776 quae

327 1783 410 1812 inibi
444 1784 595 1813 fidelibus
620 1784 779 1813 dividitur
805 1784 884 1813 :vel
914 1785 1031 1822 puteus

323 1829 481 1859 satietatis
491 1852 498 1867 ,
508 1830 640 1868 propter
648 1829 875 1867 mysteriorum
885 1830 945 1859 Dei
957 1839 1030 1868 pro-

324 1875 518 1905 funditatem
532 1898 539 1913 ,
552 1876 584 1906 et
596 1877 778 1906 sanctarum
791 1875 1029 1913 Scripturarum

324 1920 551 1951 refectionem.
574 1922 620 1951 De
646 1922 707 1951 hac
729 1921 950 1960 profunditate
973 1922 1031 1952 ha-

324 1966 438 1996 bemus
463 1967 497 1997 in
522 1968 643 2005 psalmo
666 1976 674 1996 z
699 1967 871 1997 Tcnebrosa
894 1976 978 2005 aqua
998 1969 1030 1997 in

323 2013 454 2043 nubibus
480 2015 576 2052 aeris,·
598 2014 631 2043 et
658 2021 770 2043 rursus
794 2021 801 2041 :
832 2014 952 2043 Juclicia
977 2015 1029 2044 lua

323 2058 449 2096 abyssus
473 2060 583 2089 musta.
600 2058 648 2088 Ad
673 2058 819 2095 ejusdem
845 2058 1031 2089 considera-

322 2105 446 2135 tionem
471 2105 639 2143 Apostolus
666 2113 906 2143 expavescens,
924 2105 956 2134 et
976 2114 1030 2143 pa·

325 2150 484 2180 vescendo
514 2150 687 2187 deficiens,
719 2151 859 2180 clamare
889 2152 1030 2188 compel-

325 2195 402 2225 litur
417 2205 424 2224 :
443 2198 468 2227 O
482 2197 608 2226 altitudo
631 2197 809 2227 divitiarum
827 2198 985 2235 supientiae
1001 2200 1029 2228 et

324 2243 454 2270 scientim
468 2244 526 2271 Dei
536 2264 545 2278 ,
562 2245 617 2272 elc.

364 2286 395 2315 2.
412 2287 458 2316 De
474 2287 533 2316 hac
559 2287 708 2318 satietate
726 2287 809 2327 legis
824 2289 858 2319 in
877 2289 1002 2327 psalmo
1019 2297 1028 2319 e

325 2334 423 2370 Super
438 2341 553 2370 aquam
568 2334 739 2370 resectionis
761 2335 899 2364 educavit
916 2343 975 2364 me.
992 2335 1029 2365 Et

324 2377 405 2407 item
429 2386 437 2406 :
455 2377 694 2408 Inebriabuntur
708 2379 748 2409 ab
767 2380 908 2410 ubertate
921 2381 1030 2411 domus·

327 2425 398 2454 tuae.
426 2423 619 2460 Hujusmodi
641 2424 781 2454 ebrietas
803 2433 868 2454 non
898 2425 1029 2455 inducit

325 2468 503 2507 fastidium,
513 2469 570 2499 sed
582 2468 822 2499 indeficientem
835 2471 1027 2509 quibusdam

327 2515 497 2545 desideriis
520 2515 676 2553 provocat
700 2516 893 2553 appetitum.
917 2517 951 2545 ln
967 2517 1027 2547 hoc.

325 2568 423 2590 sacrae
438 2560 588 2590 lectionis
611 2560 724 2598 pelago
741 2568 842 2598 agnus
857 2561 1026 2600 ambulat,

327 2607 361 2636 ct
375 2606 508 2645 elephas
522 2606 623 2637 natat.
637 2606 672 2635 In
688 2605 855 2635 catholicae
871 2606 1027 2636 doctrinae

332 2660 443 2684 mensa
468 2652 562 2691 juxta
597 2650 763 2682 modulum
801 2651 1026 2691 intelligentiae

1071 316 1144 345 Haec
1163 318 1211 346 est
1233 318 1401 355 paradisus
1417 319 1609 348 deliciarum
1623 341 1633 357 ,
1649 319 1702 348 hic
1721 321 1770 350 est

1069 360 1180 391 hortus
1196 363 1340 393 omnium
1353 372 1535 402 pomorum.
1551 364 1694 395 Veniens
1708 365 1769 395 ita-

1067 415 1132 444 que
1144 407 1178 437 in
1189 409 1362 447 Bersabee,
1375 409 1410 439 in
1421 411 1564 440 sanctam
1580 410 1767 448 Ecclesiam,

1068 452 1103 482 ut
1119 453 1243 483 dictum
1259 455 1326 492 est,
1342 455 1444 485 currit
1457 455 1498 485 ad
1516 456 1769 493 confessionem,

1067 506 1138 535 quae
1151 507 1210 537 per
1224 500 1339 529 Judam
1351 500 1483 530 notatur
1498 502 1554 531 :et
1568 502 1706 532 dimittit
1720 501 1768 530 ibi

1067 552 1204 581 puerum
1220 553 1313 575 suum
1324 568 1333 584 ,
1346 546 1379 575 id
1391 546 1440 576 est
1454 547 1615 584 puerilem
1627 554 1768 584 sensum,

1067 590 1121 619 vel
1144 591 1356 629 pristinorum
1381 592 1515 621 actuum
1545 592 1781 630 debilitatem,-

1067 636 1100 665 et
1123 637 1232 675 pergit
1264 637 1298 667 in
1327 637 1513 676 desertum,
1540 637 1576 667 id
1600 638 1650 668 est
1676 638 1769 668 istius

1066 682 1180 712 mundi
1194 683 1428 721 contemptum.
1441 683 1510 720 Quo
1524 683 1695 721 postquam
1711 692 1770 713 ve—
1783 700 1786 703 ,

1066 728 1134 765 nit,
1150 728 1261 766 sedet,
1288 729 1322 759 id
1343 729 1393 758 est
1413 737 1431 758 a
1456 728 1604 759 saeculari
1627 729 1768 759 tumultu

1065 774 1222 812 quiescit,
1245 775 1378 804 cantans
1399 783 1473 804 cum
1488 774 1650 813 Propheta
1672 777 1768 805 :Haec

1066 821 1183 858 requies
1198 829 1267 851 mea
1287 822 1319 850 in
1341 821 1488 850 saeculum
1506 821 1622 851 saeculi.
1637 820 1769 857 projicit

1066 873 1118 902 se,
1135 865 1170 894 id
1185 865 1235 895 est
1249 866 1349 896 vilem
1364 874 1397 895 se
1414 866 1565 904 reputat,
1587 866 1654 896 suis
1675 867 1768 898 abre-

1066 911 1218 941 nuntians
1235 912 1425 950 desideriis,
1440 912 1535 948 juxta
1559 912 1644 942 illud
1668 921 1768 943 evan-

1065 956 1206 992 geneum
1225 967 1232 986 :
1249 959 1309 996 Qui
1323 958 1387 988 vult
1400 959 1502 988 venire
1517 959 1557 987 acl
1571 967 1630 994 me,
1643 959 1769 998 abner-set

1064 1003 1267 1039 semetipsum.
1285 1001 1490 1032 obdormivit
1505 1003 1539 1032 in
1550 1004 1664 1033 umbra
1678 1004 1769 1041 juni-

1066 1045 1155 1083 peri,
1171 1047 1247 1084 quia
1273 1048 1309 1076 in
1333 1047 1425 1077 atriis
1441 1048 1556 1078 domus
1571 1049 1633 1079 Dei
1652 1058 1770 1080 secun-

1066 1091 1142 1120 dum
1165 1100 1280 1122 sensus
1303 1093 1447 1130 corporis
1467 1094 1562 1123 vacat
1583 1095 1714 1124 omnino
1728 1096 1768 1125 ab

1065 1137 1215 1168 omnibus
1229 1138 1446 1176 pravitatibus
1455 1160 1464 1176 ,
1478 1138 1590 1169 dicens
1602 1148 1674 1169 cum
1686 1141 1770 1171 Psal-

1066 1183 1162 1214 mista
1179 1192 1187 1212 :
1213 1186 1251 1214 In
1264 1193 1339 1222 pace
1359 1185 1390 1213 in
1415 1185 1547 1222 idipsum
1567 1186 1718 1216 dormiam
1739 1189 1768 1217 et

1065 1230 1265 1266 requiescam.
1283 1230 1371 1258 Tunc
1395 1229 1539 1266 angelica
1560 1230 1642 1260 visio
1666 1232 1768 1270 tangit

1065 1282 1157 1312 eum,
1177 1275 1325 1305 excitans
1345 1274 1385 1304 ad
1404 1275 1525 1304 bonum
1542 1277 1740 1314 operandum
1756 1300 1766 1315 ,

1065 1321 1097 1350 et
1122 1320 1162 1349 ad
1187 1321 1302 1350 altiora
1320 1321 1593 1359 consurgendum.
1620 1323 1768 1361 Respicit

1064 1366 1103 1395 ad
1119 1367 1217 1405 caput
1228 1375 1319 1397 suum
1331 1388 1340 1404 ,
1358 1367 1391 1396 id
1407 1368 1455 1397 est
1471 1367 1510 1396 ad
1523 1368 1694 1407 Christum,
1711 1370 1766 1408 qui

1065 1414 1163 1450 caput
1189 1414 1237 1443 est
1254 1413 1404 1443 Ecclesiae
1420 1422 1426 1441 :
1445 1414 1479 1442 et
1494 1421 1569 1443 ecce
1586 1414 1767 1445 subcineri-

1064 1458 1133 1488 cius
1148 1459 1262 1496 panis,
1279 1458 1312 1488 id
1327 1460 1376 1488 est
1395 1459 1622 1496 pastusdivini
1637 1459 1766 1498 dogma-

1064 1504 1125 1542 tis,
1142 1504 1322 1534 forinsecus
1339 1504 1471 1542 quidem
1491 1505 1582 1535 rudis
1598 1527 1604 1541 2
1625 1506 1682 1535 sed
1696 1515 1767 1537 me-

1064 1549 1200 1580 dullitus
1225 1550 1439 1580 ineffabiliter
1470 1550 1703 1582 confortativus
1733 1554 1767 1584 et

1063 1596 1169 1626 dulcis
1186 1605 1194 1625 τ
1210 1597 1244 1626 et
1265 1605 1320 1626 vas
1336 1605 1446 1634 aquae,
1462 1597 1524 1626 hoc
1543 1598 1609 1635 est,
1633 1597 1704 1628 sons
1718 1599 1768 1628 la-

1063 1649 1244 1679 crymarum
1273 1650 1346 1671 cum
1374 1641 1478 1671 cordis
1503 1643 1764 1680 compunctione.

1063 1688 1207 1718 Comedit
1223 1689 1256 1718 et
1276 1688 1362 1717 bibit
1375 1709 1385 1725 ,
1399 1687 1433 1717 id
1448 1688 1498 1717 est
1520 1688 1679 1726 adimplet
1695 1698 1766 1727 quse

1063 1733 1153 1763 audit
1170 1742 1177 1761 :
1196 1734 1230 1763 et
1245 1733 1353 1772 pergit
1369 1733 1609 1762 infortitudine
1627 1734 1664 1763 ad
1674 1743 1767 1763 mou-

1063 1780 1127 1809 tem
1138 1779 1195 1808 Dei
1206 1802 1215 1817 ,
1231 1779 1271 1809 ad
1284 1778 1512 1810 celsitudinem
1521 1778 1676 1810 videlicet
1686 1780 1765 1809 bea-

1063 1825 1223 1855 titudinis.

1260 1920 1431 1953 smum
1464 1921 1584 1954 XCV.

1078 1995 1117 2019 De
1130 1994 1268 2019 doctrinae
1287 1995 1478 2019 amaritudine
1489 2002 1539 2025 per
1553 1996 1752 2026 praedicatores

1315 2031 1505 2061 temperanda.

1104 2102 1116 2130 l
1126 2123 1132 2130 .
1153 2102 1230 2131 Erat
1245 2100 1343 2139 sames
1358 2101 1486 2130 interra
1497 2120 1506 2136 ,
1522 2101 1550 2130 et
1568 2100 1624 2136 filii
1634 2101 1765 2140 proplie-

1063 2150 1166 2177 tarum
1183 2147 1364 2177 habitabunt
1380 2155 1486 2176 coram
1497 2147 1609 2176 Elisoeo
1631 2155 1641 2175 .·
1657 2147 1764 2185 quibus

1062 2194 1255 2232 sccitapponi
1268 2194 1469 2232 pulmentum.
1490 2193 1626 2230 Cumque
1646 2194 1764 2231 gustas-

1061 2242 1125 2270 sent
1138 2241 1173 2270 de
1188 2241 1321 2269 coctione
1330 2261 1340 2276 ‚
1352 2240 1603 2268 exclamaverunt
1615 2247 1626 2268 .·
1637 2239 1720 2268 Mors
1732 2239 1764 2267 in

1061 2287 1133 2322 olla,
1151 2287 1198 2316 vir
1209 2287 1278 2316 Dei.
1291 2286 1333 2316 Et
1343 2294 1405 2314 non
1419 2285 1584 2323 potuerunt
1599 2285 1760 2313 comedere.

1061 2334 1101 2362 At
1122 2333 1171 2362 ille
1185 2342 1194 2361 :
1210 2332 1340 2368 Afferte,
1357 2332 1473 2369 inquit,
1490 2331 1640 2368 farinam.
1654 2331 1694 2359 Et
1708 2330 1764 2359 mi-

1059 2379 1145 2408 sitin
1159 2379 1269 2414 ollam,
1291 2379 1319 2407 et
1342 2378 1387 2406 ait
1413 2386 1422 2406 .·
1447 2376 1579 2415 Infundc
1600 2375 1708 2406 turboe.
1727 2375 1765 2404 ct

1062 2425 1187 2454 comedit
1203 2433 1212 2453 .·
1228 2425 1256 2453 et
1279 2432 1342 2453 non
1364 2423 1422 2461 fuit
1448 2423 1612 2460 quicquam
1634 2421 1764 2459 amplius

1061 2470 1276 2500 anem-studim&
1305 2471 1338 2499 in
1367 2470 1439 2498 olla.
1457 2469 1569 2497 Fames
1594 2467 1629 2496 in
1652 2468 1759 2502 terra,

1062 2516 1200 2554 penuria
1215 2515 1309 2545 verbi
1329 2515 1389 2544 Dei
1410 2514 1443 2543 in
1460 2514 1569 2543 mente
1589 2513 1724 2542 humana
1751 2519 1764 2540 ι

1063 2562 1122 2591 filii
1138 2562 1396 2600 prophetarum,
1421 2560 1481 2590 filii
1503 2558 1761 2597 praedicatorum.

1061 2607 1221 2645 Propheta
1230 2606 1464 2645 interpretatur
1473 2604 1604 2633 Videns.
1614 2603 1652 2632 Et
1660 2599 1762 2631 sancti

1062 2653 1290 2691 praedicatores
1302 2660 1366 2683 non
1380 2651 1462 2682 abre
1473 2649 1639 2690 prophetae
1651 2645 1763 2687 appel-
