1846 3078
532 203 579 231 m
603 190 806 231 οΛΝΤωᾺ
826 199 976 228 sanmo
1001 200 1122 227 xmx.

135 261 201 291 leat
213 260 246 291 et
264 260 296 290 in
309 256 437 288 affectu.
453 256 685 295 Fauoni-:wrm
699 255 835 294 proinde

133 306 217 344 quod
233 314 290 344 pro
302 303 448 340 injuncto
463 303 680 340 praeponitur,
693 302 733 332 de
747 301 834 339 judi-

133 351 183 380 cio
197 348 410 389 posthabetur
426 356 434 377 τ
452 348 486 378 et
500 347 588 386 quod
612 347 733 378 veritas
745 345 835 383 judi-

134 395 186 424 cat
206 393 477 433 praeponendum,
499 392 535 422 id
562 392 668 422 carius
692 391 835 430 amplec-

133 440 266 470 tendum
280 439 357 469 ordo
374 438 515 477 postulat
530 438 685 468 caritatis.
702 438 812 467 Nonne
823 457 833 473 ‚

135 485 221 514 verbi
233 485 334 523 gratia
345 507 354 522 ‚
368 493 410 514 ex
422 484 566 521 injuncto
579 482 741 513 incumbit
751 481 833 512 mihi

131 538 206 560 cura
227 530 372 560 omnium
394 528 565 560 vestrum?
588 530 659 558 Jam
678 526 833 566 quicquid

131 575 207 604 huic
222 575 305 605 forte
319 575 496 614 praetulero
515 574 628 612 operi,
647 581 710 611 quo
725 573 833 602 minus

132 620 192 657 ipsi
208 620 378 658 invigilem
390 620 487 658 digne
503 620 536 650 et
547 619 674 649 utiliter
686 626 742 655 pro
755 617 834 647 viri-

132 665 189 695 bus
212 665 440 704 exsequendo‚
458 665 519 695 etsi
543 673 584 694 ex
606 663 742 693 caritate
766 662 833 691 for-

133 709 224 741 tassis
239 710 273 740 id
298 711 406 740 facere
430 710 562 746 videar,
577 708 701 738 ordinis
720 708 831 737 tamen

129 755 213 785 ratio
227 763 290 785 non
304 754 474 785 consentit.
489 753 581 790 Quod
595 752 622 781 si
636 751 711 781 ante
723 750 831 780 omnia

129 801 261 838 quidem
279 798 336 839 (ut
347 798 471 837 debeo)
485 798 561 828 huic
576 796 712 827 intendo
728 804 830 833 curae,

130 853 193 875 non
208 846 317 875 autem
328 844 431 882 magis
445 844 485 874 ad
496 843 619 880 majora
634 842 759 881 gaudeo
771 841 830 870 Dei

130 892 217 921 lucra
228 912 237 928 ‚
252 899 325 928 quae
338 898 398 928 per
409 890 549 920 alterum
565 888 636 918 fieri
649 888 731 918 forte
747 895 832 917 com-

130 944 263 974 perero3
281 935 372 974 patet
387 943 440 965 me
460 934 607 965 ordinem
631 933 775 963 caritatis
790 941 832 963 ex

130 982 221 1019 parte
240 982 371 1019 tenere,
392 989 434 1011 ex
451 980 545 1019 parte
560 986 776 1017 nequaquam.
799 979 831 1008 Si

131 1034 208 1057 vero
221 1035 274 1057 mc
290 1027 323 1057 et
334 1027 374 1057 ad
385 1026 419 1056 id
429 1025 569 1064 amplius
582 1047 591 1063 ‚
607 1024 693 1062 quod
708 1024 833 1061 specia-

129 1073 193 1103 lius
207 1072 388 1111 incumbit,
410 1072 583 1102 sollicitum
593 1092 602 1109 ‚
618 1070 652 1100 et
665 1069 833 1099 nihilomi-

130 1126 191 1148 uus
215 1118 256 1147 ad
285 1117 386 1154 illud,
409 1116 495 1155 quod
515 1115 619 1152 majus
644 1117 709 1152 est,
731 1114 832 1151 magis

129 1164 281 1194 affectum
294 1163 487 1199 exhibeam3
500 1161 674 1199 utrobique
686 1160 832 1198 profecto

131 1209 281 1239 invenior
290 1208 436 1238 caritatis
447 1207 593 1237 ordinem
602 1206 768 1236 assecutus
777 1227 786 1242 ‚
800 1206 832 1235 et

128 1262 193 1284 non
220 1254 270 1284 est
291 1262 350 1283 cur
371 1253 481 1283 dicere
502 1260 567 1282 non
587 1251 708 1290 possim
733 1251 831 1281 etiam

128 1299 214 1338 ipse,
231 1299 308 1338 quia
327 1299 479 1329 ordinavit
500 1299 532 1327 in
547 1306 595 1327 me
617 1298 790 1327 caritatem.

169 1346 201 1375 7.
214 1345 248 1374 Si
263 1345 374 1374 autem
388 1343 476 1374 dicas
487 1342 621 1373 difficile
636 1349 831 1380 quemquam

128 1390 201 1428 plus
216 1390 323 1420 alieno
334 1388 475 1428 gaudere
490 1395 605 1426 magno
617 1387 700 1417 hono
712 1408 722 1424 ‚
733 1394 831 1425 quam

128 1436 259 1473 proprio
280 1443 381 1474 parvo
398 1443 407 1464 τ
424 1434 576 1464 advertes
601 1432 690 1463 certe
713 1432 767 1462 vel
788 1440 831 1462 ex

129 1481 189 1511 hoc
200 1480 432 1511 excellentiam
442 1480 553 1518 gratiae
565 1478 651 1517 apud
663 1485 810 1516 sponsam
820 1498 830 1515 ,

127 1526 161 1556 et
179 1526 332 1565 quoniam
346 1533 412 1555 non
434 1524 570 1554 cuilibet
587 1523 704 1553 animae
719 1522 830 1553 dicere

127 1571 170 1601 sit
179 1593 189 1609 .,
198 1571 275 1610 quia
283 1571 436 1601 ordinavit
444 1571 477 1599 in
486 1578 534 1599 me
543 1570 714 1599 caritatem.
725 1568 830 1605 Quare

127 1615 227 1646 facies
242 1614 437 1646 deciderunt
455 1613 670 1652 quorumdam
685 1613 830 1643 vestrum

127 1661 222 1691 modo
252 1661 293 1690 ad
317 1661 406 1689 hunc
429 1657 633 1689 sermonem?
656 1658 737 1687 Nam
765 1657 829 1687 alta

127 1706 263 1745 suspiria
278 1705 440 1736 testantur
454 1704 621 1734 tristitiam
636 1704 828 1740 animorum,

127 1749 710 1789 conscientiarumquedejectionem.
727 1748 830 1778 Nimi-

126 1805 198 1826 rum
212 1796 386 1826 metientes
400 1795 613 1833 nosmetipsos
627 1794 720 1824 nobis
731 1815 739 1831 ‚
755 1802 830 1824 sen-

125 1842 225 1872 timus
239 1842 340 1880 aliqui
350 1842 495 1871 nostrum
507 1848 566 1878 pro
582 1840 697 1870 nostrae
710 1839 830 1877 imper-

125 1887 276 1917 fectionIS
288 1885 495 1925 experientia
505 1907 515 1923 ‚
527 1892 625 1923 quam
640 1892 712 1914 rara
724 1884 829 1914 virtus

125 1932 169 1962 sit
182 1933 298 1962 alienae
313 1940 377 1961 non
392 1931 543 1961 invidere
554 1929 690 1967 virtuti,
705 1929 828 1959 nedum

125 1979 265 2016 gaudere
281 1978 322 2007 ad
337 1978 448 2015 illam,
470 1976 591 2006 nedum
612 1975 711 2006 etiam
737 1975 828 2005 tanto

124 2024 200 2062 plus
219 2031 316 2061 quam
337 2022 377 2052 ad
397 2022 562 2060 propriam
577 2028 740 2059 quemque
756 2028 829 2059 gra-

123 2069 222 2100 tulari
232 2091 241 2107 ,
252 2069 373 2107 quanto
385 2076 418 2097 se
433 2066 648 2106 perpenderit
658 2066 693 2096 in
704 2066 827 2096 virtute

124 2115 326 2153 superatum.
347 2113 461 2143 Adhuc
481 2112 645 2142 modicum
661 2112 771 2141 lumen
794 2111 827 2141 in

122 2160 217 2190 nobis
231 2160 299 2198 est,
323 2159 451 2189 Fratres
462 2180 473 2196 ,
488 2158 648 2196 quotquot
669 2157 710 2187 de
734 2157 828 2188 nobis

123 2205 171 2236 ita
184 2205 354 2235 sentimus.
368 2204 567 2235 Ambulemus
579 2204 652 2233 dum
664 2204 761 2233 lucem
772 2203 829 2233 ha-

126 2250 248 2288 bemus,
269 2259 306 2280 ne
326 2250 457 2281 tenebrae
478 2258 535 2280 nos
557 2249 826 2288 comprehendant.

123 2295 299 2325 Ambulare
314 2317 324 2334 ,
351 2295 509 2333 proficere
538 2295 599 2325 est.
633 2295 827 2325 Ambulabat

125 2340 293 2378 Apostolus
303 2361 313 2378 ,
339 2340 396 2379 qui
424 2340 554 2370 dicebat
569 2349 577 2370 τ
594 2341 665 2370 Νοη
688 2340 827 2371 arbitror

124 2395 172 2416 me
186 2386 460 2425 comprehendisse3
477 2386 510 2415 et
525 2385 617 2416 addit
630 2393 640 2414 τ
658 2386 758 2416 Unum
770 2395 827 2416 au.-

126 2433 203 2468 tem,
229 2439 296 2470 quoe
321 2433 404 2461 retro
427 2432 498 2461 sunt
518 2431 708 2467 obliviscens,
729 2432 770 2461 ad
788 2440 826 2461 ea

125 2485 193 2515 quae
216 2478 287 2507 ante
306 2478 397 2513 sunt,
420 2485 468 2506 me
489 2477 631 2507 extendo.
650 2475 735 2514 Quid
757 2477 823 2515 est,

1502 204 1557 234 5li

869 252 960 292 quasi
977 254 1134 283 remansit
1154 252 1236 282 mihi
1249 253 1290 283 ad
1308 257 1506 296 remedium,
1524 258 1565 287 ad

869 307 981 337 spem,
1003 299 1044 328 ad
1066 297 1330 328 consolationem.
1358 300 1443 335 Quid
1465 302 1565 333 illud?

869 346 942 384 Quae
961 347 1044 375 retro
1058 345 1129 375 sunt
1143 342 1297 373 videlicet
1318 342 1488 376 obliviscens
1500 368 1510 383 ‚
1525 348 1565 376 ad

867 399 902 419 ea
915 398 982 428 quoe
994 391 1063 419 ante
1074 389 1146 419 sunt
1156 396 1204 417 me
1213 388 1354 417 eaelendo.
1368 387 1478 425 Magna
1487 390 1565 420 fidu.

867 434 935 464 cia!
951 434 1037 472 quod
1060 441 1213 471 magnum
1231 432 1401 462 electionis
1415 433 1477 462 Vas
1491 442 1566 470 per.

867 479 989 510 fectum
1019 480 1165 509 abnuens
1179 499 1189 515 ,
1217 476 1400 516 profectum
1433 476 1563 508 fatetur.

866 526 945 563 Ergo
961 533 1026 554 non
1041 523 1279 560 ambulantem,
1292 522 1349 552 sed
1365 521 1535 552 sedentem
1548 532 1567 553 a

865 571 976 600 mortis
985 571 1130 600 tenebris
1142 568 1374 608 comprehendi
1385 567 1569 607 periculum

866 617 925 645 est.
942 617 980 646 Et
997 616 1070 654 quis
1086 616 1221 652 sedens,
1242 614 1306 644 nisi
1321 614 1378 652 qui
1396 621 1461 644 non
1476 614 1570 644 curat

865 660 1043 698 proficere?
1059 660 1094 690 ld
1109 660 1221 690 caveto
1237 668 1246 688 t
1264 661 1297 689 et
1318 660 1345 689 si
1367 659 1470 688 morte
1485 667 1572 697 prac-

865 705 1039 743 occupatus
1046 705 1160 742 fueris,
1169 705 1203 733 in
1211 704 1380 741 refrigerio
1389 704 1463 733 eris.
1473 704 1569 733 Dices

865 750 931 780 Deo
948 759 957 779 :
973 751 1188 789 Imperfectum
1201 758 1304 778 meum
1325 750 1468 779 viderunt
1487 750 1570 779 oculi

865 796 926 833 tui,
941 797 969 826 et
985 797 1017 826 in
1034 796 1111 826 libro
1127 797 1178 825 tuo
1193 794 1425 832 nihilominus,
1441 794 1568 832 inquit,

864 849 969 872 omnes
989 841 1173 872 scribentur.
1195 839 1257 877 Qui
1273 838 1404 870 omnes?
1422 839 1569 870 Profecto

865 886 920 924 qui
939 886 974 916 in
995 886 1158 917 desiderio
1176 885 1367 925 proficiendi
1392 885 1569 915 inveniun-

865 932 928 962 tur.
941 932 1094 971 Sequitur
1109 932 1197 962 enim
1213 939 1222 960 t
1239 932 1312 962 Dies
1327 931 1567 968 formabuntur,

864 979 891 1007 et
909 987 999 1008 nemo
1022 979 1054 1008 in
1075 979 1135 1015 eis,
1157 976 1311 1007 subaudis
1330 975 1464 1014 peribit.
1491 976 1569 1006 Dies

864 1023 1070 1060 proficientes
1081 1023 1229 1061 intellige
1239 1044 1248 1060 ‚
1264 1021 1321 1060 qui
1333 1021 1359 1051 si
1372 1022 1475 1051 morte
1486 1029 1569 1060 prae·

864 1069 1013 1106 occupati
1035 1069 1179 1105 fuerint,
1202 1067 1237 1097 iu
1253 1075 1291 1097 eo
1307 1066 1393 1105 quod
1414 1067 1462 1096 eis
1477 1067 1570 1098 deest

865 1113 1055 1150 perficiendi
1067 1113 1154 1143 sunt.
1166 1111 1403 1142 Formabuutur
1411 1133 1421 1150 ,
1431 1112 1464 1142 et
1471 1120 1568 1143 nemo

865 1159 899 1186 in
915 1158 961 1188 eis
977 1158 1125 1188 informis
1136 1157 1355 1196 relinquetur.

903 1203 934 1232 8.
947 1203 985 1232 Et
993 1203 1151 1242 quomodo
1161 1225 1170 1241 ,
1179 1202 1244 1239 ais,
1257 1210 1315 1240 ego
1328 1200 1484 1240 proficere
1494 1206 1568 1238 pos-

864 1256 951 1287 sum,
965 1250 1023 1287 qui
1043 1249 1136 1279 fratri
1158 1247 1342 1287 proficienti
1358 1245 1511 1278 invideo?
1531 1245 1564 1275 Si

864 1293 953 1323 doles
980 1294 1066 1332 quod
1096 1294 1244 1331 invides,
1268 1293 1388 1331 sentis,
1416 1292 1474 1322 sed
1500 1297 1566 1320 non

864 1339 1037 1370 consentis.
1060 1340 1168 1370 Passio
1197 1339 1266 1377 est,
1293 1338 1487 1377 quandoque
1513 1344 1566 1366 sa-

864 1383 988 1422 nanda,
1008 1393 1074 1415 non
1096 1385 1182 1415 actio
1203 1383 1459 1414 condemnanda.
1480 1383 1568 1411 Tan-

864 1430 932 1459 tum
943 1438 1010 1461 non
1023 1430 1091 1460 illic
1102 1430 1245 1460 resideas
1253 1452 1263 1468 ‚
1276 1429 1485 1468 iniquitatem
1497 1435 1567 1457 me-

863 1473 968 1505 ditans
989 1475 1024 1506 in
1045 1475 1145 1505 cubili
1161 1476 1235 1513 tuo,
1248 1474 1389 1513 qualiter
1408 1472 1567 1504 videlicet

864 1519 972 1551 foveas
993 1521 1160 1559 morbum,
1181 1520 1360 1551 satisfacias
1374 1518 1477 1558 pesti,
1493 1526 1567 1556 per-

863 1566 1007 1604 sequaris
1028 1567 1209 1604 insontem,
1224 1566 1310 1597 bene
1326 1565 1367 1595 ab
1393 1564 1449 1594 illo
1473 1564 1563 1602 gesta

863 1614 1086 1644 calumniando
1096 1635 1106 1652 ‚
1123 1613 1335 1652 deprimendo
1347 1633 1356 1650 ‚
1371 1611 1567 1650 perverten-

862 1658 913 1695 do,
923 1659 1020 1697 atque
1032 1659 1238 1697 impediendo
1249 1657 1402 1696 gerenda.
1414 1655 1566 1694 Alioquin

863 1711 926 1733 non
935 1705 1032 1735 nocet
1039 1703 1221 1734 ambulanti
1230 1704 1264 1734 et
1272 1700 1465 1733 extendenti
1477 1709 1512 1731 se
1525 1701 1565 1730 ad

862 1748 994 1779 meliora
1007 1771 1016 1787 ‚
1033 1749 1119 1787 quod
1136 1750 1205 1785 jam
1224 1756 1290 1779 non
1308 1748 1378 1785 ipse
1394 1747 1565 1784 operatur,

861 1794 918 1823 sed
935 1794 1022 1832 quod
1044 1793 1171 1824 habitat
1185 1793 1220 1823 in
1235 1801 1273 1823 eo
1295 1792 1479 1830 peccatum.
1494 1792 1564 1821 Non

862 1839 909 1869 est
917 1847 991 1877 ergo
1003 1839 1225 1869 damnatioilli
1237 1860 1246 1877 ,
1256 1838 1385 1876 quinon
1395 1837 1449 1867 dat
1461 1845 1564 1867 mem-

862 1885 917 1914 bra
932 1893 989 1915 sua
996 1892 1083 1915 arma
1096 1883 1279 1923 iniquitati,
1294 1891 1359 1913 non
1372 1883 1515 1921 linguam
1523 1883 1564 1912 ad

861 1930 1099 1961 detrahendum
1110 1951 1120 1968 ‚
1150 1938 1215 1959 non
1242 1929 1417 1968 quicquam
1444 1928 1564 1966 reliqui

861 1975 1002 2014 corporis
1016 1976 1057 2006 ad
1072 1975 1255 2006 laedendum
1268 1974 1491 2005 nocendumve
1503 1974 1566 2003 ali-

860 2030 923 2059 quo
934 2022 1029 2052 modo
1041 2029 1050 2050 :
1064 2021 1166 2060 magis
1175 2020 1285 2051 autem
1297 2019 1509 2050 confunditur
1517 2019 1564 2048 sic

860 2076 894 2097 se
915 2075 986 2098 esse
1006 2068 1091 2097 male
1106 2067 1258 2097 affectum
1273 2074 1282 2096 ε
1299 2067 1332 2096 et
1352 2065 1505 2096 inolitum
1520 2074 1563 2094 ex

861 2113 952 2151 longo
964 2112 1082 2144 vitium
1091 2111 1272 2142 confitendo
1283 2110 1409 2149 ‚flendo
1419 2132 1428 2147 ‚
1442 2109 1562 2140 orando

860 2158 993 2188 conatur
1013 2158 1199 2195 expellere3
1218 2157 1252 2187 et
1266 2164 1341 2186 cum
1355 2163 1420 2186 non
1435 2163 1562 2194 praeva-

860 2203 924 2240 let,
939 2203 1050 2232 mitior
1064 2202 1141 2232 inde
1157 2202 1199 2231 ad
1213 2210 1325 2232 omnes
1335 2223 1344 2239 ,
1358 2200 1455 2239 atque
1475 2200 1562 2239 apud

859 2257 892 2279 se
909 2248 1064 2278 humilior
1084 2247 1264 2278 invenitur.
1281 2247 1361 2284 Quis
1381 2254 1495 2277 sanum
1511 2253 1563 2276 sa-

860 2295 951 2332 piens
970 2293 1142 2324 hominum
1158 2293 1308 2331 damnet,
1320 2292 1375 2331 qui
1391 2300 1410 2322 a
1423 2291 1562 2322 Domino

859 2339 974 2370 didicit
996 2339 1086 2370 mitis
1112 2346 1201 2377 esse,
1226 2339 1260 2369 et
1284 2337 1417 2368 humilis
1445 2333 1562 2366 corde?

858 2385 948 2416 Absit
962 2385 999 2415 ut
1014 2384 1203 2416 inveniatur
1221 2392 1340 2423 expers
1358 2381 1469 2414 salutis
1484 2379 1560 2410 irni-

860 2431 941 2461 tator
948 2430 1121 2461 Salvatoris
1129 2452 1138 2469 ‚
1147 2429 1255 2468 sponsi
1266 2428 1416 2460 Ecclesiae
1428 2424 1557 2457 Domini

858 2476 960 2507 nostri
969 2477 1045 2506 Jesu
1059 2476 1198 2515 Christi,
1209 2474 1267 2515 qui
1278 2475 1435 2512 estsuper
1446 2469 1556 2501 omnia

124 2530 222 2552 uiuum
247 2520 377 2553 autem?
396 2520 503 2553 Unum
526 2521 636 2553 autem
652 2543 662 2560 ‚
691 2521 800 2561 inquit
813 2543 823 2561 ,
861 2522 945 2552 Deus
959 2521 1152 2553 benedictus
1167 2519 1202 2551 in
1217 2519 1353 2557 saecula,
1368 2522 1472 2548 amen.
