1830 3073
497 229 554 257 DE
579 224 791 257 DIVERSIS
817 225 968 254 SERMO
987 226 1073 254 le.

76 293 160 316 mur.
176 285 215 316 Et
225 284 259 315 in
273 282 418 314 moribus
435 282 567 321 quidem
580 283 680 312 solam
691 280 771 319 puto

76 331 223 361 sufficere
232 329 403 367 justitiam,
416 328 542 359 caeteris
552 330 661 359 tamen
672 328 775 358 virtu-

79 376 166 406 tibus
188 374 436 405 circumfultam.
463 375 575 413 ltaque
602 382 644 404 ne
665 379 773 403 errore

80 420 206 451 fallatur
219 420 426 457 ignorantiae,
442 420 484 449 sit
504 420 535 449 ei
561 418 681 458 praevia
696 425 775 456 pru-

79 465 185 496 dentia
202 473 210 494 ε
226 465 291 495 sint
305 465 381 495 hinc
396 465 473 495 inde
490 463 706 503 temperantia
726 463 776 492 at-

75 518 140 548 que
163 510 318 540 fortitudo
329 532 338 547 ‚
350 519 391 541 ne
408 511 489 541 forle
504 511 651 547 labatur,
665 509 718 539 vel
740 507 774 538 in

76 555 247 585 dexteram
260 578 270 595 ,
282 557 337 587 vel
351 556 386 586 in
399 556 563 587 sinistram
578 554 704 595 partem
717 554 776 585 de-

74 600 237 631 elinando.

272 691 441 725 SERMO
464 689 572 724 LIII.

233 765 273 791 De
284 765 447 790 nominibus
459 764 614 790 Salvatoris.

116 826 145 856 Ι.
168 826 210 856 Et
233 825 392 856 vocabitur
412 834 524 855 nomen
542 826 606 864 ejus
631 825 775 856 Admira-

77 872 155 910 bilis,
169 873 389 909 Consilium-ius,
413 874 515 909 Deus,
540 873 655 909 Fortis,
682 874 776 902 Pater

76 919 175 955 (uitari
184 918 297 954 saeculi,
311 918 456 956 Princeps
466 918 562 955 pacis.
576 917 776 948 Admirabilis

75 964 124 993 est
142 964 175 993 in
190 961 379 1000 nativitate3
393 964 597 994 consiliarius
613 962 646 992 in
661 962 777 1001 praedi-

73 1010 220 1047 catione,
236 1011 320 1040 Deus
338 1009 373 1039 in
397 1009 608 1047 operatione3
625 1010 724 1039 Fortis
742 1008 776 1038 in

74 1056 246 1093 passione3
269 1057 362 1086 Pater
377 1055 477 1093 futuri
490 1056 593 1085 sceculi
609 1055 643 1084 in
668 1063 777 1085 resur-

76 1102 242 1138 rectione3
268 1103 416 1140 Princeps
442 1102 530 1139 pacis
554 1101 589 1130 in
617 1101 777 1140 perpetua

76 1147 290 1177 beatitudine.
306 1147 380 1176 Haec
390 1146 490 1177 etiam
499 1147 630 1176 nomina
644 1148 777 1185 possunt

74 1193 107 1223 ei
131 1201 270 1230 congrue
296 1192 449 1229 assignari
475 1192 509 1221 in
536 1201 634 1230 opere
661 1192 776 1222 nostrae

74 1238 199 1268 salutis.
217 1238 296 1267 Nam
309 1237 416 1275 primo
441 1236 562 1266 dicitur
576 1238 776 1268 Admirabilis

76 1283 110 1313 in
127 1282 337 1313 conversione
352 1281 471 1311 nostrae
486 1282 667 1312 voluntatis
680 1305 689 1319 ,
704 1291 775 1321 quae

76 1329 216 1358 mutatio
245 1329 296 1358 est
323 1327 424 1358 solius
456 1328 603 1357 dexterae
633 1329 774 1359 Excelsi.

75 1374 278 1404 Postmodum
295 1374 414 1403 dicitur
428 1374 629 1404 Consiliarius
644 1374 677 1403 in
685 1383 778 1405 reve-

78 1420 200 1450 latione
215 1429 280 1450 suae
297 1419 494 1457 voluntatis,
511 1419 637 1457 quando
651 1421 777 1451 revelat

76 1467 156 1506 quid
165 1465 366 1504 sequendum
380 1465 491 1502 sitjam
501 1465 776 1498 conversis.Unde

75 1513 192 1542 Paulus
207 1519 381 1541 conversus
388 1510 536 1540 dicebat:
550 1513 692 1550 Domine,
706 1515 777 1552 quid

76 1567 124 1589 me
141 1559 187 1588 vis
205 1556 327 1595 facere?
341 1557 492 1587 Conversi
519 1557 628 1587 autem
644 1566 775 1589 necesse

75 1605 126 1634 est
141 1602 395 1641 compungantur
408 1611 467 1641 pro
486 1603 662 1641 praeteritis
677 1604 777 1634 delic—

76 1650 135 1687 tis,
149 1650 181 1679 in
197 1657 331 1687 quorum
344 1649 532 1678 remissione
549 1648 668 1679 dicitur
682 1652 776 1688 Deus,

77 1696 169 1733 cujus
190 1695 314 1725 tantum
339 1695 388 1724 est
438 1694 572 1733 peccata
593 1695 775 1726 remittere.

77 1742 158 1771 Hinc
175 1742 224 1771 est
240 1740 324 1779 quod
340 1740 505 1770 Salvatore
521 1741 630 1771 nostro
643 1741 677 1771 in
692 1742 777 1772 terra

77 1785 265 1815 remittente
287 1786 439 1822 peccata,
454 1784 557 1814 Judaei
574 1785 688 1815 dicunt
703 1794 776 1816 eum

79 1831 320 1869 blasphemare,
336 1830 427 1868 quasi
444 1830 498 1868 qui
520 1832 698 1862 assumeret
716 1833 776 1862 sibi

77 1877 162 1915 quod
191 1876 260 1906 erat
289 1876 388 1905 solius
410 1876 482 1905 Dei.
512 1876 631 1913 Quarto
661 1877 779 1908 dicitur

79 1924 180 1953 Fortis
194 1931 201 1951 τ
213 1922 307 1959 juxta
324 1922 519 1951 sententiam
535 1923 621 1952 enim
636 1923 777 1961 Apostoli

75 1975 207 1999 necesse
223 1968 284 2004 est,
306 1967 343 1996 ut
367 1975 470 1996 omnes
484 1968 537 2005 qui
547 1968 595 2006 pie
616 1968 721 1999 volunt
735 1971 778 2000 vi-

76 2025 142 2046 vere
164 2015 195 2043 in
220 2012 340 2043 Christo
361 2014 445 2049 Jesu,
469 2015 706 2052 persecutionem
721 2025 778 2054 pa-

77 2062 203 2092 tianlur.

115 2106 146 2135 2.
164 2105 226 2135 Sed
242 2103 313 2142 quis
328 2103 515 2142 sustineret,
530 2104 593 2134 nisi
609 2104 666 2135 ille
685 2105 778 2143 juva-

77 2153 124 2182 ret
139 2150 251 2181 'stssnde
276 2149 381 2179 David
408 2158 415 2177 z
442 2151 511 2180 Nisi
532 2152 605 2189 quia
626 2153 776 2183 Dominus

76 2199 189 2237 adjuvit
206 2205 265 2232 me,
275 2196 369 2234 paulo
391 2196 492 2226 minus
507 2196 671 2227 habitasset
683 2199 714 2228 in
729 2200 777 2228 in-

76 2244 161 2282 {erno
179 2243 285 2271 anima
304 2250 385 2270 mea.
404 2241 482 2270 Cum
499 2249 573 2279 ergo
587 2250 644 2272 nos
666 2242 700 2272 in
721 2244 777 2273 tri—

76 2288 239 2319 bulatione
255 2286 406 2325 protegit,
423 2295 496 2316 cum
512 2287 596 2325 ipsas
611 2289 778 2327 aeriaspo-

75 2335 209 2365 testates
223 2332 312 2362 arcet
334 2333 458 2362 anobis
480 2341 516 2362 ac
531 2334 680 2373 repellit,
698 2336 777 2374 quid

76 2380 163 2410 aliud
175 2380 206 2408 in
216 2378 276 2408 hoc
288 2386 385 2416 opere
395 2378 458 2408 dici
468 2379 585 2417 potest,
594 2379 657 2409 nisi
666 2380 778 2412 fortis?>

75 2425 166 2455 Unde
183 2423 305 2453 dictum
322 2424 370 2453 est
386 2431 394 2452 ε
410 2425 563 2454 Domitius
575 2425 664 2462 soriis
685 2428 778 2466 elpo-

77 2474 152 2507 tens,
169 2470 443 2506 Dominus-polens·
461 2470 493 2498 in
514 2470 631 2507 proelio.
647 2471 686 2501 Et
700 2481 778 2510 quo..

75 2517 161 2546 niam
179 2515 248 2554 ipsa
270 2514 453 2552 conversio,
471 2514 504 2543 et
517 2515 585 2544 vita
609 2517 717 2546 nostra
742 2518 776 2548 in

76 2557 337 2598 Christo'agenda
361 2559 421 2597 est,
436 2568 500 2589 non
516 2560 639 2590 intuitu
654 2561 779 2601 tempo-

75 2607 194 2636 ralium
217 2613 342 2642 rerum,
367 2605 424 2634 sed
447 2613 502 2643 spe
525 2605 707 2636 futurorum
723 2608 779 2638 ho-

76 2658 191 2680 norum
209 2660 216 2679 :
231 2650 303 2680 ideo
318 2650 432 2688 quinto
446 2651 516 2680 loco
530 2651 672 2690 ponitur,
686 2654 776 2683 Pater

810 279 910 317 facturi
919 280 1033 310 soeculi.
1046 279 1141 309 Pater
1151 279 1280 312 scilicet
1293 282 1326 312 in
1341 291 1512 321 regenera—

809 325 897 354 tione
920 333 1091 363 corporum
1115 326 1308 356 nostrorum.
1331 329 1411 365 Quia
1433 339 1511 361 vero

808 379 912 401 omnes
923 372 1043 409 quidem
1055 380 1265 409 resurqemus,
1281 373 1399 402 sednon
1411 383 1456 403 om
1462 384 1513 406 nes

810 415 1045 446 immutabimur
1056 425 1067 446 .-
1081 416 1119 445 ut
1133 415 1296 446 discernat
1316 416 1514 449 immutatio-

807 468 882 490 nem
896 460 1056 498 Justorum
1077 460 1119 490 ab
1140 460 1329 498 iniquorum
1348 469 1514 493 resurrec-

808 506 908 544 tione,
924 507 1060 545 ponitur
1073 506 1167 536 sexto
1182 506 1252 536 loco
1262 509 1410 546 Princeps
1415 510 1512 546 pacis.

807 552 875 589 Qua
896 552 1048 590 obtenta,
1065 552 1133 582 tota
1154 551 1314 590 perfectio
1339 552 1514 591 impletur,

808 605 869 627 nec
881 597 948 634 jam
963 597 1049 627 ultra
1063 597 1154 627 aliud
1168 597 1344 636 quicquam
1359 599 1516 637 appeten-

808 643 885 673 dum
896 643 1103 682 relinquitur.
1113 644 1183 682 Ipsa
1196 644 1246 674 est
1255 644 1358 682 enim,
1371 644 1406 674 in
1421 644 1515 682 cujus

809 689 1028 720 exsultatione
1037 690 1179 720 concinit
1188 690 1370 728 Psalmista,
1380 690 1514 721 dicens:

808 736 918 766 Lauda
931 736 1102 766 Jerusalem
1115 737 1298 773 Dominum,
1313 736 1407 767 lauda
1415 738 1516 767 Deum

809 781 896 811 tuum
921 783 995 812 Sion
1017 791 1028 812 ε
1053 783 1202 820 quoniam
1225 783 1410 821 confortavit
1431 791 1516 814 seras

807 829 970 866 portarum
984 830 1124 866 tuarum,
1148 829 1302 859 benedixit
1313 829 1385 867 filiis
1401 830 1461 860 tuis
1482 831 1517 859 in

810 874 854 910 te,
870 875 924 913 qui
944 875 1046 913 posuit
1066 874 1143 912 fines
1158 875 1225 905 tuos
1246 883 1366 913 pacem.
1392 875 1515 904 Horum

810 927 868 949 sex
883 919 1051 950 nominum
1073 920 1338 958 consequentiam
1358 919 1392 950 et
1412 920 1517 951 virtu·

809 965 875 994 tem
890 965 1036 995 breviter
1059 966 1156 1004 atque
1179 966 1348 1005 eleganter
1368 975 1517 1005 compre-

810 1009 924 1041 hendit
934 1019 998 1040 uno
1014 1011 1145 1041 nomine
1163 1011 1304 1049 Angelus
1318 1012 1454 1050 loquens
1474 1012 1516 1041 ad

809 1055 928 1094 Joseph
944 1064 952 1084 τ
974 1057 1017 1086 Et
1034 1056 1168 1093 vocabis,
1185 1056 1310 1095 inquit,
1325 1066 1437 1087 nomen
1451 1058 1517 1095 ejus

809 1103 924 1132 Jesum.
941 1101 1036 1139 Cujus
1059 1102 1219 1132 videlicet
1246 1102 1387 1132 nominis
1414 1111 1517 1141 expo-

810 1155 891 1177 nens
905 1148 1065 1178 rationem
1081 1156 1089 1176 ε
1106 1150 1173 1186 Ipse
1196 1150 1279 1178 enim
1291 1169 1301 1185 ,
1314 1148 1375 1185 ait,
1396 1149 1516 1178 salvum

810 1193 901 1231 faciet
912 1194 1061 1232 populu-m
1081 1203 1174 1224 suum
1202 1203 1223 1224 a
1244 1195 1376 1233 peccatis
1396 1203 1515 1224 eorum.

1009 1296 1182 1329 SERMO
1215 1296 1322 1329 LIV.

981 1366 1022 1390 De
1036 1366 1218 1397 Apparitione
1231 1366 1346 1392 Christi.

849 1418 961 1448 Purus
974 1418 1034 1447 Dei
1051 1418 1215 1456 apparuit,
1223 1419 1260 1448 ut
1274 1426 1332 1448 nos
1344 1417 1517 1456 adjuvaret

809 1463 842 1493 et
856 1463 1022 1494 erudiret:
1036 1464 1122 1501 quod
1137 1464 1265 1502 potest,
1281 1464 1358 1502 quia
1382 1465 1430 1494 est
1442 1464 1518 1494 Vir-

809 1511 861 1540 tus
873 1509 987 1548 Palris,
1004 1510 1038 1540 et
1053 1509 1233 1548 Sapientia.
1246 1510 1357 1540 Virtus
1370 1510 1517 1548 adjuvat,

810 1555 975 1594 Sapientia
986 1555 1093 1585 erudit
1108 1556 1142 1586 et
1157 1555 1320 1586 informat.
1332 1556 1518 1587 infirmitati

810 1602 970 1632 auxilium
980 1602 1030 1631 est
1044 1602 1283 1632 necessarium:
1302 1603 1428 1632 caecitas
1443 1612 1518 1633 eru-

811 1648 934 1678 ditione
962 1647 1086 1686 indiget
1115 1648 1149 1677 et
1181 1647 1339 1678 doctrina.
1369 1649 1519 1679 Erudivit

811 1702 906 1731 sane,
933 1693 1058 1723 faciens
1079 1693 1239 1731 abnegare
1264 1693 1466 1732 impietatem
1484 1695 1519 1724 et

811 1739 975 1769 saecularia
991 1739 1163 1776 desideria,
1180 1740 1217 1769 ut
1232 1739 1352 1777 sobrie,
1368 1741 1402 1769 et
1416 1740 1516 1777 juste,

811 1785 843 1815 et
855 1785 909 1823 pie
924 1785 1085 1814 vivamus.
1101 1784 1254 1822 Impietas
1276 1785 1344 1814 erat
1365 1785 1519 1815 incredu-

811 1830 897 1867 litas,
914 1829 990 1867 quia
1006 1829 1110 1858 Deum
1126 1837 1187 1858 nec
1210 1829 1424 1859 credebamus
1435 1851 1444 1867 ,
1456 1839 1518 1860 nec

812 1875 1006 1905 colebamus.
1027 1875 1132 1904 Deum
1150 1875 1238 1904 enim
1259 1874 1343 1904 sicut
1361 1875 1452 1913 pium
1469 1878 1519 1906 est

812 1923 930 1958 colere,
947 1921 993 1950 sic
1009 1920 1148 1958 impium
1163 1921 1211 1950 est
1223 1920 1395 1958 abnegare.
1413 1921 1519 1952 Saecu-

811 1967 890 1997 laria
906 1966 1066 1996 desideria
1082 1967 1157 1996 sunt
1172 1966 1433 2004 concupiscentia
1449 1976 1518 1998 car-

810 2013 872 2050 nis,
887 2012 1149 2051 concupiscentia
1165 2012 1345 2049 oculorum,
1364 2014 1515 2050 superbia

811 2061 908 2090 vitae:
922 2068 994 2097 quae
1009 2057 1146 2088 trahunt
1158 2058 1191 2088 et
1206 2058 1364 2088 inclinant
1380 2059 1419 2088 ad
1430 2068 1519 2090 amo-

811 2115 879 2136 rem
896 2105 1017 2135 saeculi.
1035 2104 1106 2134 Istis
1129 2103 1296 2142 abnegatis
1316 2104 1401 2135 vivit
1421 2106 1517 2138 homo

811 2151 930 2190 sobrie,
945 2150 1112 2180 refrenans
1126 2149 1422 2187 concupiscentiam
1445 2160 1516 2182 car..

810 2197 873 2235 nis,
891 2195 1186 2234 concupiscentiam
1200 2196 1386 2233 oculorum,
1403 2205 1516 2236 super-

810 2243 897 2273 biam
911 2242 1002 2272 vitae.
1023 2242 1193 2280 Postquam
1208 2249 1286 2271 vero
1309 2241 1425 2280 incipit
1446 2252 1515 2274 esse

811 2289 956 2326 sobrius,
985 2289 1098 2318 contra
1124 2287 1290 2326 duplicem
1323 2287 1515 2321 ebrietatem

811 2335 975 2374 duplicem
998 2333 1092 2372 ponit
1119 2333 1340 2364 sobrietatem.
1371 2335 1516 2368 Ebrietas

810 2381 956 2411 exterior
977 2380 1183 2418 voluptatum
1217 2379 1348 2418 effusio,
1379 2381 1516 2414 interior

810 2426 1036 2457 curiositatum
1065 2425 1245 2464 occupatio.
1274 2426 1297 2454 E
1327 2427 1436 2456 contra
1465 2437 1517 2459 so·

812 2472 931 2502 brIetas
948 2472 1093 2502 exterior
1104 2472 1312 2510 voluptatum
1324 2471 1513 2511 refrenatio,

811 2518 949 2548 interior
965 2518 1190 2548 curiositatum
1207 2517 1365 2547 exclusio.
1376 2517 1419 2546 lta
1432 2518 1515 2549 vivit

812 2565 907 2594 homo
919 2563 1024 2593 sobrie
1038 2564 1195 2601 quantum
1211 2563 1251 2592 ad
1263 2562 1417 2599 seipsum,
1427 2562 1514 2599 juste

813 2611 968 2648 quantum
1001 2609 1041 2639 ad
1068 2609 1266 2648 proximum,
1297 2607 1348 2637 cui
1378 2609 1515 2642 exhibet

813 2655 894 2692 quod
909 2654 1030 2691 justum
1046 2655 1104 2685 est.
1119 2653 1248 2684 ,iustitia
1265 2653 1313 2682 cst
1328 2652 1361 2721 i?
1377 2652 1513 2693 duobus,
