1810 3073
499 219 545 249 IN
568 214 768 247 CANTICA
789 214 939 243 SERMO
965 212 1002 241 X.

41 277 135 319 longe
143 276 323 319 pretiosior,
331 272 607 311 excellentiorque
615 270 735 309 priore.

41 325 165 356 Sufficit
175 323 213 353 ad
222 319 421 360 probandum
433 319 504 357 eJ'us
515 316 735 347 testimonium

41 371 97 410 qui
119 371 165 400 ait
179 377 188 398 ε
203 367 395 404 Sacrificium
410 365 509 395 laudis
524 361 735 399 honorificabit

38 424 97 446 me.
111 417 173 444 Nec
197 412 332 443 dubium
357 411 438 449 quin
461 409 585 439 excitet
609 407 648 437 ad
669 407 737 436 lau-

41 460 180 491 dandum
195 456 427 487 beneficiorum
444 453 635 485 recordatio.

80 505 110 536 8.
139 506 232 534 Porro
256 511 330 533 cum
353 501 517 539 Scriptura
546 497 736 529 hoc‘solum

39 551 178 582 testetur
200 550 239 580 de
257 549 312 578 illo
333 548 397 578 alio
410 569 418 585 ,
435 547 511 585 quia
530 551 736 583 nequaquam

39 597 238 635 despicitur3
256 595 361 633 liquet
385 593 523 631 amplius
551 598 620 620 esse
649 598 737 618 com-

39 643 245 680 mendatum‚
268 640 353 679 quod
369 640 400 669 et
419 637 620 668 honorificat.
639 635 738 665 Deni—

39 698 103 728 que
118 689 197 719 illud
208 688 344 727 pedibus
359 684 541 723 apponitur,
554 683 614 712 hoc
627 681 736 720 capiti.

39 735 71 765 Si
86 736 174 766 enim
190 735 223 764 in
237 733 359 763 Christo
372 731 467 769 caput
478 729 518 759 ad
533 728 738 758 divinitatem

40 780 249 810 referendum
265 779 332 814 est,
357 775 487 806 dicente
507 774 623 812 Paulo,
641 775 738 812 Caput

42 826 157 857 Christi
166 828 264 862 Deus;
280 822 493 861 proculdubio
507 820 605 859 caput
625 819 716 857 ungit
730 841 738 856 ,

40 871 95 910 qui
110 871 227 909 gratias
242 870 325 908 agit,
340 868 491 906 quoniam
506 868 611 896 Deum
625 866 738 903 tangit,

39 923 105 946 non
123 914 300 944 hominem.
316 914 383 942 Non
406 912 482 950 quia
497 919 562 941 non
578 911 619 940 sit
645 911 740 940 homo

39 960 95 999 qui
111 960 198 989 Deus
213 959 283 996 est,
303 958 463 996 siquidem
489 957 576 986 Deus
598 956 631 986 et
646 956 740 985 homo

40 1013 124 1035 unus
146 1004 194 1034 est
215 1003 358 1034 Christus
374 1012 381 1032 ε
400 1002 456 1032 sed
471 1001 550 1040 quia
569 1009 664 1031 omne
686 1000 741 1030 ho-

40 1057 120 1079 num
135 1057 152 1078 a
167 1049 252 1085 Deo,
265 1055 329 1077 non
345 1048 383 1076 ab
400 1047 532 1076 homine
549 1045 619 1083 est,
643 1045 741 1076 etiam

41 1095 148 1133 ipsum
164 1094 246 1131 quod
263 1102 322 1131 per
344 1093 511 1122 hominem
526 1092 740 1122 ministratur.

41 1139 188 1169 Profecto
205 1139 292 1169 enim
309 1138 442 1176 spiritus
455 1139 503 1167 est
515 1138 569 1175 qui
585 1138 740 1167 vivificat.

42 1193 116 1215 caro
131 1193 195 1214 non
216 1184 347 1222 prodest
365 1184 550 1221 quicquam.
570 1183 741 1220 Propterea

42 1231 77 1261 et
97 1230 289 1260 maledictus
303 1229 359 1267 qui
374 1237 465 1266 spem
486 1237 577 1258 suam
596 1228 688 1266 ponit
711 1229 741 1257 in

42 1276 173 1307 homine
189 1284 197 1304 t
214 1275 365 1313 quoniam
392 1275 453 1304 etsi
469 1283 542 1312 spes
556 1275 663 1304 nostra
679 1275 742 1304 tota

42 1321 160 1351 merito
181 1320 305 1359 pendet
330 1328 373 1350 ex
398 1319 530 1349 homine
558 1319 649 1356 Deo;
679 1327 742 1348 non

41 1367 153 1396 tamen
169 1366 245 1404 quia
261 1366 354 1395 homo
365 1387 374 1402 ,
401 1365 459 1395 sed
480 1364 556 1402 quia
571 1364 658 1394 Deus
682 1366 741 1394 est.

42 1413 155 1450 Itaque
180 1412 262 1442 illud
281 1412 437 1449 pedibus,
457 1411 518 1440 hoc
534 1411 632 1449 capiti
651 1411 743 1440 exhi>

43 1457 164 1488 betur:
181 1458 332 1496 quoniam
349 1458 382 1487 et
406 1457 592 1487 humiliatio
615 1458 742 1488 contriti

45 1504 150 1534 cordis
178 1503 355 1533 humilitati
382 1503 532 1540 congruit
558 1503 683 1541 carnis,
713 1505 743 1533 et

44 1550 248 1588 majestatem
263 1549 357 1580 decet
369 1549 570 1588 glorificatio.
588 1551 634 1579 En
649 1550 744 1588 quale

45 1597 246 1634 unguentum
262 1595 414 1634 proposui
428 1595 521 1625 vobis
534 1617 543 1634 ,
559 1604 622 1634 quo
637 1604 671 1626 se
696 1596 746 1625 ni-

45 1643 164 1673 mirum
190 1641 279 1680 tangi
308 1642 406 1679 caput
431 1642 514 1671 illud
539 1642 746 1672 tremendum

45 1687 282 1727 principatibus
318 1695 384 1717 non
419 1687 509 1717 ducit
548 1687 721 1725 indignum
737 1711 745 1726 ,

45 1734 143 1764 immo
153 1733 322 1764 ethonoris
330 1733 457 1772 insigne
466 1733 602 1771 judicat,
615 1734 725 1765 dicens
738 1744 746 1764 τ

48 1782 240 1819 Sacrificium
257 1781 355 1810 laudi‘s
370 1780 582 1817 honorificabit
593 1789 651 1810 me.

87 1827 118 1857 9.
136 1826 351 1864 Quamobrem
375 1833 441 1855 non
469 1826 518 1855 est
541 1825 695 1864 pauperis
717 1826 749 1856 et

47 1873 172 1910 inopis,
188 1880 245 1902 seu
260 1872 370 1910 pusilli
387 1871 492 1900 cordis
515 1871 652 1909 animae,
671 1880 748 1902 con-

48 1919 146 1949 ficere
181 1917 364 1948 istiusmodi
392 1917 580 1946 unctionem
593 1939 602 1956 ,
630 1926 749 1956 nempe

49 1965 140 2002 quus
155 1965 297 1994 aromata
309 1964 342 1993 et
357 1963 482 2001 species
504 1963 571 1993 sola
587 1963 750 1994 confiden—

48 2011 94 2041 tia
114 2010 276 2049 possidet,
301 2018 373 2048 quae
398 2010 508 2039 tamen
532 2009 572 2039 de
596 2010 764 2067 libertate!

1407 211 1466 245 175

769 267 899 298 videtur
914 265 996 296 mihi
1012 264 1237 303 hujuscemodi
1252 265 1354 297 animi
1375 268 1470 307 aegri-

768 313 846 343 tudo
872 312 904 342 et
924 312 1105 342 diffidentia
1133 312 1238 341 solere
1262 313 1469 352 contingere,

770 358 825 388 aut
840 358 879 387 de
893 358 1038 387 novitate
1054 356 1211 387 videlicet
1232 359 1469 397 conversionis,

770 404 826 434 aut
855 404 944 434 certe
970 404 1010 433 de
1047 402 1300 433 conversationis
1334 403 1471 441 tepore,

771 449 897 479 etiamsi
914 449 947 479 in
960 449 1171 480 conversione
1191 449 1323 487 longum
1342 447 1472 485 tempus

770 495 932 525 babuerit.
949 495 1127 533 Utrumque
1149 494 1294 533 profecto
1319 493 1473 523 humiliat

771 542 802 570 et
824 540 938 578 dejicit
959 541 1214 577 conscientiam,
1236 541 1269 569 et
1293 538 1473 577 inquietam

772 586 866 625 facit,
884 588 961 617 dum
977 587 1047 617 sive
1063 595 1120 625 pro
1136 587 1285 624 tempore
1299 606 1308 622 ,
1324 584 1393 614 sive
1414 591 1474 621 pro

772 633 884 671 tepore
911 633 1062 671 antiquas
1082 632 1185 662 animi
1207 631 1374 670 passiones
1394 637 1474 659 nec-

772 679 849 709 dum
866 679 898 709 in
911 688 944 710 se
961 680 1122 709 emortuas
1137 678 1237 708 sentit
1260 686 1269 707 2
1294 677 1326 707 et
1341 682 1474 706 necesse

772 726 907 763 proinde
936 725 1060 755 habens
1092 724 1278 755 resecandis
1302 721 1475 753 intendere

772 772 811 801 (16
828 772 932 801 cordis
946 771 1075 801 hortulo
1096 771 1200 808 spinis
1216 768 1425 808 iniquitatum
1441 765 1476 795 et

772 817 883 848 urticis
902 817 1135 855 cupiditatum,
1158 815 1284 854 longius
1311 822 1329 844 a
1355 812 1476 843 semet-

774 865 842 902 ipsa
858 864 987 902 evagari
1012 871 1079 893 non
1104 863 1234 893 sinitur.
1257 860 1343 898 Quid
1366 857 1476 889 enim?

773 910 828 948 qui
856 910 982 940 laborat
1005 910 1040 938 in
1066 908 1191 947 gemitu
1215 916 1291 946 suo,
1310 904 1476 947 poteritne

774 958 869 987 simul
898 957 932 987 et
958 957 993 986 in
1026 956 1087 986 Dei
1113 955 1265 985 laudibus
1291 950 1477 983 exsultare?

774 1003 918 1040 Quonam
933 1002 1028 1032 modo
1044 1002 1078 1031 in
1090 1010 1145 1031 ore
1161 1000 1321 1039 gementis
1337 999 1370 1028 et
1384 997 1478 1037 plan-

775 1049 879 1087 gentis
899 1048 1026 1078 sonabit
1038 1048 1163 1086 pariter
1177 1046 1260 1076 illud
1274 1044 1381 1082 Isaiae,
1403 1052 1478 1083 qra-

777 1097 890 1125 [iarum
920 1095 1047 1125 scilicet
1066 1095 1169 1131 actio,
1195 1095 1223 1123 et
1252 1101 1315 1123 vox
1352 1088 1478 1121 laudis?

775 1142 852 1171 Nam
873 1141 957 1170 sicut
976 1149 994 1170 a
1017 1140 1169 1178 Sapiente
1189 1138 1385 1177 accipimus,
1406 1136 1479 1166 Mu-

775 1188 839 1216 sica
863 1188 896 1215 in
918 1187 1022 1222 luctu,
1048 1186 1227 1223 importuna
1253 1183 1396 1213 narratio
1422 1182 1478 1211 cst.

776 1231 923 1269 Denique
959 1231 1135 1269 gratiarum
1165 1230 1248 1259 actio
1279 1226 1478 1258 beneficium

777 1277 942 1314 sequitur,
969 1285 1033 1305 non
1057 1275 1225 1314 praecedit.
1253 1275 1336 1311 Quae
1367 1273 1478 1302 autem

777 1323 881 1352 adhuc
897 1322 931 1351 in
946 1322 1078 1352 tristitia
1096 1323 1145 1351 est
1165 1321 1293 1358 anima,
1320 1318 1480 1349 beneficio

779 1377 840 1398 non
869 1369 1009 1408 gaudet,
1032 1368 1089 1398 sed
1115 1367 1250 1405 indiget.
1278 1365 1383 1396 Habet
1402 1372 1479 1403 ergo

777 1415 862 1445 unde
886 1423 1000 1453 preces
1022 1414 1156 1451 offerat;
1179 1422 1243 1443 non
1262 1413 1372 1443 autem
1392 1411 1480 1441 unde

777 1461 897 1491 referat
918 1461 1035 1500 grates.
1059 1460 1224 1498 Quomodo
1249 1459 1338 1489 enim
1357 1456 1482 1488 recolet

777 1507 973 1537 beneficium
988 1529 996 1545 ‚
1013 1507 1098 1546 quod
1118 1515 1182 1536 non
1198 1503 1348 1543 accepit?
1367 1503 1483 1534 Merito

778 1553 913 1591 proinde
926 1553 1015 1590 dixi,
1029 1561 1094 1582 non
1110 1560 1179 1582 esse
1196 1551 1313 1581 animae
1325 1548 1482 1588 pauperis

778 1600 937 1630 conficere
966 1600 1027 1630 hoc
1057 1598 1280 1637 unguentum,
1318 1595 1405 1635 quod
1441 1594 1482 1625 de

777 1646 958 1675 recolendis
983 1645 1103 1675 divinis
1132 1643 1305 1674 benefieiis
1331 1639 1482 1680 componi

779 1692 877 1721 debet
893 1700 901 1720 τ
918 1692 1071 1730 quoniam
1091 1699 1157 1720 non
1172 1690 1280 1728 potest
1294 1688 1408 1719 videre
1431 1687 1484 1716 lu·-

779 1745 870 1774 66111,
893 1737 995 1767 (101166
1010 1737 1162 1767 tenebras
1185 1735 1343 1766 intuetur.
1358 1734 1482 1770 Nempe

780 1783 814 1812 in
828 1782 1047 1812 amaritudine
1063 1783 1130 1820 est,
1144 1781 1344 1819 occupatque
1358 1786 1484 1808 memo-

780 1828 861 1858 riam
877 1829 978 1858 tristis
993 1828 1174 1858 recordatio
1189 1826 1408 1866 peccatorum,
1422 1831 1484 1854 1166

781 1874 863 1904 libet
877 1875 988 1904 laetum
1003 1874 1170 1913 quippiam
1187 1872 1284 1903 simul
1297 1871 1482 1901 admittere.

782 1920 903 1950 Idcirco
924 1920 1043 1950 talibus
1062 1918 1232 1949 denuntiat
1254 1917 1387 1956 spiritus
1408 1924 1485 1955 pro-

781 1966 949 2004 pheticus,
966 1966 1077 1996 dicens
1091 1974 1098 1994 :
1116 1967 1241 1996 Vanum
1255 1966 1298 1995 est
1309 1964 1393 1994 vobis
1411 1964 1486 1993 ante

781 2013 875 2042 lucem
892 2021 1026 2051 snrqere.
1042 2011 1134 2049 Quod
1147 2011 1195 2040 est
1207 2033 1217 2048 ,
1231 2011 1360 2040 Frustra
1380 2008 1486 2048 surgi-

49 2056 182 2094 spiritus
207 2057 240 2086 et
267 2055 373 2085 cordis
396 2055 538 2094 puritate
561 2056 748 2087 descendat.
781 2058 823 2088 tis
845 2057 885 2088 ad
910 2058 1067 2088 intuenda
1090 2056 1249 2086 beneficia
1274 2064 1347 2093 quae
1372 2054 1484 2085 delec-

48 2103 126 2140 Quae
155 2102 242 2132 enim
267 2102 486 2140 pusillanimis
511 2101 560 2132 est
585 2102 618 2132 et
645 2104 751 2133 modi·
781 2104 873 2141 tant,
890 2103 952 2133 nisi
968 2104 1059 2142 prius
1084 2103 1217 2140 recepto
1232 2101 1355 2131 lumine
1372 2108 1486 2130 conso-

49 2157 95 2179 cae
107 2149 182 2179 fidei
194 2157 285 2178 mens
297 2170 306 2185 ,
322 2148 371 2178 rei
387 2156 452 2178 suae
465 2147 634 2178 familiaris
645 2149 750 2179 tenui-

49 2194 115 2225 tate
126 2195 355 2232 constringitur
367 2216 377 2231 ,
388 2202 449 2224 nec
464 2194 552 2225 valet
563 2202 628 2232 prae
641 2194 751 2234 inopia

50 2239 144 2270 otiari
173 2241 213 2270 ad
237 2241 416 2270 vacandum
437 2240 557 2270 divinis
578 2241 748 2280 laudibus,

51 2292 110 2315 seu
121 2285 191 2325 his,
203 2294 274 2323 quae
289 2285 401 2315 laudes
415 2285 563 2324 pariunt,
584 2286 750 2317 intuendis

52 2330 232 2360 beneficiis.
248 2332 285 2361 Et
307 2331 333 2360 si
355 2332 482 2369 quando
508 2333 596 2362 certe
617 2334 751 2363 conatur

53 2384 233 2414 assurgere,
249 2376 416 2406 confestim
432 2377 679 2408 domesticarum
696 2387 752 2408 ne-

53 2422 238 2452 cessitatum
257 2423 343 2452 curis
366 2423 556 2460 urgentibus
580 2425 752 2454 revocatur

53 2467 94 2498 ad
109 2475 164 2496 sua
175 2490 184 2505 ,
199 2468 231 2496 et
246 2467 278 2496 in
293 2476 327 2497 se
340 2469 507 2506 comprimi
520 2469 648 2507 propria
664 2478 751 2507 eges-

53 2513 119 2544 tate
140 2514 356 2551 compellitur.
374 2514 465 2551 Quod
485 2514 512 2543 si
535 2515 631 2552 hujus
653 2516 752 2546 mise—-

55 2559 111 2589 riae
126 2559 280 2598 quaeritur
302 2567 319 2588 a
335 2567 386 2589 me
402 2567 496 2589 causa
509 2581 518 2597 ,
545 2560 651 2590 dit-am
667 2562 751 2599 quod

782 2149 912 2179 lationis
941 2149 981 2180 de
1017 2149 1163 2179 reatibus
1192 2148 1249 2186 qui
1278 2147 1485 2178 conturbant.

781 2195 850 2224 Non
875 2194 924 2224 est
947 2202 1022 2232 ergo
1043 2201 1227 2232 pauperum
1250 2192 1310 2223 hoc
1335 2199 1487 2231 unguen-

782 2241 863 2271 tum.

824 2287 873 2317 10.
891 2286 953 2317 Sed
967 2286 1078 2316 videte
1093 2286 1224 2324 quinam
1240 2285 1280 2315 de
1297 2284 1366 2322 ejus
1388 2283 1482 2323 copia

784 2340 847 2362 non
863 2332 1024 2363 immerito
1041 2332 1231 2370 glorientur.
1247 2331 1338 2361 Ibant
1350 2332 1487 2369 qaudenu

784 2381 825 2409 tes
853 2378 996 2417 Apostoli
1023 2388 1043 2408 a
1064 2379 1225 2416 conspectu
1247 2377 1387 2413 concilii,
1412 2383 1488 2415 (1110-

785 2426 868 2454 niam
887 2426 971 2463 (1191ιὶ
991 2424 1089 2454 habiti
1106 2425 1176 2454 sunt
1195 2432 1250 2462 pro
1272 2424 1395 2452 nomine
1413 2424 1486 2452 Jesu,

784 2472 998 2501 contumeliam
1010 2471 1088 2508 pati.
1103 2470 1237 2499 Multum
1260 2468 1323 2498 sibi
1341 2468 1485 2506 profecto

784 2517 1022 2547 instillaverant
1044 2517 1083 2546 de
1107 2515 1308 2555 pinguedine
1334 2514 1485 2552 spirltus,

784 2570 920 2600 quorum
943 2562 1061 2592 lenitas
1086 2570 1150 2591 nou
1176 2561 1247 2590 dico
1272 2559 1401 2595 verbis,
1427 2557 1486 2587 sed

56 2603 117 2643 il)Si
132 2605 166 2635 in
180 2606 273 2635 ‘'0125ss
289 2604 299 2644 (
313 2605 375 2636 ΠῙΞῙ
391 2604 502 2646 filum)
519 2605 576 2636 aut
589 2614 678 2645 esse,
696 2609 750 2638 aut
785 2616 845 2638 nec
858 2608 1050 2638 verberibus
1065 2609 1173 2638 cessit.
1190 2606 1285 2636 Erant
1300 2605 1385 2635 enim
1403 2601 1486 2632 divi-

55 2649 154 2681 tuisse
168 2650 417 2690 recognoscetis.
433 2651 567 2693 Duabus
590 2650 631 2682 de
646 2653 750 2684 causis
786 2654 835 2684 tes
850 2653 884 2684 in
898 2654 1033 2685 caritate
1047 2675 1056 2692 ,
1081 2662 1154 2692 quae
1175 2651 1275 2683 nullis
1291 2648 1483 2681 exhauritur
