1810 3073
521 250 564 277 {N
587 246 791 276 CANTICA

88 312 196 343 fontei-e
209 312 220 342 ἓ
235 308 378 347 Denique
390 308 443 347 qm·
453 306 510 338 sc‘bi
520 315 668 345 nequam,
684 305 733 334 cui
743 305 786 334 est

89 360 183 389 bouus
199 358 212 387 ?

133 405 177 433 12.
195 403 242 432 Sit
259 402 371 431 autem
387 398 420 429 et
439 398 545 428 tidelis
557 395 716 427 confessio
728 416 738 432 ,
749 394 785 424 ut

88 447 268 477 confitearis
284 446 319 475 in
336 453 410 483 spe,
426 444 465 474 de
479 442 680 481 indulgentia
696 440 786 479 peni-

87 495 137 523 tus
153 501 215 522 non
241 491 412 528 diflidens,
436 498 477 519 ne
499 491 554 519 tuo
582 489 614 517 te
643 495 697 516 ore
722 494 785 515 non

86 541 150 570 tam
164 539 339 576 justifices,
355 544 451 575 quam
468 534 672 565 condemnes.
689 532 786 562 Judas

87 586 174 613 certe
189 584 334 622 proditor
360 581 507 616 Domini,
535 581 567 609 et
587 579 664 608 Cain
678 578 787 607 fratri-

87 631 158 660 cida
175 629 312 659 confessi
329 628 414 664 sunt,
428 629 460 656 et
473 625 567 654 diffisi
581 625 666 662 sunt,
683 624 784 653 alter:
800 594 803 655 Ι

816 245 966 273 SERMO
988 244 1079 274 XVI.
1461 246 1511 278 197

818 302 962 332 sananda
976 303 1114 333 vulnera
1128 301 1218 332 illius
1233 303 1362 341 miseri,
1384 305 1439 342 qui
1464 305 1515 334 in-

819 348 900 378 cidit
910 351 944 378 in
959 348 1123 378 latrones?
1137 349 1270 386 Septem
1283 350 1358 378 sunt
1368 358 1516 389 numero,

818 395 943 432 septem
966 395 1100 425 tortasse
1115 394 1260 433 praefatis
1274 395 1519 426 oscitationibus

819 440 1001 469 excitandis
1013 440 1271 470 accommodatae.
1284 439 1422 477 Spiritus
1432 441 1521 470 enim

819 486 892 515 vitae
917 487 986 516 erat
1012 486 1045 515 in
1070 486 1200 525 phialis.
1227 487 1274 515 Ex
1301 486 1352 515 his
1376 486 1521 524 profecto

820 531 939 562 infudit
951 533 1060 562 oleum
1074 533 1156 562 meis
1170 532 1384 569 vulneribu53
1402 531 1523 562 infudit

819 578 850 607 et
871 578 1002 616 vinum,
1024 579 1081 608 sed
1105 578 1214 608 minus
1238 585 1335 616 quam
1362 577 1438 608 olei.
1469 577 1523 609 Sic

819 631 934 662 nempe
951 624 1151 662 congruebat
1165 623 1412 654 infirmitatibus
1427 623 1522 661 meis,

87 676 235 711 Peccaci,
250 674 356 711 inquit
369 694 378 709 ‚
392 672 513 702 tradens
529 670 708 708 sanquinem
717 669 787 706 jus·
819 670 854 698 ut
875 670 1132 699 misericordiam
1152 669 1413 707 superexaltaret
1434 669 1524 706 judi-

89 723 174 758 tum,·
196 721 297 750 alter:
324 718 426 755 Major
462 718 505 746 est
528 717 674 754 {inquitas
697 724 785 751 mea,
819 715 885 753 cio,
902 715 1173 753 quemadmodum
1189 715 1265 745 vino
1281 716 1390 745 oleum
1412 723 1525 753 super·

86 775 178 804 «luam
192 767 223 795 ut
239 766 360 795 veniam
377 771 495 793 merear
506 772 516 792 .-
533 763 566 792 et
579 769 681 791 verax
696 761 785 798 lieet,
801 786 803 800 ,
819 761 1085 792 ferturinfusum.
1102 761 1364 800 Attulitproinde
1378 761 1525 800 quinque

86 812 133 841 nit
159 811 206 840 eis
229 810 350 848 profuit
371 807 513 837 infidelis
537 806 708 837 consessio.
732 807 786 836 Hae
820 806 913 836 cados
924 806 1007 844 olei,
1031 806 1102 836 vini
1127 806 1257 836 nonnisi
1286 806 1377 836 duos.
1401 807 1524 836 Vinum

87 856 197 894 itaque
227 858 292 885 tres
317 853 528 884 confessionis
553 853 786 890 observantiae,

87 902 207 939 junctae
221 902 358 939 quatuor
373 899 596 937 superioribus
613 906 789 937 compunc-

87 949 199 985 tionis,
214 946 436 984 septenarium
453 945 603 983 implent.

129 994 176 1023 13.
193 994 264 1022 Jam
282 1000 358 1021 vero
374 991 420 1021 sic
442 991 675 1028 compunctus,
693 989 726 1019 et
744 988 788 1019 sic

88 1039 269 1077 confessus,
283 1046 319 1068 ac
332 1038 462 1075 propria
478 1036 611 1074 proinde
629 1037 734 1065 certus
751 1035 789 1064 de

87 1085 151 1115 vita
163 1106 170 1120 ‚
188 1087 295 1113 cei-tus
310 1091 438 1121 quoque
455 1082 665 1111 nihilominus
678 1090 712 1111 es
731 1080 741 1120 (
756 1082 790 1110 ut
805 1089 807 1098 ³

87 1130 245 1166 arbitror)
260 1136 362 1157 -vacuo
377 1135 582 1165 nequaquam
597 1127 727 1156 nomine
738 1135 789 1164 ap-

87 1175 203 1212 pellari
233 1175 342 1203 Jesum
356 1195 365 1211 ,
396 1181 471 1202 eum
483 1194 492 1210 a
513 1173 569 1210 qui
597 1172 628 1201 in
657 1173 690 1202 te
714 1172 790 1202 talia

88 1221 190 1249 valuit
207 1221 237 1249 et
251 1220 353 1248 voluit
370 1218 509 1256 operari,
526 1226 586 1247 nec
602 1226 703 1247 vacue
716 1219 791 1248 sub-

89 1269 235 1295 secutum
252 1265 350 1294 fuisse
376 1264 528 1293 baculum
545 1272 642 1302 quem
662 1230 808 1301 prmum.

89 1313 186 1341 serat.
203 1311 271 1340 Non
287 1310 378 1340 venit
397 1318 517 1346 vacue,
534 1310 608 1347 quia
625 1318 689 1339 non
702 1310 791 1339 venit

89 1366 223 1387 vacuus.
244 1357 321 1386 Nam
345 1356 504 1394 quomodo
525 1364 664 1392 vacuus,
680 1355 714 1384 in
730 1364 792 1394 qno

91 1403 253 1433 habitavit
278 1402 448 1439 plenitudo
470 1400 483 1430 ’ἐ
510 1401 621 1438 Neque
648 1401 736 1430 enim
763 1402 790 1430 ei

90 1449 183 1479 datus
200 1450 248 1478 est
267 1448 306 1477 ad
323 1456 507 1477 mensuram
531 1447 675 1485 spiritus.
693 1448 793 1478 Deni-

90 1503 153 1533 que
184 1495 218 1524 et
244 1494 336 1524 venit
364 1495 396 1524 in
419 1495 605 1532 plenitudine
629 1495 770 1532 temporis
783 1515 791 1529 ,-

94 1541 228 1579 plenum
258 1540 394 1579 proinde
420 1539 536 1569 venire
561 1548 594 1569 se
631 1539 790 1569 indicans.

94 1587 181 1617 Bene
204 1587 355 1625 plenum,
371 1594 469 1624 quem
498 1587 591 1616 unxit
613 1586 708 1615 Patet
730 1587 793 1616 oleo

90 1635 201 1663 [mutim
218 1641 283 1671 proe
306 1633 495 1662 consortibus
522 1641 606 1669 ειιιες
634 1632 733 1662 unxit
763 1618 810 1661 eti

89 1677 176 1708 misit
192 1680 313 1716 plenum
327 1679 435 1716 qr'attoe
460 1679 488 1707 et
517 1679 665 1707 ter'lztutzs.
692 1678 809 1707 Unxit

90 1725 125 1753 ut
145 1725 293 1759 ungeret.
311 1724 429 1753 Omnes
457 1723 497 1752 ab
521 1731 559 1752 eo
582 1723 674 1753 uncti
699 1726 791 1754 sunt.
806 1708 810 1767 Ῐ

89 1769 144 1806 qui
161 1769 199 1797 de
209 1768 416 1806 plenitudine
426 1768 496 1805 ejus
506 1769 697 1798 meruerunt
711 1769 794 1798 acci

90 1823 130 1852 pi·
136 1823 180 1844 re.
199 1814 273 1843 ldeo
299 1815 375 1843 ait:
403 1815 534 1852 Spiritus
555 1816 683 1844 Domini
705 1824 795 1853 super

90 1870 136 1889 me
150 1882 158 1896 ,
181 1870 214 1890 co
235 1861 313 1899 qnod
332 1862 458 1890 unxerit
468 1869 514 1890 me
526 1881 535 1896 ‚
552 1861 591 1890 ad
607 1862 795 1890 annuntian-

90 1906 163 1935 dum
179 1907 343 1935 mansuetis
361 1907 439 1935 misit
450 1915 496 1935 me
509 1916 519 1935 .-
532 1907 564 1935 ut
575 1907 711 1936 mederet·
725 1916 794 1936 con-

92 1952 170 1981 tritis·
196 1952 303 1987 corde,
322 1953 356 1980 ut
378 1952 580 1989 proedicarem
607 1952 732 1989 captivis
747 1953 795 1981 in-

91 1995 277 2033 ‹tulqcntz'am
292 2016 302 2032 ‚
327 1997 355 2025 et
380 1996 490 2025 clausis
524 1997 735 2034 apertionem,
762 1998 809 2026 ut

90 2043 234 2079 proedicw
225 2051 290 2071 cm
308 2051 426 2072 annum
445 2042 627 2081 placabilem
646 2044 793 2073 Domino.

92 2087 250 2118 Veniebat
272 2087 282 2127 (
298 2088 334 2118 ut
350 2087 468 2127 audis)
487 2096 527 2117 un
532 2096 607 2126 gere
626 2088 795 2118 contritio-

92 2140 148 2162 nes
160 2134 282 2164 nostras
295 2156 303 2172 ‚
317 2142 354 2164 ac
369 2134 472 2164 lenire
489 2134 615 2164 dolores
630 2143 638 2163 z
656 2134 793 2172 ideoque

92 2179 184 2209 venit
200 2180 429 2217 unctus‚venit
441 2181 629 2210 mansuetus
645 2181 678 2210 et
693 2181 793 2219 mitis,

93 2227 125 2255 et
140 2226 248 2256 multae
275 2226 505 2256 misericordiae
530 2226 682 2256 omnibus
705 2227 795 2257 invo-

94 2272 241 2302 cantibus
255 2281 302 2302 sc.
324 2272 454 2302 Sciebat
470 2281 503 2302 se
519 2273 558 2302 ad
581 2273 725 2303 infirmos
740 2274 795 2304 de-

92 2317 257 2355 scendere,
268 2318 483 2356 exhibuitque
491 2319 622 2356 qualem
637 2320 792 2357 oportuit.

94 2363 131 2393 Et
154 2365 305 2401 quoniam
325 2365 436 2394 multae
451 2366 544 2394 erant
566 2365 772 2395 infirmitates
785 2388 793 2403 ‚

94 2409 191 2439 multa
206 2418 334 2447 quoque
355 2410 510 2447 providus
527 2410 674 2440 medicus
689 2411 795 2441 medi-

94 2455 218 2484 camina
233 2457 359 2486 curavit
372 2456 499 2485 afferre.
513 2456 628 2486 Attulit
644 2456 794 2494 spiritum

93 2501 260 2537 sapientiae
276 2502 308 2531 et
324 2500 510 2531 intellectus
521 2523 530 2538 ,
546 2502 699 2539 spiritum
716 2511 796 2532 con-

94 2543 204 2575 sititet
227 2545 448 2583 fortitudiniS‚
473 2546 625 2585 spiritum
648 2547 794 2579 scientiae

94 2592 127 2620 et
142 2592 283 2630 pietatis,
300 2593 333 2623 et
347 2592 498 2630 spiritum
511 2593 637 2623 timoris
650 2595 792 2625 Domini.

136 2636 184 2666 Μ.
198 2638 294 2668 Vides
308 2638 386 2677 quot
407 2639 534 2677 phialas
549 2640 663 2678 plenas
679 2641 795 2671 odora-

95 2683 212 2714 mentis
226 2685 367 2717 coelestis
381 2684 524 2717 Medicus
539 2686 733 2726 praeparavit
753 2687 794 2719 ad

819 851 980 890 siquidem
1015 852 1113 882 timor
1137 853 1266 882 tantum
1294 853 1328 882 et
1367 851 1526 882 fortitudo

821 898 911 928 fuere
928 907 936 927 :
952 898 1080 936 reliqua
1095 898 1240 937 quinque
1257 898 1368 928 oleum
1393 897 1526 936 propria

821 944 979 974 suavitate
995 944 1178 982 designant.
1196 945 1232 974 In
1246 944 1364 982 spiritu
1379 944 1524 982 denique

822 990 1020 1020 fortitudInis
1032 1012 1042 1027 ‚
1060 991 1227 1028 tamquam
1243 991 1360 1028 potens
1376 990 1528 1027 crapula-

822 1037 872 1066 tus
880 1045 897 1066 a
906 1036 993 1074 vino,
1003 1036 1171 1066 descendit
1181 1036 1220 1066 ad
1231 1036 1362 1073 inferos,
1371 1035 1528 1065 contrivit

822 1083 928 1120 portas
944 1090 1043 1112 aereas
1057 1103 1065 1118 ‚
1082 1084 1115 1112 et
1130 1082 1242 1112 vectes
1264 1081 1385 1112 ferreos
1401 1081 1528 1111 confre-

823 1129 866 1166 git
878 1137 885 1165 3
899 1128 1045 1166 alligavit
1056 1127 1184 1166 fortem,
1194 1128 1226 1157 et
1239 1135 1313 1157 vasa
1326 1127 1527 1166 captivitatis

823 1174 956 1212 eripuit.
977 1174 1151 1204 Descendit
1170 1174 1384 1204 nihilominus
1407 1173 1440 1203 in
1460 1174 1527 1212 spi-

824 1220 889 1248 rltu
901 1219 1039 1256 timoris,
1049 1219 1365 1256 sedtimendus,non
1377 1218 1525 1248 timidus.

865 1265 914 1294 15.
931 1265 955 1294 O
967 1264 1133 1303 Sapientia
1144 1264 1151 1293 !
1162 1264 1281 1302 quanta
1294 1264 1362 1293 arte
1375 1264 1529 1293 medendi

823 1311 856 1340 in
870 1311 947 1341 vino
969 1312 1001 1341 et
1023 1311 1093 1340 oleo
1113 1311 1230 1340 animae
1252 1318 1333 1340 meae
1355 1310 1528 1340 sanitatem

823 1357 1001 1395 restauras,
1027 1356 1156 1386 fortiter
1176 1356 1303 1393 suavis,
1330 1355 1364 1385 et
1385 1356 1529 1385 suaviter

823 1402 915 1431 fortis
932 1403 939 1432 t
957 1403 1048 1432 fortis
1064 1411 1121 1440 pro
1146 1409 1200 1431 me
1212 1424 1221 1439 ⁷
1247 1402 1281 1431 et
1301 1401 1409 1431 suavis
1433 1401 1526 1430 mihi.

823 1449 972 1486 Denique
988 1448 1119 1485 attingis
1135 1456 1153 1477 a
1168 1448 1231 1477 tine
1248 1455 1349 1486 usque
1372 1447 1412 1476 ad
1430 1447 1529 1476 tinem

824 1494 975 1532 fortiter,
1003 1495 1035 1524 et
1058 1494 1206 1532 disponis
1232 1493 1340 1523 omnia
1366 1493 1528 1530 suaviter,

823 1542 1009 1579 propellens
1023 1541 1216 1577 inimicum,
1234 1540 1267 1570 et
1292 1539 1458 1569 infirmum
1481 1539 1530 1569 so-

823 1595 916 1617 vens.
944 1587 1028 1617 Sana
1052 1595 1119 1622 me,
1129 1586 1286 1623 Domine
1309 1587 1342 1616 et
1367 1586 1528 1623 sanabor3

824 1633 958 1670 psallam
987 1633 1020 1662 et
1044 1632 1221 1662 confitebor
1243 1631 1366 1661 nomini
1392 1632 1469 1661 tuo.
1497 1633 1531 1661 et

807 1665 948 1708 dicam:
966 1679 1074 1710 Oleum
1089 1679 1217 1715 effusum
1228 1686 1340 1707 nomen
1353 1679 1450 1707 tumn.
1461 1678 1529 1706 Non

824 1724 936 1753 vlnum
953 1724 1090 1754 effusum
1104 1722 1115 1763 (
1131 1723 1205 1753 nolo
1221 1723 1310 1753 enim
1324 1722 1362 1751 ut
1377 1722 1478 1752 intres
1497 1724 1531 1752 in

807 1761 983 1820 {judicium
1002 1777 1076 1798 cum
1091 1777 1186 1798 servo
1201 1770 1274 1804 tuo,
1292 1766 1302 1806 )
1320 1767 1378 1798 sed
1399 1768 1506 1797 oleum
1519 1789 1529 1804 ‚

825 1823 899 1853 quia
915 1822 1047 1844 coronas
1062 1822 1114 1844 me
1130 1814 1163 1843 in
1182 1813 1407 1843 misericordia
1422 1814 1456 1843 et
1470 1814 1530 1842 mi-

824 1860 1052 1890 serationibus.
1067 1861 1184 1890 Oleum
1205 1861 1323 1898 plane,
1347 1860 1432 1898 quod
1454 1860 1530 1889 dum

810 1907 1013 1945 *supernatat
1037 1907 1163 1937 cunctis
1187 1907 1304 1945 quibus
1330 1906 1532 1936 immiscetur

824 1952 1530 1991 liquoribus,liquidoilluddesignatnomen,

823 1999 910 2037 quod
926 2000 974 2029 est
990 2007 1088 2037 super
1110 2007 1206 2029 omne
1221 2007 1353 2028 nomen.
1370 1999 1394 2027 Ο
1410 2007 1532 2028 nomen

825 2052 991 2082 praesuave
1007 2046 1040 2074 et
1063 2044 1227 2082 praednlce
1246 2043 1253 2073 t
1271 2051 1288 2073 o
1305 2052 1425 2073 nomen
1447 2052 1531 2082 prae-

825 2090 948 2119 clarum
959 2112 968 2128 ,
990 2090 1203 2128 praeelectum
1225 2090 1258 2119 et
1273 2090 1508 2127 praeexcelsum
1521 2111 1532 2127 ‚

825 2135 858 2166 et
873 2135 1152 2173 superexaltatum
1168 2135 1202 2164 in
1218 2136 1335 2165 saecula
1353 2135 1360 2164 t
1374 2135 1440 2165 Hoc
1453 2143 1532 2165 vere

825 2183 933 2212 oleum
951 2181 1037 2220 qnod
1052 2181 1217 2211 exhilarat
1233 2180 1348 2210 faciem
1372 2181 1532 2219 hominis,

825 2228 911 2266 quod
936 2228 1033 2266 caput
1059 2226 1239 2265 jejunantis
1266 2226 1466 2265 impinguat,
1496 2228 1534 2257 ut

825 2275 933 2304 oleum
948 2274 1129 2313 peccatoris
1149 2282 1214 2303 non
1235 2273 1368 2304 sentiat.
1385 2274 1452 2303 Hoc
1475 2283 1534 2304 πο-

824 2330 896 2351 men
911 2329 1025 2351 novum
1035 2342 1045 2358 ,
1061 2321 1142 2359 quod
1154 2329 1187 2351 os
1200 2321 1330 2350 Domini
1340 2322 1510 2351 nomimavit
1522 2331 1533 2359 ‚·

826 2368 912 2406 Quod
921 2368 953 2397 et
963 2369 1106 2397 vocatum
1117 2368 1160 2397 est
1175 2366 1214 2396 ab
1226 2367 1341 2405 Anqelo
1350 2368 1534 2405 priusquam

825 2414 858 2442 in
878 2415 966 2443 utero
995 2413 1215 2451 conciperetur.
1243 2412 1311 2442 Hoc
1336 2420 1401 2442 non
1430 2412 1533 2441 sotum

825 2458 973 2496 Judaeus,
989 2458 1047 2488 sed
1063 2459 1243 2497 quicumque
1268 2459 1453 2489 invocaverit
1472 2458 1534 2487 sal-

827 2514 878 2535 vus
887 2506 943 2535 erit
949 2505 1000 2542 ,in
1012 2505 1139 2534 tantum
1150 2512 1383 2543 usquequaque
1396 2503 1532 2533 effusum

827 2551 888 2581 est.
917 2551 985 2580 Hoc
1013 2551 1108 2581 Pater
1129 2550 1263 2581 donavit
1290 2549 1388 2587 Filio,
1417 2555 1533 2586 sponso

826 2597 978 2627 Ecclesiae
1004 2596 1141 2626 Domino
1156 2597 1266 2626 nostro
1290 2596 1367 2624 Jesu
1387 2593 1531 2631 Christo,

828 2641 884 2681 qui
905 2642 956 2672 est
977 2650 1076 2680 super
1101 2641 1210 2671 omnia
1232 2642 1320 2672 Deus
1342 2639 1534 2670 benedictus

829 2689 863 2719 in
880 2688 1015 2726 saecula,
1031 2695 1137 2718 amen.
