1846 3078
325 227 387 259 ‘28⁷⁴

325 285 435 315 Ardor.
449 285 520 315 Sola
531 284 691 324 siquidem
705 285 860 323 Avaritia,
871 284 1021 323 quoniam

324 330 503 360 conducere
514 331 624 369 plures
634 339 700 361 non
712 331 847 369 patitur,
861 337 926 359 uno
945 337 1022 358 con-

325 375 418 405 tenta
438 376 486 406 est
506 377 674 406 serv'iiore.
693 376 764 413 Ipse
783 382 859 405 vero
881 374 1020 410 injuncti

322 420 430 458 operis
443 423 611 460 promptus
632 421 804 450 admodum
821 420 918 456 atque
936 419 1021 448 infa-

321 466 465 504 tigabilis
487 468 675 504 exsecutor,
697 465 847 502 urgendis
867 472 945 494 sane
966 465 1020 501 ju-

321 512 440 541 mentis
455 511 656 541 trahentibus
668 531 677 548 ,
692 509 800 547 flagris
810 509 914 538 utitur
928 517 1020 539 acer-

323 555 434 594 rimis,
461 556 608 585 Libidine
637 553 825 593 acquirendi
840 575 850 592 ‚
877 553 911 585 et
931 554 1018 584 Metu

322 601 504 631 amittendi.

359 647 390 676 9.
401 648 480 676 Sunt
495 646 527 675 et
542 644 598 674 alii
609 643 868 683 principesregis
878 644 1015 683 AEgypti,

319 689 475 721 habentes
490 692 522 720 et
536 690 596 729 ipsi
612 698 725 719 currus
740 699 813 720 suos
828 690 862 719 in
882 692 1016 729 expedi—

320 737 408 766 tione
423 736 551 765 Domini
568 735 639 764 sui:
658 736 741 765 sicut
755 735 923 774 Superbia,
945 745 1016 775 quae

319 790 401 811 unus
424 782 471 810 est
482 781 521 809 de
536 780 714 817 majoribus
730 781 934 819 principibus
949 790 957 811 ε
973 782 1016 811 si-

319 827 374 855 cut
391 825 523 856 inimica
537 825 613 855 fidei
629 826 800 864 Impietas,
816 834 968 864 magnum
983 828 1016 857 et

318 871 388 908 ipsa
411 872 528 900 tenens
551 870 658 900 locum
681 871 717 900 in
741 871 834 901 domo
861 871 895 901 et
916 880 1014 909 regno

315 915 487 945 Pharaonis
502 925 510 944 :
527 916 560 945 et
574 915 669 946 multi
681 916 786 946 adhuc
801 917 878 946 sunt
891 917 947 946 alii
963 917 1015 946 in·-

316 960 443 991 serioris
457 961 578 991 ordinis
589 962 723 999 satrapae
735 962 769 991 et
783 962 920 1000 equites,
935 971 1015 1000 quo-

314 1014 386 1035 rum
413 1014 477 1036 non
512 1006 561 1037 est
586 1014 739 1037 numerus
769 1007 804 1036 in
841 1007 1014 1037 Pharaonis

316 1053 483 1090 exercitu3
509 1061 647 1091 quorum
671 1053 706 1082 et
729 1052 874 1089 nomina,
890 1053 923 1082 et
944 1053 1015 1082 offi-

314 1097 381 1135 cia3
397 1105 523 1128 necnon
532 1099 565 1128 et
576 1106 675 1135 arma,
683 1098 716 1128 et
725 1099 894 1136 apparatus
902 1106 1013 1127 eorum

314 1144 432 1173 vestris
448 1144 563 1174 studiis
579 1143 634 1183 (ut
654 1144 688 1173 in
706 1144 756 1173 his
770 1143 1011 1184 exerceamini)

314 1189 506 1227 inquirenda
523 1190 684 1228 relinquo.
705 1190 741 1219 In
757 1190 891 1219 istorum
904 1189 1012 1228 itaque

313 1235 497 1274 principum
544 1235 735 1266 fortitudine
746 1257 755 1273 ,
795 1243 1012 1273 curruumque

312 1288 455 1320 suorum,
472 1282 648 1312 invisibilis
668 1282 790 1310 Pharao
808 1280 931 1318 ubique
950 1281 1013 1311 dis-

312 1333 458 1364 currens,
472 1327 504 1356 in
527 1335 658 1356 omnem
681 1325 839 1355 familiam
864 1325 1011 1363 Domini,

311 1370 429 1407 quibus
450 1373 556 1410 potest
571 1372 715 1409 viribus,
730 1379 820 1400 more
843 1371 1012 1408 tyrannico

313 1414 548 1455 debacchatur,
571 1417 605 1446 in
625 1417 677 1447 his
694 1417 793 1447 etiam
821 1416 873 1446 his
895 1416 1011 1446 diebus

314 1462 492 1491 exeuntem
503 1463 602 1491 Israel
618 1462 658 1491 de
669 1463 799 1499 AEgypto
815 1461 1009 1499 insequitur.

312 1505 353 1533 At
364 1504 419 1535 ille
435 1514 495 1536 nec
510 1507 684 1537 subvectus
694 1507 852 1543 curribus,
864 1515 925 1536 nec
937 1516 1012 1545 pro-

311 1550 419 1580 tectus
436 1552 552 1589 armis3
577 1552 792 1582 nihilominus
815 1552 924 1581 tamen
945 1553 1010 1581 sola

311 1595 442 1626 Domini
466 1606 565 1627 manu
587 1597 803 1635 confortatus,
825 1605 937 1627 secure
953 1597 1010 1627 de-

311 1641 440 1671 cantat:
457 1643 621 1673 Cantemus
635 1644 781 1678 Domino,
795 1643 921 1680 yteriosc
930 1644 1009 1672 enim

311 1684 529 1724 honorificatus
557 1690 612 1725 est,
627 1696 739 1726 equum
764 1689 791 1716 et
820 1696 1007 1716 ascensorem

307 1731 434 1768 projecit
445 1733 477 1762 in
491 1741 590 1762 mare.
605 1733 701 1770 Item,
716 1733 758 1762 Ηὶ
780 1733 812 1761 in
828 1732 967 1762 curribus
982 1735 1009 1762 et

309 1774 343 1804 hi
355 1776 387 1804 in
400 1778 503 1816 cquis3
518 1787 574 1808 'nos
585 1779 688 1807 autem
703 1778 735 1806 in
751 1777 874 1805 nomine
884 1778 1010 1806 Domini

308 1821 369 1851 Dei
378 1824 475 1852 nostri
487 1822 752 1854 invocabimusAEt
764 1822 832 1852 haec
845 1822 929 1852 dicta
943 1822 1009 1852 sint

309 1873 367 1903 pro
387 1867 524 1897 adducta
547 1867 764 1898 similitudine
791 1867 832 1897 de
859 1868 1008 1906 equitatu

308 1911 452 1951 Domini,
468 1915 502 1944 et
516 1914 666 1944 curribus
679 1913 864 1943 Pharaonis.

350 1958 401 1987 10.
416 1959 489 1989 Post
510 1960 579 1990 haec
599 1961 701 1989 amica
721 1959 914 1997 appellatur.
928 1959 1007 1988 Nam

310 2001 380 2040 ipse
395 2005 526 2042 quidem
541 2006 576 2035 et
590 2006 665 2035 ante
679 2005 907 2034 liberationem
925 2005 1007 2033 ami-

308 2055 366 2077 cus
383 2051 469 2088 erat,
485 2051 629 2090 alioquin
644 2058 709 2079 non
724 2050 894 2080 liberasset
910 2058 1006 2087 quam

309 2101 374 2123 non
390 2098 547 2127 amasset:
567 2097 625 2128 sed
637 2097 692 2126 illa
707 2096 866 2126 beneficio
887 2095 1007 2125 libera-

309 2139 408 2171 tionis
423 2142 560 2173 adducta
575 2144 624 2174 est
637 2143 675 2173 ut
690 2144 776 2173 esset
789 2142 903 2171 amica.
924 2141 1005 2171 Audi

310 2183 450 2224 denique
472 2189 690 2219 confitentem.
706 2190 778 2219 Non
802 2189 876 2226 quia
895 2188 1007 2217 dilexe-

310 2230 406 2260 rimus
421 2241 489 2262 ωιτη
502 2243 569 2271 nos,
582 2234 704 2273 inquit,
719 2235 768 2265 sed
789 2235 849 2272 ipse
861 2234 949 2272 prior
962 2234 1006 2262 di-

309 2274 384 2304 lexic
398 2285 464 2306 nos.
481 2279 661 2309 Recordare
672 2287 757 2309 nunc
770 2279 851 2308 mihi
864 2279 960 2316 Moysi
973 2279 1005 2308 et

309 2320 519 2359 AEthiopissae,
538 2324 569 2353 et
582 2332 716 2362 agnosce
730 2324 796 2362 J'am
810 2326 886 2354 tunc
900 2323 1004 2362 praess-

309 2367 459 2403 guratum
489 2368 670 2406 conjugium
691 2370 789 2400 Verbi
822 2370 856 2400 et
890 2370 1004 2399 animae

310 2412 518 2450 peccatricis,
531 2416 564 2443 et
579 2415 725 2445 discerne
736 2437 744 2453 ,
761 2417 787 2445 si
802 2416 912 2454 potes,
926 2416 1004 2454 quid

307 2457 371 2486 tibi
401 2456 527 2488 dulcius
557 2459 659 2496 sapiat
682 2460 717 2489 in
750 2462 1003 2492 consideratione

309 2503 491 2533 suavissimi
505 2506 706 2544 sacramenti,
716 2507 856 2537 Verbine
865 2508 1003 2538 nimium

309 2548 448 2587 benigna
465 2549 627 2588 dignatio,
640 2558 679 2579 an
698 2552 811 2581 animae
829 2553 1003 2584 inaestima-

309 2593 386 2624 bilis
401 2595 513 2634 gloria,
528 2603 569 2625 an
580 2595 745 2634 inopinata
756 2597 873 2627 fiducia
886 2607 1002 2636 pecca-

309 2640 397 2670 toris.
407 2641 467 2671 Sed
480 2649 542 2672 non
555 2641 660 2682 potuit
674 2642 795 2681 Moyses
806 2643 1001 2683 AEthiopissae

789 233 818 260 S.
847 231 1077 260 BERNARDI
1106 232 1296 260 Ansslels

1055 284 1180 314 mutare
1198 285 1317 323 pellem
1327 308 1336 326 ‚
1349 285 1453 325 potuit
1469 284 1622 317 Christus.
1636 286 1752 326 Sequi<

1056 328 1107 356 tur
1122 328 1229 358 enim:
1244 330 1364 361 Pulcrae
1377 333 1447 361 sunt
1467 340 1549 370 qenoe
1577 333 1649 368 tuoe,
1674 333 1753 362 sicut

1055 374 1193 404 turturis.
1210 374 1272 404 Sed
1293 375 1354 405 hoc
1368 377 1508 406 sermoni
1531 376 1624 406 alteri
1645 384 1751 405 reser-

1053 419 1166 457 vetur3
1182 420 1218 449 ut
1233 427 1361 457 semper
1371 430 1441 459 quae
1460 422 1494 451 in
1512 429 1621 451 mensa
1642 420 1750 459 sponsi

1053 463 1144 494 nobis
1173 466 1395 504 apponuntur,
1418 475 1491 496 cum
1515 466 1670 496 aviditate
1698 475 1750 496 su-

1052 511 1190 547 mentes,
1207 512 1392 540 eructemus
1406 512 1440 540 in
1456 512 1558 550 ipsius
1572 511 1701 541 laudem
1716 511 1750 541 et

1051 554 1197 593 gloriam,
1212 555 1289 585 Jesu
1299 555 1416 585 Christi
1426 557 1555 585 Domini
1566 556 1678 593 nostri,
1690 554 1749 594 qui

1051 600 1099 628 est
1115 608 1213 638 super
1224 601 1332 630 omnia
1342 602 1428 633 Deus
1438 601 1628 632 benedictus
1638 601 1674 630 in
1687 608 1748 630 sae-

1052 644 1134 682 cula,
1152 653 1259 675 amen.

1258 740 1428 774 sumno
1458 716 1541 774 XL.

1049 819 1134 853 Quod
1148 821 1267 846 intentio
1279 822 1314 846 sit
1328 822 1408 846 facies
1425 823 1545 850 animae;
1559 827 1624 852 quae
1637 820 1669 845 sit
1687 820 1748 851 ejus

1076 857 1241 887 pulcritudo
1264 860 1312 881 aut
1335 858 1512 886 deformitas;
1531 863 1597 888 quae
1620 856 1747 887 ejusdem

1075 893 1197 917 solitudo
1213 896 1239 917 et
1252 893 1397 924 pudicitia.

1088 958 1118 988 1.
1142 959 1264 989 Pulcroe
1274 961 1345 989 sunt
1359 967 1441 998 90⁷2ae
1459 960 1519 989 τιμε
1528 979 1539 996 ,
1552 959 1629 988 sicut
1644 958 1745 987 lurtu-

1047 1003 1100 1033 νίς.
1119 1004 1244 1033 Tenera
1265 1005 1314 1034 est
1329 1012 1453 1042 sponsae
1474 1002 1688 1038 verecundia,
1711 1002 1745 1031 et

1047 1048 1087 1077 ad
1101 1048 1355 1087 increpationem
1375 1048 1612 1087 sponsi,puto,
1643 1046 1743 1076 facies

1047 1094 1116 1130 ejus
1130 1095 1247 1124 rubore
1261 1093 1385 1124 suffusa
1400 1095 1461 1131 est,
1475 1093 1683 1132 pulcriorque
1699 1100 1741 1121 ex

1047 1147 1084 1168 co
1099 1147 1269 1178 apparens,
1286 1140 1360 1169 ilico
1388 1139 1479 1170 audit
1499 1147 1507 1168 z
1538 1139 1659 1169 Pulcroe
1671 1139 1745 1168 sunt

1046 1194 1127 1223 qenae
1147 1188 1221 1222 tuce,
1239 1187 1314 1216 sicut
1327 1187 1467 1216 turturis.
1486 1184 1566 1215 Vide
1578 1184 1687 1213 autem
1700 1191 1743 1212 ne.

1047 1232 1217 1262 carnaliter
1229 1232 1349 1270 cogites
1365 1231 1538 1261 coloratam
1554 1229 1659 1260 carnis
1680 1238 1741 1267 pu-

1046 1277 1217 1317 tredinem,
1232 1279 1264 1308 et
1277 1278 1498 1316 purulentiam
1516 1276 1591 1306 ssavi
1612 1274 1742 1312 sangui-

1046 1323 1140 1353 neive
1166 1324 1328 1361 humoris,
1360 1323 1474 1352 vitreae
1495 1322 1579 1351 cutis
1606 1319 1743 1358 superfi-

1045 1368 1128 1398 ciem
1140 1371 1323 1399 summatim
1331 1369 1426 1406 atque
1435 1367 1603 1406 aequaliter
1617 1365 1745 1395 suffun-

1045 1414 1192 1445 dentem:
1205 1415 1221 1445 ὀ
1233 1414 1570 1454 quibussibiinvicem
1577 1411 1740 1441 moderate

1044 1462 1233 1499 permixtis,
1259 1462 1300 1492 ad
1328 1460 1562 1492 venustandam
1587 1464 1741 1496 genarum

1044 1506 1184 1544 effigiem
1204 1507 1303 1537 rubor
1323 1505 1524 1545 subpallidus
1541 1505 1575 1534 in
1595 1503 1741 1533 efficien-

1043 1552 1122 1581 tiam
1143 1561 1304 1591 corporcae
1327 1550 1558 1590 pulcritudinis
1577 1550 1739 1586 tempera-

1043 1599 1105 1628 tur.
1133 1599 1283 1637 Alioquin
1312 1598 1502 1635 incorporea
1533 1595 1589 1625 illa
1623 1594 1738 1623 animae

1042 1643 1281 1683 invisibilisque
1297 1643 1489 1680 substantia,
1504 1649 1564 1671 nec
1577 1638 1738 1677 corporeis

1041 1685 1624 1728 distinctamemhris,necvisibilihus
1633 1684 1740 1713 exstat

1042 1735 1148 1765 fucata
1179 1735 1351 1765 coloribus.
1380 1734 1429 1763 Tu
1450 1740 1529 1763 vero
1557 1729 1738 1768 spiritalem

1041 1781 1213 1811 essentiam
1229 1779 1380 1819 spiritali,
1392 1779 1419 1809 si
1434 1779 1538 1817 potes,
1551 1775 1671 1813 attinge
1687 1774 1738 1803 in-

1042 1826 1137 1864 tuitu,
1151 1828 1184 1857 et
1198 1827 1238 1857 ad
1250 1826 1462 1865 coaptandum
1469 1822 1640 1863 propositae
1651 1819 1740 1850 simi-

1040 1872 1188 1902 litudinis
1209 1873 1339 1903 schema
1353 1871 1456 1910 cogita
1471 1870 1586 1900 animae
1604 1866 1736 1903 faciem,

1040 1919 1158 1948 mentis
1173 1918 1408 1954 intentionem3
1432 1924 1474 1946 ex
1494 1923 1556 1954 qua
1579 1912 1736 1943 nimirum

1040 1963 1199 1994 rectItudo
1217 1963 1341 2001 operis,
1360 1963 1443 1993 sicut
1458 1969 1501 1991 ex
1515 1959 1598 1990 facie
1613 1957 1737 1997 pulcri-

1039 2009 1117 2039 tudo
1144 2010 1297 2048 corporis,
1319 2007 1506 2038 aestImatur.
1530 2007 1627 2036 Porro
1642 2010 1737 2033 vere-

1041 2054 1192 2084 cundiam
1217 2053 1376 2092 intellige,
1402 2054 1566 2090 tamquam
1594 2049 1736 2079 colorem

1040 2099 1073 2129 in
1088 2099 1183 2137 facie,
1198 2100 1283 2138 quod
1294 2099 1362 2129 haec
1376 2098 1578 2137 potissimum
1589 2095 1693 2125 virtus
1703 2093 1737 2123 et

1038 2147 1241 2175 venustatem
1256 2146 1397 2182 ingerat,
1411 2145 1444 2174 et
1457 2143 1573 2182 augeat
1587 2141 1732 2179 gratiam.

1037 2191 1158 2220 Pulcrae
1167 2199 1239 2229 ergo
1246 2192 1316 2220 sunt
1325 2198 1406 2229 yenoe
1420 2191 1490 2226 tuoe,
1501 2190 1578 2220 sicut
1592 2187 1732 2217 turturis.

1039 2236 1167 2265 Poterat
1181 2235 1331 2265 usitatius
1350 2235 1467 2264 faciem
1486 2240 1607 2272 ponere
1623 2233 1655 2262 et
1675 2231 1733 2261 de-

1038 2280 1178 2310 scribere
1186 2281 1343 2319 puleram,
1352 2281 1435 2310 sicut
1446 2279 1540 2316 solet,
1556 2279 1606 2316 cuj
1612 2287 1648 2308 us
1659 2277 1732 2316 pul-

1039 2326 1161 2355 critudo
1168 2325 1329 2363 laudatur,
1338 2326 1446 2363 pulcra
1456 2324 1539 2354 facie
1555 2331 1612 2354 seu
1619 2323 1732 2355 decora

1038 2371 1120 2401 facie
1129 2371 1214 2400 dici:
1230 2370 1286 2400 sed
1297 2370 1406 2400 nescio
1415 2369 1494 2408 quid
1506 2369 1568 2399 sibi
1579 2369 1732 2408 voluerit,

1037 2419 1073 2447 ut
1089 2417 1188 2454 magis
1199 2424 1296 2454 genas
1308 2416 1477 2454 pluraliter
1489 2414 1661 2445 dicendum
1673 2423 1732 2453 pu÷

1038 2463 1166 2500 iuverit,
1175 2462 1238 2492 nisi
1247 2462 1331 2500 quod
1343 2461 1477 2491 minime
1490 2460 1524 2490 id
1538 2459 1729 2492 crediderim

1037 2509 1185 2539 otiosum.
1225 2508 1364 2545 Spiritus
1390 2514 1531 2545 namque
1562 2504 1729 2544 sapientia*

1036 2555 1199 2593 loquitur,
1225 2553 1278 2583 cui
1299 2561 1364 2583 non
1379 2553 1428 2583 est
1440 2552 1488 2583 fas
1502 2551 1555 2582 vel
1569 2550 1728 2582 modicum

1036 2600 1115 2639 quid
1137 2598 1268 2629 omnino
1295 2598 1477 2628 adscribere
1500 2597 1654 2632 otiosum,
1674 2596 1728 2626 aut

1035 2653 1126 2678 secus
1142 2644 1261 2675 dictum
1283 2651 1379 2682 quam
1393 2640 1582 2684 oportuerit.
1596 2641 1648 2674 Est
1670 2640 1730 2673 ita-2
