<?xml version="1.0" encoding="UTF-8"?>
<!DOCTYPE html PUBLIC "-//W3C//DTD XHTML 1.0 Transitional//EN"
    "http://www.w3.org/TR/xhtml1/DTD/xhtml1-transitional.dtd">
<html xmlns="http://www.w3.org/1999/xhtml" xml:lang="en" lang="en">
 <head>
  <title>
</title>
<meta http-equiv="Content-Type" content="text/html;charset=utf-8" />
  <meta name='ocr-system' content='tesseract 3.04.00' />
  <meta name='ocr-capabilities' content='ocr_page ocr_carea ocr_par ocr_line ocrx_word'/>
</head>
<body>
  <div class='ocr_page' id='page_1' title='image "./operagenuinajuxt03bernuoft/operagenuinajuxt03bernuoft_0107.png"; bbox 0 0 1830 3073; ppageno 0'>
   <div class='ocr_carea' id='block_1_1' title="bbox 477 206 1035 243">
    <p class='ocr_par' dir='ltr' id='par_1_1' title="bbox 477 206 1035 243">
     <span class='ocr_line' id='line_1_1' title="bbox 477 206 1035 243; baseline -0.013 0"><span class='ocrx_word' id='word_1_1' title='bbox 477 214 533 243; x_wconf 77' lang='lat' dir='ltr'><strong>DE</strong></span> <span class='ocrx_word' id='word_1_2' title='bbox 555 208 765 240; x_wconf 79' lang='lat' dir='ltr'><strong>DIVERSIS</strong></span> <span class='ocrx_word' id='word_1_3' title='bbox 787 206 938 235; x_wconf 83' lang='lat' dir='ltr'><strong>·SERMo</strong></span> <span class='ocrx_word' id='word_1_4' title='bbox 965 209 1035 236; x_wconf 84' lang='lat' dir='ltr'><strong>Lll.</strong></span> 
     </span>
    </p>
   </div>
   <div class='ocr_carea' id='block_1_2' title="bbox 53 265 772 2628">
    <p class='ocr_par' dir='ltr' id='par_1_2' title="bbox 53 265 760 934">
     <span class='ocr_line' id='line_1_2' title="bbox 56 265 756 315; baseline -0.02 -7"><span class='ocrx_word' id='word_1_5' title='bbox 56 284 125 315; x_wconf 76' lang='lat' dir='ltr'><strong>quae</strong></span> <span class='ocrx_word' id='word_1_6' title='bbox 140 271 276 306; x_wconf 77' lang='lat' dir='ltr'><strong>amanda</strong></span> <span class='ocrx_word' id='word_1_7' title='bbox 293 276 357 300; x_wconf 91' lang='lat' dir='ltr'><strong>non</strong></span> <span class='ocrx_word' id='word_1_8' title='bbox 381 267 458 298; x_wconf 87' lang='lat' dir='ltr'><strong>sunt</strong></span> <span class='ocrx_word' id='word_1_9' title='bbox 469 290 478 306; x_wconf 88' lang='lat'><strong>‚</strong></span> <span class='ocrx_word' id='word_1_10' title='bbox 492 276 581 297; x_wconf 87' lang='lat' dir='ltr'><strong>amor</strong></span> <span class='ocrx_word' id='word_1_11' title='bbox 603 265 756 305; x_wconf 81' lang='lat' dir='ltr'><strong>purgatus</strong></span> 
     </span>
     <span class='ocr_line' id='line_1_3' title="bbox 62 314 757 352; baseline -0.017 0"><span class='ocrx_word' id='word_1_12' title='bbox 62 323 135 352; x_wconf 85' lang='lat' dir='ltr'><strong>erit.</strong></span> <span class='ocrx_word' id='word_1_13' title='bbox 152 321 202 350; x_wconf 77' lang='lat' dir='ltr'><strong>Sic</strong></span> <span class='ocrx_word' id='word_1_14' title='bbox 218 316 302 349; x_wconf 88' lang='lat' dir='ltr'><strong>etde</strong></span> <span class='ocrx_word' id='word_1_15' title='bbox 324 315 461 345; x_wconf 83' lang='lat' dir='ltr'><strong>caeteris.</strong></span> <span class='ocrx_word' id='word_1_16' title='bbox 482 314 678 343; x_wconf 80' lang='lat' dir='ltr'>ordinantur</span> <span class='ocrx_word' id='word_1_17' title='bbox 702 318 757 340; x_wconf 88' lang='lat' dir='ltr'><strong>au-</strong></span> 
     </span>
     <span class='ocr_line' id='line_1_4' title="bbox 58 355 755 396; baseline -0.017 0"><span class='ocrx_word' id='word_1_18' title='bbox 58 368 123 396; x_wconf 85' lang='lat' dir='ltr'><strong>tem</strong></span> <span class='ocrx_word' id='word_1_19' title='bbox 138 365 193 394; x_wconf 89' lang='lat' dir='ltr'><strong>sic.</strong></span> <span class='ocrx_word' id='word_1_20' title='bbox 207 364 240 392; x_wconf 88' lang='lat' dir='ltr'><strong>ln</strong></span> <span class='ocrx_word' id='word_1_21' title='bbox 254 359 347 391; x_wconf 90' lang='lat' dir='ltr'><strong>initio</strong></span> <span class='ocrx_word' id='word_1_22' title='bbox 361 360 460 389; x_wconf 88' lang='lat' dir='ltr'><strong>timor</strong></span> <span class='ocrx_word' id='word_1_23' title='bbox 472 381 482 396; x_wconf 95' lang='lat'><strong>,</strong></span> <span class='ocrx_word' id='word_1_24' title='bbox 499 358 618 388; x_wconf 87' lang='lat' dir='ltr'><strong>deinde</strong></span> <span class='ocrx_word' id='word_1_25' title='bbox 631 355 755 392; x_wconf 84' lang='lat' dir='ltr'><strong>laetitia,</strong></span> 
     </span>
     <span class='ocr_line' id='line_1_5' title="bbox 59 404 754 449; baseline -0.017 -7"><span class='ocrx_word' id='word_1_26' title='bbox 59 412 129 449; x_wconf 89' lang='lat' dir='ltr'><strong>post</strong></span> <span class='ocrx_word' id='word_1_27' title='bbox 142 408 271 440; x_wconf 77' lang='lat' dir='ltr'><strong>tristitia</strong></span> <span class='ocrx_word' id='word_1_28' title='bbox 283 426 293 444; x_wconf 91' lang='lat'><strong>,</strong></span> <span class='ocrx_word' id='word_1_29' title='bbox 308 406 343 435; x_wconf 92' lang='lat' dir='ltr'><strong>in</strong></span> <span class='ocrx_word' id='word_1_30' title='bbox 365 404 640 435; x_wconf 81' lang='lat' dir='ltr'><strong>consummatione</strong></span> <span class='ocrx_word' id='word_1_31' title='bbox 656 409 754 431; x_wconf 88' lang='lat' dir='ltr'><strong>amor.</strong></span> 
     </span>
     <span class='ocr_line' id='line_1_6' title="bbox 57 448 756 493; baseline -0.016 -7"><span class='ocrx_word' id='word_1_32' title='bbox 57 453 244 493; x_wconf 78' lang='lat' dir='ltr'><strong>Compositio</strong></span> <span class='ocrx_word' id='word_1_33' title='bbox 259 459 397 490; x_wconf 89' lang='lat' dir='ltr'><strong>quarum</strong></span> <span class='ocrx_word' id='word_1_34' title='bbox 415 450 490 480; x_wconf 88' lang='lat' dir='ltr'><strong>talis</strong></span> <span class='ocrx_word' id='word_1_35' title='bbox 507 450 566 480; x_wconf 88' lang='lat' dir='ltr'><strong>est.</strong></span> <span class='ocrx_word' id='word_1_36' title='bbox 584 449 630 478; x_wconf 90' lang='lat' dir='ltr'><strong>De</strong></span> <span class='ocrx_word' id='word_1_37' title='bbox 642 448 756 477; x_wconf 89' lang='lat' dir='ltr'><strong>timore</strong></span> 
     </span>
     <span class='ocr_line' id='line_1_7' title="bbox 56 491 758 534; baseline -0.014 -4"><span class='ocrx_word' id='word_1_38' title='bbox 56 502 90 531; x_wconf 84' lang='lat' dir='ltr'><strong>et</strong></span> <span class='ocrx_word' id='word_1_39' title='bbox 113 498 224 529; x_wconf 82' lang='lat' dir='ltr'><strong>laetitia</strong></span> <span class='ocrx_word' id='word_1_40' title='bbox 251 497 398 527; x_wconf 87' lang='lat' dir='ltr'><strong>nascitur</strong></span> <span class='ocrx_word' id='word_1_41' title='bbox 433 494 624 534; x_wconf 89' lang='lat' dir='ltr'><strong>prudentia,</strong></span> <span class='ocrx_word' id='word_1_42' title='bbox 648 491 681 522; x_wconf 89' lang='lat' dir='ltr'><strong>et</strong></span> <span class='ocrx_word' id='word_1_43' title='bbox 709 491 758 521; x_wconf 87' lang='lat' dir='ltr'><strong>est</strong></span> 
     </span>
     <span class='ocr_line' id='line_1_8' title="bbox 56 536 755 580; baseline -0.013 -6"><span class='ocrx_word' id='word_1_44' title='bbox 56 545 149 574; x_wconf 88' lang='lat' dir='ltr'><strong>timor</strong></span> <span class='ocrx_word' id='word_1_45' title='bbox 162 550 257 573; x_wconf 89' lang='lat' dir='ltr'><strong>causa</strong></span> <span class='ocrx_word' id='word_1_46' title='bbox 272 540 474 580; x_wconf 70' lang='lat' dir='ltr'><strong>prudentiae,</strong></span> <span class='ocrx_word' id='word_1_47' title='bbox 490 539 604 570; x_wconf 83' lang='lat' dir='ltr'><strong>laetitia</strong></span> <span class='ocrx_word' id='word_1_48' title='bbox 620 536 755 567; x_wconf 80' lang='lat' dir='ltr'><strong>fructus.</strong></span> 
     </span>
     <span class='ocr_line' id='line_1_9' title="bbox 56 584 758 620; baseline -0.011 -1"><span class='ocrx_word' id='word_1_49' title='bbox 56 590 101 619; x_wconf 87' lang='lat' dir='ltr'><strong>De</strong></span> <span class='ocrx_word' id='word_1_50' title='bbox 127 588 241 618; x_wconf 83' lang='lat' dir='ltr'><strong>laetitia</strong></span> <span class='ocrx_word' id='word_1_51' title='bbox 264 588 298 618; x_wconf 87' lang='lat' dir='ltr'><strong>et</strong></span> <span class='ocrx_word' id='word_1_52' title='bbox 318 586 451 617; x_wconf 76' lang='lat' dir='ltr'><strong>tristitia</strong></span> <span class='ocrx_word' id='word_1_53' title='bbox 473 584 615 615; x_wconf 89' lang='lat' dir='ltr'><strong>nascitur</strong></span> <span class='ocrx_word' id='word_1_54' title='bbox 632 584 758 620; x_wconf 88' lang='lat' dir='ltr'><strong>tempe-</strong></span> 
     </span>
     <span class='ocr_line' id='line_1_10' title="bbox 55 627 758 671; baseline -0.011 -7"><span class='ocrx_word' id='word_1_55' title='bbox 55 634 159 664; x_wconf 83' lang='lat' dir='ltr'><strong>rantia</strong></span> <span class='ocrx_word' id='word_1_56' title='bbox 170 655 179 671; x_wconf 90' lang='lat'><strong>,</strong></span> <span class='ocrx_word' id='word_1_57' title='bbox 195 633 286 670; x_wconf 86' lang='lat' dir='ltr'><strong>cujus</strong></span> <span class='ocrx_word' id='word_1_58' title='bbox 304 632 353 662; x_wconf 88' lang='lat' dir='ltr'><strong>est</strong></span> <span class='ocrx_word' id='word_1_59' title='bbox 367 630 500 662; x_wconf 84' lang='lat' dir='ltr'><strong>tristitia</strong></span> <span class='ocrx_word' id='word_1_60' title='bbox 518 636 632 665; x_wconf 81' lang='lat' dir='ltr'><strong>causa,</strong></span> <span class='ocrx_word' id='word_1_61' title='bbox 645 627 758 657; x_wconf 86' lang='lat' dir='ltr'><strong>laetitia</strong></span> 
     </span>
     <span class='ocr_line' id='line_1_11' title="bbox 56 674 759 709; baseline -0.01 0"><span class='ocrx_word' id='word_1_62' title='bbox 56 679 192 709; x_wconf 87' lang='lat' dir='ltr'><strong>fructus.</strong></span> <span class='ocrx_word' id='word_1_63' title='bbox 209 679 255 708; x_wconf 88' lang='lat' dir='ltr'><strong>De</strong></span> <span class='ocrx_word' id='word_1_64' title='bbox 270 677 403 708; x_wconf 84' lang='lat' dir='ltr'><strong>tristitia</strong></span> <span class='ocrx_word' id='word_1_65' title='bbox 421 677 455 706; x_wconf 91' lang='lat' dir='ltr'><strong>et</strong></span> <span class='ocrx_word' id='word_1_66' title='bbox 481 683 590 705; x_wconf 87' lang='lat' dir='ltr'><strong>amore</strong></span> <span class='ocrx_word' id='word_1_67' title='bbox 615 674 759 704; x_wconf 86' lang='lat' dir='ltr'><strong>nascitur</strong></span> 
     </span>
     <span class='ocr_line' id='line_1_12' title="bbox 55 718 758 760; baseline -0.006 -8"><span class='ocrx_word' id='word_1_68' title='bbox 55 723 209 754; x_wconf 77' lang='lat' dir='ltr'><strong>fortitudo</strong></span> <span class='ocrx_word' id='word_1_69' title='bbox 220 744 229 760; x_wconf 80' lang='lat'><strong>,</strong></span> <span class='ocrx_word' id='word_1_70' title='bbox 245 723 278 753; x_wconf 87' lang='lat' dir='ltr'><strong>et</strong></span> <span class='ocrx_word' id='word_1_71' title='bbox 292 722 340 752; x_wconf 88' lang='lat' dir='ltr'><strong>est</strong></span> <span class='ocrx_word' id='word_1_72' title='bbox 355 720 487 751; x_wconf 80' lang='lat' dir='ltr'><strong>tristitia</strong></span> <span class='ocrx_word' id='word_1_73' title='bbox 509 727 605 750; x_wconf 87' lang='lat' dir='ltr'><strong>causa</strong></span> <span class='ocrx_word' id='word_1_74' title='bbox 630 718 758 748; x_wconf 81' lang='lat' dir='ltr'><strong>fortitu-</strong></span> 
     </span>
     <span class='ocr_line' id='line_1_13' title="bbox 55 765 758 805; baseline -0.006 -7"><span class='ocrx_word' id='word_1_75' title='bbox 55 769 157 805; x_wconf 90' lang='lat' dir='ltr'><strong>dinis,</strong></span> <span class='ocrx_word' id='word_1_76' title='bbox 177 776 266 797; x_wconf 85' lang='lat' dir='ltr'><strong>amor</strong></span> <span class='ocrx_word' id='word_1_77' title='bbox 280 767 414 796; x_wconf 88' lang='lat' dir='ltr'><strong>fructus.</strong></span> <span class='ocrx_word' id='word_1_78' title='bbox 431 765 599 796; x_wconf 79' lang='lat' dir='ltr'><strong>Clauditur</strong></span> <span class='ocrx_word' id='word_1_79' title='bbox 617 765 758 795; x_wconf 89' lang='lat' dir='ltr'><strong>circulus</strong></span> 
     </span>
     <span class='ocr_line' id='line_1_14' title="bbox 56 810 760 844; baseline -0.007 0"><span class='ocrx_word' id='word_1_80' title='bbox 56 822 191 844; x_wconf 83' lang='lat' dir='ltr'><strong>coronae.</strong></span> <span class='ocrx_word' id='word_1_81' title='bbox 208 814 255 843; x_wconf 89' lang='lat' dir='ltr'><strong>De</strong></span> <span class='ocrx_word' id='word_1_82' title='bbox 281 819 390 842; x_wconf 85' lang='lat' dir='ltr'><strong>amore</strong></span> <span class='ocrx_word' id='word_1_83' title='bbox 415 812 449 841; x_wconf 81' lang='lat' dir='ltr'><strong>et</strong></span> <span class='ocrx_word' id='word_1_84' title='bbox 473 811 590 841; x_wconf 87' lang='lat' dir='ltr'><strong>timore</strong></span> <span class='ocrx_word' id='word_1_85' title='bbox 616 810 760 840; x_wconf 81' lang='lat' dir='ltr'><strong>nascitur</strong></span> 
     </span>
     <span class='ocr_line' id='line_1_15' title="bbox 53 856 759 897; baseline -0.003 -8"><span class='ocrx_word' id='word_1_86' title='bbox 53 859 199 897; x_wconf 71' lang='lat' dir='ltr'><strong>iustitia,</strong></span> <span class='ocrx_word' id='word_1_87' title='bbox 226 858 259 888; x_wconf 87' lang='lat' dir='ltr'><strong>et</strong></span> <span class='ocrx_word' id='word_1_88' title='bbox 284 858 335 888; x_wconf 85' lang='lat' dir='ltr'><strong>est</strong></span> <span class='ocrx_word' id='word_1_89' title='bbox 360 857 457 888; x_wconf 92' lang='lat' dir='ltr'><strong>timor</strong></span> <span class='ocrx_word' id='word_1_90' title='bbox 481 865 578 887; x_wconf 90' lang='lat' dir='ltr'><strong>causa</strong></span> <span class='ocrx_word' id='word_1_91' title='bbox 605 856 759 894; x_wconf 77' lang='lat' dir='ltr'><strong>justitiae,</strong></span> 
     </span>
     <span class='ocr_line' id='line_1_16' title="bbox 55 903 290 934; baseline -0.009 0"><span class='ocrx_word' id='word_1_92' title='bbox 55 912 144 934; x_wconf 88' lang='lat' dir='ltr'><strong>amor</strong></span> <span class='ocrx_word' id='word_1_93' title='bbox 156 903 290 933; x_wconf 87' lang='lat' dir='ltr'><strong>fructus.</strong></span> 
     </span>
    </p>

    <p class='ocr_par' dir='ltr' id='par_1_3' title="bbox 56 946 772 2628">
     <span class='ocr_line' id='line_1_17' title="bbox 95 946 761 986; baseline -0.005 -7"><span class='ocrx_word' id='word_1_94' title='bbox 95 950 125 979; x_wconf 84' lang='lat'><strong>5.</strong></span> <span class='ocrx_word' id='word_1_95' title='bbox 143 948 318 979; x_wconf 84' lang='lat' dir='ltr'><strong>Considera</strong></span> <span class='ocrx_word' id='word_1_96' title='bbox 335 956 410 986; x_wconf 85' lang='lat' dir='ltr'><strong>ergo</strong></span> <span class='ocrx_word' id='word_1_97' title='bbox 433 946 594 986; x_wconf 87' lang='lat' dir='ltr'><strong>quomodo</strong></span> <span class='ocrx_word' id='word_1_98' title='bbox 619 947 687 977; x_wconf 82' lang='lat' dir='ltr'><strong>istae</strong></span> <span class='ocrx_word' id='word_1_99' title='bbox 714 946 761 976; x_wconf 86' lang='lat' dir='ltr'><strong>af-</strong></span> 
     </span>
     <span class='ocr_line' id='line_1_18' title="bbox 56 992 762 1030; baseline -0.006 -5"><span class='ocrx_word' id='word_1_100' title='bbox 56 995 214 1025; x_wconf 82' lang='lat' dir='ltr'><strong>fectiones</strong></span> <span class='ocrx_word' id='word_1_101' title='bbox 234 993 389 1023; x_wconf 83' lang='lat' dir='ltr'><strong>ordinatae</strong></span> <span class='ocrx_word' id='word_1_102' title='bbox 404 993 545 1023; x_wconf 81' lang='lat' dir='ltr'><strong>virtutes</strong></span> <span class='ocrx_word' id='word_1_103' title='bbox 565 993 658 1030; x_wconf 88' lang='lat' dir='ltr'><strong>sunt;</strong></span> <span class='ocrx_word' id='word_1_104' title='bbox 673 992 762 1021; x_wconf 90' lang='lat' dir='ltr'><strong>inor-</strong></span> 
     </span>
     <span class='ocr_line' id='line_1_19' title="bbox 57 1039 762 1078; baseline -0.004 -8"><span class='ocrx_word' id='word_1_105' title='bbox 57 1041 174 1071; x_wconf 79' lang='lat' dir='ltr'><strong>dinatae</strong></span> <span class='ocrx_word' id='word_1_106' title='bbox 185 1062 194 1078; x_wconf 94' lang='lat'><strong>,</strong></span> <span class='ocrx_word' id='word_1_107' title='bbox 209 1039 482 1078; x_wconf 82' lang='lat' dir='ltr'><strong>perturbationes.</strong></span> <span class='ocrx_word' id='word_1_108' title='bbox 500 1039 532 1068; x_wconf 91' lang='lat' dir='ltr'><strong>Si</strong></span> <span class='ocrx_word' id='word_1_109' title='bbox 548 1039 698 1069; x_wconf 87' lang='lat' dir='ltr'><strong>timorem</strong></span> <span class='ocrx_word' id='word_1_110' title='bbox 714 1047 762 1068; x_wconf 87' lang='lat' dir='ltr'><strong>se-</strong></span> 
     </span>
     <span class='ocr_line' id='line_1_20' title="bbox 58 1084 764 1124; baseline -0.003 -8"><span class='ocrx_word' id='word_1_111' title='bbox 58 1087 176 1124; x_wconf 83' lang='lat' dir='ltr'><strong>quatur</strong></span> <span class='ocrx_word' id='word_1_112' title='bbox 201 1085 354 1122; x_wconf 84' lang='lat' dir='ltr'><strong>tristitia,</strong></span> <span class='ocrx_word' id='word_1_113' title='bbox 375 1084 634 1122; x_wconf 78' lang='lat' dir='ltr'><strong>desperationem</strong></span> <span class='ocrx_word' id='word_1_114' title='bbox 664 1092 764 1122; x_wconf 82' lang='lat' dir='ltr'><strong>gene-</strong></span> 
     </span>
     <span class='ocr_line' id='line_1_21' title="bbox 58 1130 761 1167; baseline -0.004 -5"><span class='ocrx_word' id='word_1_115' title='bbox 58 1133 108 1162; x_wconf 86' lang='lat' dir='ltr'><strong>rat</strong></span> <span class='ocrx_word' id='word_1_116' title='bbox 124 1141 132 1161; x_wconf 88' lang='lat'>:</span> <span class='ocrx_word' id='word_1_117' title='bbox 148 1132 174 1161; x_wconf 89' lang='lat' dir='ltr'><strong>si</strong></span> <span class='ocrx_word' id='word_1_118' title='bbox 190 1139 333 1161; x_wconf 86' lang='lat' dir='ltr'><strong>amorem</strong></span> <span class='ocrx_word' id='word_1_119' title='bbox 355 1130 469 1160; x_wconf 84' lang='lat' dir='ltr'><strong>laetitia</strong></span> <span class='ocrx_word' id='word_1_120' title='bbox 481 1152 489 1167; x_wconf 97' lang='lat'><strong>,</strong></span> <span class='ocrx_word' id='word_1_121' title='bbox 503 1130 761 1160; x_wconf 81' lang='lat' dir='ltr'><strong>dissolutionem.</strong></span> 
     </span>
     <span class='ocr_line' id='line_1_22' title="bbox 59 1175 763 1215; baseline -0.003 -9"><span class='ocrx_word' id='word_1_122' title='bbox 59 1177 218 1215; x_wconf 79' lang='lat' dir='ltr'><strong>Sequatur</strong></span> <span class='ocrx_word' id='word_1_123' title='bbox 243 1184 319 1214; x_wconf 81' lang='lat' dir='ltr'><strong>ergo</strong></span> <span class='ocrx_word' id='word_1_124' title='bbox 348 1177 499 1206; x_wconf 86' lang='lat' dir='ltr'><strong>timorem</strong></span> <span class='ocrx_word' id='word_1_125' title='bbox 528 1175 661 1213; x_wconf 85' lang='lat' dir='ltr'><strong>laetitia,</strong></span> <span class='ocrx_word' id='word_1_126' title='bbox 687 1176 763 1213; x_wconf 87' lang='lat' dir='ltr'><strong>quia</strong></span> 
     </span>
     <span class='ocr_line' id='line_1_23' title="bbox 58 1220 763 1258; baseline -0.003 -7"><span class='ocrx_word' id='word_1_127' title='bbox 58 1223 155 1252; x_wconf 93' lang='lat' dir='ltr'><strong>timor</strong></span> <span class='ocrx_word' id='word_1_128' title='bbox 171 1222 279 1251; x_wconf 83' lang='lat' dir='ltr'><strong>futura</strong></span> <span class='ocrx_word' id='word_1_129' title='bbox 297 1221 409 1258; x_wconf 86' lang='lat' dir='ltr'><strong>cavet,</strong></span> <span class='ocrx_word' id='word_1_130' title='bbox 426 1220 540 1250; x_wconf 78' lang='lat' dir='ltr'><strong>laetitia</strong></span> <span class='ocrx_word' id='word_1_131' title='bbox 555 1220 595 1249; x_wconf 86' lang='lat' dir='ltr'><strong>de</strong></span> <span class='ocrx_word' id='word_1_132' title='bbox 611 1220 763 1258; x_wconf 87' lang='lat' dir='ltr'><strong>praesenti</strong></span> 
     </span>
     <span class='ocr_line' id='line_1_24' title="bbox 59 1265 765 1306; baseline -0.004 -9"><span class='ocrx_word' id='word_1_133' title='bbox 59 1267 195 1306; x_wconf 79' lang='lat' dir='ltr'><strong>gaudet,</strong></span> <span class='ocrx_word' id='word_1_134' title='bbox 210 1265 380 1304; x_wconf 90' lang='lat' dir='ltr'><strong>prudentis</strong></span> <span class='ocrx_word' id='word_1_135' title='bbox 405 1265 541 1295; x_wconf 87' lang='lat' dir='ltr'><strong>cautelae</strong></span> <span class='ocrx_word' id='word_1_136' title='bbox 556 1265 654 1294; x_wconf 86' lang='lat' dir='ltr'><strong>finem</strong></span> <span class='ocrx_word' id='word_1_137' title='bbox 680 1265 765 1295; x_wconf 82' lang='lat' dir='ltr'><strong>laeti-</strong></span> 
     </span>
     <span class='ocr_line' id='line_1_25' title="bbox 58 1310 765 1352; baseline -0.006 -8"><span class='ocrx_word' id='word_1_138' title='bbox 58 1315 104 1344; x_wconf 85' lang='lat' dir='ltr'><strong>tia</strong></span> <span class='ocrx_word' id='word_1_139' title='bbox 130 1312 284 1352; x_wconf 82' lang='lat' dir='ltr'><strong>possidet.</strong></span> <span class='ocrx_word' id='word_1_140' title='bbox 301 1311 417 1341; x_wconf 81' lang='lat' dir='ltr'><strong>Probet</strong></span> <span class='ocrx_word' id='word_1_141' title='bbox 432 1318 507 1349; x_wconf 80' lang='lat' dir='ltr'><strong>ergo</strong></span> <span class='ocrx_word' id='word_1_142' title='bbox 529 1310 643 1341; x_wconf 86' lang='lat' dir='ltr'><strong>laetitia</strong></span> <span class='ocrx_word' id='word_1_143' title='bbox 670 1310 765 1340; x_wconf 84' lang='lat' dir='ltr'><strong>timo-</strong></span> 
     </span>
     <span class='ocr_line' id='line_1_26' title="bbox 59 1355 763 1394; baseline -0.003 -6"><span class='ocrx_word' id='word_1_144' title='bbox 59 1367 142 1388; x_wconf 87' lang='lat' dir='ltr'><strong>rem.</strong></span> <span class='ocrx_word' id='word_1_145' title='bbox 158 1357 314 1387; x_wconf 83' lang='lat' dir='ltr'><strong>Probatus</strong></span> <span class='ocrx_word' id='word_1_146' title='bbox 329 1356 426 1385; x_wconf 89' lang='lat' dir='ltr'><strong>timor</strong></span> <span class='ocrx_word' id='word_1_147' title='bbox 440 1356 525 1386; x_wconf 90' lang='lat' dir='ltr'><strong>nihil</strong></span> <span class='ocrx_word' id='word_1_148' title='bbox 550 1355 640 1386; x_wconf 89' lang='lat' dir='ltr'><strong>aliud</strong></span> <span class='ocrx_word' id='word_1_149' title='bbox 666 1365 763 1394; x_wconf 87' lang='lat' dir='ltr'><strong>quam</strong></span> 
     </span>
     <span class='ocr_line' id='line_1_27' title="bbox 60 1401 765 1442; baseline -0.003 -8"><span class='ocrx_word' id='word_1_150' title='bbox 60 1403 235 1442; x_wconf 84' lang='lat' dir='ltr'><strong>prudentia</strong></span> <span class='ocrx_word' id='word_1_151' title='bbox 250 1403 309 1433; x_wconf 88' lang='lat' dir='ltr'><strong>est.</strong></span> <span class='ocrx_word' id='word_1_152' title='bbox 328 1402 508 1432; x_wconf 81' lang='lat' dir='ltr'><strong>comitetur</strong></span> <span class='ocrx_word' id='word_1_153' title='bbox 521 1401 670 1431; x_wconf 84' lang='lat' dir='ltr'><strong>laetitiam</strong></span> <span class='ocrx_word' id='word_1_154' title='bbox 689 1403 765 1432; x_wconf 85' lang='lat' dir='ltr'><strong>tris-</strong></span> 
     </span>
     <span class='ocr_line' id='line_1_28' title="bbox 59 1447 763 1487; baseline -0.001 -8"><span class='ocrx_word' id='word_1_155' title='bbox 59 1449 151 1486; x_wconf 81' lang='lat' dir='ltr'><strong>titia,</strong></span> <span class='ocrx_word' id='word_1_156' title='bbox 163 1449 239 1487; x_wconf 84' lang='lat' dir='ltr'><strong>quia</strong></span> <span class='ocrx_word' id='word_1_157' title='bbox 258 1447 424 1478; x_wconf 83' lang='lat' dir='ltr'><strong>moderate</strong></span> <span class='ocrx_word' id='word_1_158' title='bbox 440 1448 513 1477; x_wconf 86' lang='lat' dir='ltr'><strong>laeta</strong></span> <span class='ocrx_word' id='word_1_159' title='bbox 538 1448 763 1487; x_wconf 78' lang='lat' dir='ltr'><strong>amplectitur,</strong></span> 
     </span>
     <span class='ocr_line' id='line_1_29' title="bbox 60 1492 765 1534; baseline -0.001 -9"><span class='ocrx_word' id='word_1_160' title='bbox 60 1496 117 1534; x_wconf 85' lang='lat' dir='ltr'><strong>qui</strong></span> <span class='ocrx_word' id='word_1_161' title='bbox 133 1495 239 1525; x_wconf 89' lang='lat' dir='ltr'><strong>tristia</strong></span> <span class='ocrx_word' id='word_1_162' title='bbox 255 1492 488 1523; x_wconf 85' lang='lat' dir='ltr'><strong>reminiscitur.</strong></span> <span class='ocrx_word' id='word_1_163' title='bbox 504 1493 678 1532; x_wconf 86' lang='lat' dir='ltr'><strong>Temperet</strong></span> <span class='ocrx_word' id='word_1_164' title='bbox 690 1502 765 1532; x_wconf 80' lang='lat' dir='ltr'><strong>ergo</strong></span> 
     </span>
     <span class='ocr_line' id='line_1_30' title="bbox 60 1539 765 1577; baseline -0.001 -6"><span class='ocrx_word' id='word_1_165' title='bbox 60 1541 209 1572; x_wconf 82' lang='lat' dir='ltr'><strong>laetitiam</strong></span> <span class='ocrx_word' id='word_1_166' title='bbox 246 1539 391 1570; x_wconf 84' lang='lat' dir='ltr'><strong>tristitia.</strong></span> <span class='ocrx_word' id='word_1_167' title='bbox 421 1539 614 1577; x_wconf 88' lang='lat' dir='ltr'><strong>Temperata</strong></span> <span class='ocrx_word' id='word_1_168' title='bbox 651 1540 765 1570; x_wconf 86' lang='lat' dir='ltr'><strong>laetitia</strong></span> 
     </span>
     <span class='ocr_line' id='line_1_31' title="bbox 61 1585 766 1624; baseline -0.001 -8"><span class='ocrx_word' id='word_1_169' title='bbox 61 1587 145 1617; x_wconf 89' lang='lat' dir='ltr'><strong>nihil</strong></span> <span class='ocrx_word' id='word_1_170' title='bbox 164 1586 253 1616; x_wconf 89' lang='lat' dir='ltr'><strong>aliud</strong></span> <span class='ocrx_word' id='word_1_171' title='bbox 267 1593 364 1624; x_wconf 86' lang='lat' dir='ltr'><strong>quam</strong></span> <span class='ocrx_word' id='word_1_172' title='bbox 380 1585 597 1623; x_wconf 84' lang='lat' dir='ltr'><strong>temperantia</strong></span> <span class='ocrx_word' id='word_1_173' title='bbox 612 1586 671 1615; x_wconf 90' lang='lat' dir='ltr'><strong>est.</strong></span> <span class='ocrx_word' id='word_1_174' title='bbox 688 1586 766 1616; x_wconf 74' lang='lat' dir='ltr'><strong>Jun—</strong></span> 
     </span>
     <span class='ocr_line' id='line_1_32' title="bbox 62 1630 767 1672; baseline 0 -10"><span class='ocrx_word' id='word_1_175' title='bbox 62 1633 157 1672; x_wconf 77' lang='lat' dir='ltr'><strong>gatur</strong></span> <span class='ocrx_word' id='word_1_176' title='bbox 173 1639 263 1662; x_wconf 90' lang='lat' dir='ltr'><strong>amor</strong></span> <span class='ocrx_word' id='word_1_177' title='bbox 285 1631 445 1669; x_wconf 84' lang='lat' dir='ltr'><strong>tristitiae,</strong></span> <span class='ocrx_word' id='word_1_178' title='bbox 461 1631 537 1669; x_wconf 89' lang='lat' dir='ltr'><strong>quia</strong></span> <span class='ocrx_word' id='word_1_179' title='bbox 553 1630 681 1662; x_wconf 85' lang='lat' dir='ltr'><strong>fortiter</strong></span> <span class='ocrx_word' id='word_1_180' title='bbox 695 1640 767 1662; x_wconf 88' lang='lat' dir='ltr'><strong>sus-</strong></span> 
     </span>
     <span class='ocr_line' id='line_1_33' title="bbox 62 1677 767 1716; baseline -0.003 -7"><span class='ocrx_word' id='word_1_181' title='bbox 62 1679 146 1709; x_wconf 83' lang='lat' dir='ltr'><strong>tinet</strong></span> <span class='ocrx_word' id='word_1_182' title='bbox 170 1678 322 1715; x_wconf 82' lang='lat' dir='ltr'><strong>tristitia,</strong></span> <span class='ocrx_word' id='word_1_183' title='bbox 351 1677 407 1715; x_wconf 88' lang='lat' dir='ltr'><strong>qui</strong></span> <span class='ocrx_word' id='word_1_184' title='bbox 432 1685 491 1715; x_wconf 88' lang='lat' dir='ltr'><strong>per</strong></span> <span class='ocrx_word' id='word_1_185' title='bbox 518 1685 663 1707; x_wconf 88' lang='lat' dir='ltr'><strong>amorem</strong></span> <span class='ocrx_word' id='word_1_186' title='bbox 695 1686 767 1716; x_wconf 89' lang='lat' dir='ltr'><strong>quae</strong></span> 
     </span>
     <span class='ocr_line' id='line_1_34' title="bbox 62 1722 767 1761; baseline -0.003 -6"><span class='ocrx_word' id='word_1_187' title='bbox 62 1726 136 1755; x_wconf 90' lang='lat' dir='ltr'><strong>sunt</strong></span> <span class='ocrx_word' id='word_1_188' title='bbox 161 1723 299 1754; x_wconf 83' lang='lat' dir='ltr'><strong>amanda</strong></span> <span class='ocrx_word' id='word_1_189' title='bbox 321 1723 495 1752; x_wconf 84' lang='lat' dir='ltr'><strong>desiderat.</strong></span> <span class='ocrx_word' id='word_1_190' title='bbox 512 1722 677 1753; x_wconf 77' lang='lat' dir='ltr'><strong>confortet</strong></span> <span class='ocrx_word' id='word_1_191' title='bbox 690 1731 767 1761; x_wconf 78' lang='lat' dir='ltr'><strong>ergo</strong></span> 
     </span>
     <span class='ocr_line' id='line_1_35' title="bbox 63 1767 769 1801; baseline -0.006 0"><span class='ocrx_word' id='word_1_192' title='bbox 63 1780 151 1801; x_wconf 87' lang='lat' dir='ltr'><strong>amor</strong></span> <span class='ocrx_word' id='word_1_193' title='bbox 172 1769 352 1799; x_wconf 87' lang='lat' dir='ltr'><strong>tristitiam.</strong></span> <span class='ocrx_word' id='word_1_194' title='bbox 366 1767 545 1797; x_wconf 79' lang='lat' dir='ltr'><strong>confortata</strong></span> <span class='ocrx_word' id='word_1_195' title='bbox 562 1776 640 1798; x_wconf 80' lang='lat' dir='ltr'><strong>vero</strong></span> <span class='ocrx_word' id='word_1_196' title='bbox 666 1768 769 1799; x_wconf 87' lang='lat' dir='ltr'><strong>tristi—</strong></span> 
     </span>
     <span class='ocr_line' id='line_1_36' title="bbox 65 1812 769 1851; baseline -0.003 -5"><span class='ocrx_word' id='word_1_197' title='bbox 65 1817 109 1846; x_wconf 88' lang='lat' dir='ltr'><strong>tia</strong></span> <span class='ocrx_word' id='word_1_198' title='bbox 125 1815 210 1845; x_wconf 88' lang='lat' dir='ltr'><strong>nihil</strong></span> <span class='ocrx_word' id='word_1_199' title='bbox 226 1813 316 1843; x_wconf 88' lang='lat' dir='ltr'><strong>aliud</strong></span> <span class='ocrx_word' id='word_1_200' title='bbox 330 1821 426 1851; x_wconf 88' lang='lat' dir='ltr'><strong>quam</strong></span> <span class='ocrx_word' id='word_1_201' title='bbox 442 1812 598 1842; x_wconf 82' lang='lat' dir='ltr'><strong>fortitudo</strong></span> <span class='ocrx_word' id='word_1_202' title='bbox 614 1814 674 1844; x_wconf 88' lang='lat' dir='ltr'><strong>est.</strong></span> <span class='ocrx_word' id='word_1_203' title='bbox 692 1814 769 1844; x_wconf 87' lang='lat' dir='ltr'><strong>Jun-</strong></span> 
     </span>
     <span class='ocr_line' id='line_1_37' title="bbox 64 1858 769 1899; baseline -0.001 -9"><span class='ocrx_word' id='word_1_204' title='bbox 64 1862 156 1899; x_wconf 83' lang='lat' dir='ltr'><strong>gatur</strong></span> <span class='ocrx_word' id='word_1_205' title='bbox 169 1868 256 1889; x_wconf 90' lang='lat' dir='ltr'><strong>amor</strong></span> <span class='ocrx_word' id='word_1_206' title='bbox 269 1859 398 1889; x_wconf 88' lang='lat' dir='ltr'><strong>timori:</strong></span> <span class='ocrx_word' id='word_1_207' title='bbox 413 1858 489 1896; x_wconf 89' lang='lat' dir='ltr'><strong>quia</strong></span> <span class='ocrx_word' id='word_1_208' title='bbox 501 1858 648 1889; x_wconf 88' lang='lat' dir='ltr'><strong>ordinate</strong></span> <span class='ocrx_word' id='word_1_209' title='bbox 659 1867 769 1889; x_wconf 88' lang='lat' dir='ltr'><strong>aman-</strong></span> 
     </span>
     <span class='ocr_line' id='line_1_38' title="bbox 63 1904 766 1943; baseline -0.001 -7"><span class='ocrx_word' id='word_1_210' title='bbox 63 1907 112 1937; x_wconf 87' lang='lat' dir='ltr'><strong>dis</strong></span> <span class='ocrx_word' id='word_1_211' title='bbox 128 1905 283 1943; x_wconf 85' lang='lat' dir='ltr'><strong>inhaeret,</strong></span> <span class='ocrx_word' id='word_1_212' title='bbox 297 1905 354 1942; x_wconf 88' lang='lat' dir='ltr'><strong>qui</strong></span> <span class='ocrx_word' id='word_1_213' title='bbox 369 1904 514 1934; x_wconf 87' lang='lat' dir='ltr'><strong>timenda</strong></span> <span class='ocrx_word' id='word_1_214' title='bbox 540 1912 604 1933; x_wconf 88' lang='lat' dir='ltr'><strong>non</strong></span> <span class='ocrx_word' id='word_1_215' title='bbox 619 1906 766 1943; x_wconf 78' lang='lat' dir='ltr'><strong>negligit.</strong></span> 
     </span>
     <span class='ocr_line' id='line_1_39' title="bbox 64 1950 768 1988; baseline 0 -6"><span class='ocrx_word' id='word_1_216' title='bbox 64 1952 201 1982; x_wconf 85' lang='lat' dir='ltr'><strong>ordinet</strong></span> <span class='ocrx_word' id='word_1_217' title='bbox 217 1959 291 1988; x_wconf 82' lang='lat' dir='ltr'><strong>ergo</strong></span> <span class='ocrx_word' id='word_1_218' title='bbox 309 1958 399 1979; x_wconf 89' lang='lat' dir='ltr'><strong>amor</strong></span> <span class='ocrx_word' id='word_1_219' title='bbox 414 1950 577 1979; x_wconf 90' lang='lat' dir='ltr'><strong>timorem.</strong></span> <span class='ocrx_word' id='word_1_220' title='bbox 595 1950 768 1982; x_wconf 87' lang='lat' dir='ltr'><strong>Ordinatus</strong></span> 
     </span>
     <span class='ocr_line' id='line_1_40' title="bbox 64 1994 767 2034; baseline -0.003 -5"><span class='ocrx_word' id='word_1_221' title='bbox 64 1999 161 2029; x_wconf 89' lang='lat' dir='ltr'><strong>timor</strong></span> <span class='ocrx_word' id='word_1_222' title='bbox 169 1996 254 2027; x_wconf 87' lang='lat' dir='ltr'><strong>nihil</strong></span> <span class='ocrx_word' id='word_1_223' title='bbox 262 1996 351 2025; x_wconf 91' lang='lat' dir='ltr'><strong>aliud</strong></span> <span class='ocrx_word' id='word_1_224' title='bbox 366 2003 463 2034; x_wconf 86' lang='lat' dir='ltr'><strong>quam</strong></span> <span class='ocrx_word' id='word_1_225' title='bbox 473 1994 599 2032; x_wconf 84' lang='lat' dir='ltr'><strong>justitia</strong></span> <span class='ocrx_word' id='word_1_226' title='bbox 615 1999 676 2026; x_wconf 89' lang='lat' dir='ltr'><strong>est.</strong></span> <span class='ocrx_word' id='word_1_227' title='bbox 688 1997 767 2027; x_wconf 90' lang='lat' dir='ltr'><strong>Duae</strong></span> 
     </span>
     <span class='ocr_line' id='line_1_41' title="bbox 65 2041 766 2080; baseline 0 -6"><span class='ocrx_word' id='word_1_228' title='bbox 65 2043 275 2080; x_wconf 75' lang='lat' dir='ltr'><strong>affectiones,</strong></span> <span class='ocrx_word' id='word_1_229' title='bbox 299 2042 416 2071; x_wconf 84' lang='lat' dir='ltr'><strong>laetitia</strong></span> <span class='ocrx_word' id='word_1_230' title='bbox 432 2041 466 2071; x_wconf 91' lang='lat' dir='ltr'><strong>et</strong></span> <span class='ocrx_word' id='word_1_231' title='bbox 479 2041 631 2080; x_wconf 88' lang='lat' dir='ltr'><strong>tristitia,</strong></span> <span class='ocrx_word' id='word_1_232' title='bbox 647 2051 711 2072; x_wconf 88' lang='lat' dir='ltr'><strong>non</strong></span> <span class='ocrx_word' id='word_1_233' title='bbox 733 2052 766 2074; x_wconf 90' lang='lat' dir='ltr'><strong>se</strong></span> 
     </span>
     <span class='ocr_line' id='line_1_42' title="bbox 67 2087 767 2120; baseline 0 -1"><span class='ocrx_word' id='word_1_234' title='bbox 67 2088 248 2120; x_wconf 82' lang='lat' dir='ltr'><strong>extendunt</strong></span> <span class='ocrx_word' id='word_1_235' title='bbox 273 2087 315 2117; x_wconf 87' lang='lat' dir='ltr'><strong>ad</strong></span> <span class='ocrx_word' id='word_1_236' title='bbox 334 2087 419 2117; x_wconf 89' lang='lat' dir='ltr'><strong>alia:</strong></span> <span class='ocrx_word' id='word_1_237' title='bbox 434 2087 468 2116; x_wconf 91' lang='lat' dir='ltr'><strong>in</strong></span> <span class='ocrx_word' id='word_1_238' title='bbox 489 2087 583 2117; x_wconf 89' lang='lat' dir='ltr'><strong>nobis</strong></span> <span class='ocrx_word' id='word_1_239' title='bbox 599 2089 686 2118; x_wconf 90' lang='lat' dir='ltr'><strong>enim</strong></span> <span class='ocrx_word' id='word_1_240' title='bbox 710 2090 767 2120; x_wconf 87' lang='lat' dir='ltr'><strong>lae-</strong></span> 
     </span>
     <span class='ocr_line' id='line_1_43' title="bbox 65 2133 767 2171; baseline 0.001 -6"><span class='ocrx_word' id='word_1_241' title='bbox 65 2136 190 2171; x_wconf 88' lang='lat' dir='ltr'><strong>tamur,</strong></span> <span class='ocrx_word' id='word_1_242' title='bbox 212 2134 245 2163; x_wconf 90' lang='lat' dir='ltr'><strong>et</strong></span> <span class='ocrx_word' id='word_1_243' title='bbox 268 2133 303 2163; x_wconf 90' lang='lat' dir='ltr'><strong>in</strong></span> <span class='ocrx_word' id='word_1_244' title='bbox 322 2133 415 2163; x_wconf 89' lang='lat' dir='ltr'><strong>nobis</strong></span> <span class='ocrx_word' id='word_1_245' title='bbox 431 2133 608 2163; x_wconf 84' lang='lat' dir='ltr'><strong>tristamur.</strong></span> <span class='ocrx_word' id='word_1_246' title='bbox 621 2135 719 2165; x_wconf 89' lang='lat' dir='ltr'><strong>Amor</strong></span> <span class='ocrx_word' id='word_1_247' title='bbox 733 2136 767 2166; x_wconf 91' lang='lat' dir='ltr'><strong>et</strong></span> 
     </span>
     <span class='ocr_line' id='line_1_44' title="bbox 66 2179 768 2212; baseline 0.001 -1"><span class='ocrx_word' id='word_1_248' title='bbox 66 2181 162 2212; x_wconf 88' lang='lat' dir='ltr'><strong>timor</strong></span> <span class='ocrx_word' id='word_1_249' title='bbox 193 2180 234 2209; x_wconf 91' lang='lat' dir='ltr'><strong>ad</strong></span> <span class='ocrx_word' id='word_1_250' title='bbox 268 2179 332 2209; x_wconf 89' lang='lat' dir='ltr'><strong>alia</strong></span> <span class='ocrx_word' id='word_1_251' title='bbox 367 2187 401 2209; x_wconf 91' lang='lat' dir='ltr'><strong>se</strong></span> <span class='ocrx_word' id='word_1_252' title='bbox 435 2179 629 2210; x_wconf 80' lang='lat' dir='ltr'><strong>extendunt.</strong></span> <span class='ocrx_word' id='word_1_253' title='bbox 659 2181 768 2212; x_wconf 88' lang='lat' dir='ltr'><strong>Timor</strong></span> 
     </span>
     <span class='ocr_line' id='line_1_45' title="bbox 68 2224 767 2264; baseline 0.001 -8"><span class='ocrx_word' id='word_1_254' title='bbox 68 2226 156 2256; x_wconf 88' lang='lat' dir='ltr'><strong>enim</strong></span> <span class='ocrx_word' id='word_1_255' title='bbox 182 2225 313 2255; x_wconf 77' lang='lat' dir='ltr'><strong>affectio</strong></span> <span class='ocrx_word' id='word_1_256' title='bbox 336 2225 386 2255; x_wconf 88' lang='lat' dir='ltr'><strong>est</strong></span> <span class='ocrx_word' id='word_1_257' title='bbox 409 2224 582 2263; x_wconf 85' lang='lat' dir='ltr'><strong>naturalis,</strong></span> <span class='ocrx_word' id='word_1_258' title='bbox 611 2234 681 2264; x_wconf 87' lang='lat' dir='ltr'><strong>quae</strong></span> <span class='ocrx_word' id='word_1_259' title='bbox 710 2235 767 2257; x_wconf 89' lang='lat' dir='ltr'><strong>nos</strong></span> 
     </span>
     <span class='ocr_line' id='line_1_46' title="bbox 67 2270 767 2309; baseline 0 -7"><span class='ocrx_word' id='word_1_260' title='bbox 67 2271 232 2309; x_wconf 79' lang='lat' dir='ltr'><strong>conjungit</strong></span> <span class='ocrx_word' id='word_1_261' title='bbox 272 2270 432 2308; x_wconf 87' lang='lat' dir='ltr'><strong>superiori</strong></span> <span class='ocrx_word' id='word_1_262' title='bbox 476 2279 537 2308; x_wconf 90' lang='lat' dir='ltr'><strong>per</strong></span> <span class='ocrx_word' id='word_1_263' title='bbox 579 2271 767 2302; x_wconf 85' lang='lat' dir='ltr'><strong>inferiorem</strong></span> 
     </span>
     <span class='ocr_line' id='line_1_47' title="bbox 67 2312 766 2356; baseline 0.001 -9"><span class='ocrx_word' id='word_1_264' title='bbox 67 2318 210 2356; x_wconf 72' lang='lat' dir='ltr'><strong>partem,</strong></span> <span class='ocrx_word' id='word_1_265' title='bbox 227 2316 260 2345; x_wconf 89' lang='lat' dir='ltr'><strong>et</strong></span> <span class='ocrx_word' id='word_1_266' title='bbox 286 2316 386 2346; x_wconf 87' lang='lat' dir='ltr'><strong>habet</strong></span> <span class='ocrx_word' id='word_1_267' title='bbox 405 2312 439 2345; x_wconf 86' lang='lat' dir='ltr'><strong>se</strong></span> <span class='ocrx_word' id='word_1_268' title='bbox 463 2316 504 2345; x_wconf 90' lang='lat' dir='ltr'><strong>ad</strong></span> <span class='ocrx_word' id='word_1_269' title='bbox 523 2317 626 2346; x_wconf 91' lang='lat' dir='ltr'><strong>solum</strong></span> <span class='ocrx_word' id='word_1_270' title='bbox 650 2318 766 2348; x_wconf 89' lang='lat' dir='ltr'><strong>Deum.</strong></span> 
     </span>
     <span class='ocr_line' id='line_1_48' title="bbox 68 2361 770 2402; baseline 0.003 -10"><span class='ocrx_word' id='word_1_271' title='bbox 68 2364 163 2392; x_wconf 79' lang='lat' dir='ltr'><strong>Amor</strong></span> <span class='ocrx_word' id='word_1_272' title='bbox 187 2361 317 2391; x_wconf 85' lang='lat' dir='ltr'><strong>affectio</strong></span> <span class='ocrx_word' id='word_1_273' title='bbox 346 2362 498 2400; x_wconf 85' lang='lat' dir='ltr'><strong>est,quae</strong></span> <span class='ocrx_word' id='word_1_274' title='bbox 522 2370 580 2392; x_wconf 88' lang='lat' dir='ltr'><strong>nos</strong></span> <span class='ocrx_word' id='word_1_275' title='bbox 604 2364 770 2402; x_wconf 74' lang='lat' dir='ltr'><strong>conjungit·</strong></span> 
     </span>
     <span class='ocr_line' id='line_1_49' title="bbox 69 2406 769 2446; baseline 0.003 -9"><span class='ocrx_word' id='word_1_276' title='bbox 69 2407 251 2446; x_wconf 67' lang='lat' dir='ltr'><strong>superiori,</strong></span> <span class='ocrx_word' id='word_1_277' title='bbox 277 2408 310 2436; x_wconf 86' lang='lat' dir='ltr'><strong>et</strong></span> <span class='ocrx_word' id='word_1_278' title='bbox 335 2406 500 2445; x_wconf 82' lang='lat' dir='ltr'><strong>inferiori,</strong></span> <span class='ocrx_word' id='word_1_279' title='bbox 523 2409 557 2437; x_wconf 85' lang='lat' dir='ltr'><strong>et</strong></span> <span class='ocrx_word' id='word_1_280' title='bbox 580 2409 714 2446; x_wconf 81' lang='lat' dir='ltr'><strong>aequati3</strong></span> <span class='ocrx_word' id='word_1_281' title='bbox 737 2411 769 2439; x_wconf 88' lang='lat' dir='ltr'><strong>et</strong></span> 
     </span>
     <span class='ocr_line' id='line_1_50' title="bbox 69 2452 770 2490; baseline 0.003 -7"><span class='ocrx_word' id='word_1_282' title='bbox 69 2453 169 2483; x_wconf 75' lang='lat' dir='ltr'><strong>habet</strong></span> <span class='ocrx_word' id='word_1_283' title='bbox 185 2460 218 2482; x_wconf 88' lang='lat' dir='ltr'><strong>se</strong></span> <span class='ocrx_word' id='word_1_284' title='bbox 233 2452 273 2481; x_wconf 90' lang='lat' dir='ltr'><strong>ad</strong></span> <span class='ocrx_word' id='word_1_285' title='bbox 287 2453 392 2481; x_wconf 90' lang='lat' dir='ltr'><strong>Deum</strong></span> <span class='ocrx_word' id='word_1_286' title='bbox 405 2452 437 2482; x_wconf 90' lang='lat' dir='ltr'><strong>et</strong></span> <span class='ocrx_word' id='word_1_287' title='bbox 447 2453 645 2490; x_wconf 81' lang='lat' dir='ltr'><strong>proximum.</strong></span> <span class='ocrx_word' id='word_1_288' title='bbox 663 2454 698 2484; x_wconf 88' lang='lat' dir='ltr'><strong>In</strong></span> <span class='ocrx_word' id='word_1_289' title='bbox 720 2455 770 2485; x_wconf 89' lang='lat' dir='ltr'><strong>his</strong></span> 
     </span>
     <span class='ocr_line' id='line_1_51' title="bbox 71 2496 771 2536; baseline 0.001 -8"><span class='ocrx_word' id='word_1_290' title='bbox 71 2499 180 2528; x_wconf 90' lang='lat' dir='ltr'><strong>autem</strong></span> <span class='ocrx_word' id='word_1_291' title='bbox 198 2497 323 2527; x_wconf 87' lang='lat' dir='ltr'><strong>duobus</strong></span> <span class='ocrx_word' id='word_1_292' title='bbox 347 2496 492 2535; x_wconf 85' lang='lat' dir='ltr'><strong>perfecta</strong></span> <span class='ocrx_word' id='word_1_293' title='bbox 507 2498 654 2528; x_wconf 87' lang='lat' dir='ltr'><strong>consistit</strong></span> <span class='ocrx_word' id='word_1_294' title='bbox 673 2499 771 2536; x_wconf 88' lang='lat' dir='ltr'><strong>justi-</strong></span> 
     </span>
     <span class='ocr_line' id='line_1_52' title="bbox 72 2543 772 2582; baseline 0.001 -8"><span class='ocrx_word' id='word_1_295' title='bbox 72 2544 114 2574; x_wconf 87' lang='lat' dir='ltr'><strong>tia</strong></span> <span class='ocrx_word' id='word_1_296' title='bbox 126 2565 134 2580; x_wconf 88' lang='lat'><strong>,</strong></span> <span class='ocrx_word' id='word_1_297' title='bbox 150 2544 187 2573; x_wconf 83' lang='lat' dir='ltr'><strong>ut.</strong></span> <span class='ocrx_word' id='word_1_298' title='bbox 200 2543 373 2574; x_wconf 87' lang='lat' dir='ltr'><strong>timeamus</strong></span> <span class='ocrx_word' id='word_1_299' title='bbox 386 2543 491 2572; x_wconf 89' lang='lat' dir='ltr'><strong>Deum</strong></span> <span class='ocrx_word' id='word_1_300' title='bbox 512 2544 645 2582; x_wconf 87' lang='lat' dir='ltr'><strong>propter</strong></span> <span class='ocrx_word' id='word_1_301' title='bbox 658 2546 772 2582; x_wconf 88' lang='lat' dir='ltr'><strong>poten-</strong></span> 
     </span>
     <span class='ocr_line' id='line_1_53' title="bbox 73 2589 771 2628; baseline 0.004 -10"><span class='ocrx_word' id='word_1_302' title='bbox 73 2589 169 2625; x_wconf 87' lang='lat' dir='ltr'><strong>tiam,</strong></span> <span class='ocrx_word' id='word_1_303' title='bbox 193 2597 336 2618; x_wconf 71' lang='lat' dir='ltr'><strong>amemus</strong></span> <span class='ocrx_word' id='word_1_304' title='bbox 357 2590 490 2627; x_wconf 89' lang='lat' dir='ltr'><strong>propter</strong></span> <span class='ocrx_word' id='word_1_305' title='bbox 518 2589 716 2628; x_wconf 85' lang='lat' dir='ltr'><strong>bonitatem,</strong></span> <span class='ocrx_word' id='word_1_306' title='bbox 738 2592 771 2621; x_wconf 90' lang='lat' dir='ltr'><strong>et</strong></span> 
     </span>
    </p>
   </div>
   <div class='ocr_carea' id='block_1_3' title="bbox 73 2634 770 2699">
    <p class='ocr_par' dir='ltr' id='par_1_4' title="bbox 73 2634 770 2699">
     <span class='ocr_line' id='line_1_54' title="bbox 73 2634 770 2699; baseline 0.009 -37"><span class='ocrx_word' id='word_1_307' title='bbox 73 2634 256 2699; x_wconf 69' lang='lat' dir='ltr'><strong>proxin31um</strong></span> <span class='ocrx_word' id='word_1_308' title='bbox 271 2635 403 2673; x_wconf 86' lang='lat' dir='ltr'><strong>propter</strong></span> <span class='ocrx_word' id='word_1_309' title='bbox 425 2634 548 2665; x_wconf 63' lang='lat' dir='ltr'><strong>natura-</strong></span> <span class='ocrx_word' id='word_1_310' title='bbox 569 2635 770 2668; x_wconf 84' lang='lat' dir='ltr'><strong>societatem.</strong></span> 
     </span>
    </p>
   </div>
   <div class='ocr_carea' id='block_1_4' title="bbox 774 562 783 1436">
    <p class='ocr_par' dir='ltr' id='par_1_5' title="bbox 774 562 783 1436">
     <span class='ocr_line' id='line_1_55' title="bbox 774 562 783 1436; baseline 0 0"><span class='ocrx_word' id='word_1_311' title='bbox 774 562 783 1436; x_wconf 95' lang='lat' dir='ltr'><strong> </strong></span> 
     </span>
    </p>
   </div>
   <div class='ocr_carea' id='block_1_5' title="bbox 1005 214 1488 303">
    <p class='ocr_par' dir='ltr' id='par_1_6' title="bbox 1005 214 1488 303">
     <span class='ocr_line' id='line_1_56' title="bbox 1451 214 1488 243; baseline 0 -1"><span class='ocrx_word' id='word_1_312' title='bbox 1451 214 1488 243; x_wconf 68' lang='lat'><strong>97</strong></span> 
     </span>
     <span class='ocr_line' id='line_1_57' title="bbox 1005 269 1269 303; baseline 0.004 -2"><span class='ocrx_word' id='word_1_313' title='bbox 1005 269 1175 302; x_wconf 75' lang='lat' dir='ltr'>SERMO</span> <span class='ocrx_word' id='word_1_314' title='bbox 1207 271 1269 303; x_wconf 90' lang='lat' dir='ltr'><strong>LI.</strong></span> 
     </span>
    </p>
   </div>
   <div class='ocr_carea' id='block_1_6' title="bbox 800 336 1481 398">
    <p class='ocr_par' dir='ltr' id='par_1_7' title="bbox 800 336 1481 398">
     <span class='ocr_line' id='line_1_58' title="bbox 800 336 1481 366; baseline -0.001 -5"><span class='ocrx_word' id='word_1_315' title='bbox 800 338 839 362; x_wconf 88' lang='lat' dir='ltr'><strong>De</strong></span> <span class='ocrx_word' id='word_1_316' title='bbox 851 336 950 362; x_wconf 82' lang='lat' dir='ltr'><strong>Mariae</strong></span> <span class='ocrx_word' id='word_1_317' title='bbox 963 337 1163 362; x_wconf 82' lang='lat' dir='ltr'><strong>Purificatione</strong></span> <span class='ocrx_word' id='word_1_318' title='bbox 1173 355 1180 366; x_wconf 83' lang='lat'><strong>.</strong></span> <span class='ocrx_word' id='word_1_319' title='bbox 1191 340 1217 362; x_wconf 86' lang='lat' dir='ltr'><strong>et</strong></span> <span class='ocrx_word' id='word_1_320' title='bbox 1228 338 1332 362; x_wconf 84' lang='lat' dir='ltr'><strong>Christi</strong></span> <span class='ocrx_word' id='word_1_321' title='bbox 1345 340 1481 365; x_wconf 78' lang='lat' dir='ltr'><strong>Circum..</strong></span> 
     </span>
     <span class='ocr_line' id='line_1_59' title="bbox 1087 381 1200 398; baseline -0.009 0"><span class='ocrx_word' id='word_1_322' title='bbox 1087 381 1200 398; x_wconf 84' lang='lat' dir='ltr'><strong>cisione.</strong></span> 
     </span>
    </p>
   </div>
   <div class='ocr_carea' id='block_1_7' title="bbox 789 429 1509 2070">
    <p class='ocr_par' dir='ltr' id='par_1_8' title="bbox 789 429 1509 2070">
     <span class='ocr_line' id='line_1_60' title="bbox 829 429 1492 468; baseline 0.002 -8"><span class='ocrx_word' id='word_1_323' title='bbox 829 431 917 468; x_wconf 78' lang='lat' dir='ltr'><strong>Qun)</strong></span> <span class='ocrx_word' id='word_1_324' title='bbox 940 430 1092 468; x_wconf 83' lang='lat' dir='ltr'><strong>estquod</strong></span> <span class='ocrx_word' id='word_1_325' title='bbox 1111 429 1250 460; x_wconf 86' lang='lat' dir='ltr'><strong>dicimus</strong></span> <span class='ocrx_word' id='word_1_326' title='bbox 1273 430 1404 460; x_wconf 89' lang='lat' dir='ltr'><strong>beatam</strong></span> <span class='ocrx_word' id='word_1_327' title='bbox 1425 433 1492 462; x_wconf 81' lang='lat' dir='ltr'><strong>Ma-</strong></span> 
     </span>
     <span class='ocr_line' id='line_1_61' title="bbox 790 473 1494 515; baseline 0.001 -9"><span class='ocrx_word' id='word_1_328' title='bbox 790 476 871 506; x_wconf 89' lang='lat' dir='ltr'><strong>riam</strong></span> <span class='ocrx_word' id='word_1_329' title='bbox 887 473 1167 515; x_wconf 79' lang='lat' dir='ltr'><strong>purificari?Quid</strong></span> <span class='ocrx_word' id='word_1_330' title='bbox 1190 485 1269 506; x_wconf 88' lang='lat' dir='ltr'><strong>vero</strong></span> <span class='ocrx_word' id='word_1_331' title='bbox 1285 477 1371 514; x_wconf 89' lang='lat' dir='ltr'><strong>quod</strong></span> <span class='ocrx_word' id='word_1_332' title='bbox 1388 477 1494 515; x_wconf 88' lang='lat' dir='ltr'><strong>ipsum</strong></span> 
     </span>
     <span class='ocr_line' id='line_1_62' title="bbox 789 521 1496 552; baseline 0 -1"><span class='ocrx_word' id='word_1_333' title='bbox 789 522 899 552; x_wconf 88' lang='lat' dir='ltr'><strong>Jesum</strong></span> <span class='ocrx_word' id='word_1_334' title='bbox 920 522 1058 552; x_wconf 86' lang='lat' dir='ltr'><strong>dicimus</strong></span> <span class='ocrx_word' id='word_1_335' title='bbox 1086 521 1299 552; x_wconf 79' lang='lat' dir='ltr'><strong>circumcidi?</strong></span> <span class='ocrx_word' id='word_1_336' title='bbox 1321 521 1496 552; x_wconf 87' lang='lat' dir='ltr'><strong>Enimvero</strong></span> 
     </span>
     <span class='ocr_line' id='line_1_63' title="bbox 791 567 1496 606; baseline 0 -8"><span class='ocrx_word' id='word_1_337' title='bbox 791 569 854 598; x_wconf 90' lang='lat' dir='ltr'><strong>tam</strong></span> <span class='ocrx_word' id='word_1_338' title='bbox 891 572 956 598; x_wconf 88' lang='lat' dir='ltr'><strong>non</strong></span> <span class='ocrx_word' id='word_1_339' title='bbox 992 568 1135 606; x_wconf 79' lang='lat' dir='ltr'><strong>indiguit</strong></span> <span class='ocrx_word' id='word_1_340' title='bbox 1164 567 1221 597; x_wconf 89' lang='lat' dir='ltr'><strong>illa</strong></span> <span class='ocrx_word' id='word_1_341' title='bbox 1248 567 1475 606; x_wconf 85' lang='lat' dir='ltr'><strong>purificatione</strong></span> <span class='ocrx_word' id='word_1_342' title='bbox 1486 590 1496 606; x_wconf 93' lang='lat'><strong>‚</strong></span> 
     </span>
     <span class='ocr_line' id='line_1_64' title="bbox 791 613 1498 653; baseline -0.001 -9"><span class='ocrx_word' id='word_1_343' title='bbox 791 622 887 653; x_wconf 90' lang='lat' dir='ltr'><strong>quam</strong></span> <span class='ocrx_word' id='word_1_344' title='bbox 899 622 959 644; x_wconf 91' lang='lat' dir='ltr'><strong>nec</strong></span> <span class='ocrx_word' id='word_1_345' title='bbox 972 614 1028 644; x_wconf 92' lang='lat' dir='ltr'><strong>ille</strong></span> <span class='ocrx_word' id='word_1_346' title='bbox 1042 613 1304 644; x_wconf 89' lang='lat' dir='ltr'><strong>circumcisione.</strong></span> <span class='ocrx_word' id='word_1_347' title='bbox 1315 614 1412 644; x_wconf 89' lang='lat' dir='ltr'><strong>Nobis</strong></span> <span class='ocrx_word' id='word_1_348' title='bbox 1423 622 1498 652; x_wconf 77' lang='lat' dir='ltr'><strong>ergo</strong></span> 
     </span>
     <span class='ocr_line' id='line_1_65' title="bbox 792 659 1498 698; baseline 0.001 -9"><span class='ocrx_word' id='word_1_349' title='bbox 792 660 825 690; x_wconf 89' lang='lat' dir='ltr'><strong>et</strong></span> <span class='ocrx_word' id='word_1_350' title='bbox 841 660 894 690; x_wconf 90' lang='lat' dir='ltr'><strong>hic</strong></span> <span class='ocrx_word' id='word_1_351' title='bbox 907 660 1165 698; x_wconf 80' lang='lat' dir='ltr'><strong>circumciditur,</strong></span> <span class='ocrx_word' id='word_1_352' title='bbox 1179 660 1212 690; x_wconf 88' lang='lat' dir='ltr'><strong>et</strong></span> <span class='ocrx_word' id='word_1_353' title='bbox 1226 660 1282 689; x_wconf 91' lang='lat' dir='ltr'><strong>illa</strong></span> <span class='ocrx_word' id='word_1_354' title='bbox 1292 659 1498 698; x_wconf 85' lang='lat' dir='ltr'><strong>purificatur,</strong></span> 
     </span>
     <span class='ocr_line' id='line_1_66' title="bbox 791 705 1500 744; baseline 0.001 -9"><span class='ocrx_word' id='word_1_355' title='bbox 791 706 975 744; x_wconf 87' lang='lat' dir='ltr'><strong>praebentes</strong></span> <span class='ocrx_word' id='word_1_356' title='bbox 991 706 1180 744; x_wconf 86' lang='lat' dir='ltr'><strong>exemplum</strong></span> <span class='ocrx_word' id='word_1_357' title='bbox 1193 705 1445 744; x_wconf 85' lang='lat' dir='ltr'><strong>poenitentibus,</strong></span> <span class='ocrx_word' id='word_1_358' title='bbox 1461 707 1500 736; x_wconf 88' lang='lat' dir='ltr'><strong>ut</strong></span> 
     </span>
     <span class='ocr_line' id='line_1_67' title="bbox 792 751 1499 790; baseline -0.001 -9"><span class='ocrx_word' id='word_1_359' title='bbox 792 760 810 781; x_wconf 88' lang='lat' dir='ltr'><strong>a</strong></span> <span class='ocrx_word' id='word_1_360' title='bbox 824 751 915 782; x_wconf 89' lang='lat' dir='ltr'><strong>vitiis</strong></span> <span class='ocrx_word' id='word_1_361' title='bbox 930 752 1151 788; x_wconf 80' lang='lat' dir='ltr'><strong>continentes,</strong></span> <span class='ocrx_word' id='word_1_362' title='bbox 1165 751 1307 789; x_wconf 89' lang='lat' dir='ltr'><strong>primum</strong></span> <span class='ocrx_word' id='word_1_363' title='bbox 1322 759 1381 790; x_wconf 91' lang='lat' dir='ltr'><strong>per</strong></span> <span class='ocrx_word' id='word_1_364' title='bbox 1396 752 1499 789; x_wconf 85' lang='lat' dir='ltr'><strong>ipsam</strong></span> 
     </span>
     <span class='ocr_line' id='line_1_68' title="bbox 793 794 1500 836; baseline 0 -9"><span class='ocrx_word' id='word_1_365' title='bbox 793 798 1024 829; x_wconf 83' lang='lat' dir='ltr'><strong>continentiam</strong></span> <span class='ocrx_word' id='word_1_366' title='bbox 1039 797 1330 836; x_wconf 88' lang='lat' dir='ltr'><strong>circumcidamur,</strong></span> <span class='ocrx_word' id='word_1_367' title='bbox 1346 794 1464 827; x_wconf 85' lang='lat' dir='ltr'><strong>deinde</strong></span> <span class='ocrx_word' id='word_1_368' title='bbox 1481 807 1500 827; x_wconf 87' lang='lat' dir='ltr'><strong>a</strong></span> 
     </span>
     <span class='ocr_line' id='line_1_69' title="bbox 793 843 1500 882; baseline 0 -9"><span class='ocrx_word' id='word_1_369' title='bbox 793 844 972 874; x_wconf 86' lang='lat' dir='ltr'><strong>commissis</strong></span> <span class='ocrx_word' id='word_1_370' title='bbox 999 852 1058 882; x_wconf 90' lang='lat' dir='ltr'><strong>per</strong></span> <span class='ocrx_word' id='word_1_371' title='bbox 1088 843 1320 882; x_wconf 87' lang='lat' dir='ltr'><strong>poenitentiam</strong></span> <span class='ocrx_word' id='word_1_372' title='bbox 1347 843 1500 882; x_wconf 88' lang='lat' dir='ltr'><strong>purifice—</strong></span> 
     </span>
     <span class='ocr_line' id='line_1_70' title="bbox 793 889 1501 927; baseline 0 -9"><span class='ocrx_word' id='word_1_373' title='bbox 793 898 877 919; x_wconf 90' lang='lat' dir='ltr'><strong>mur.</strong></span> <span class='ocrx_word' id='word_1_374' title='bbox 894 889 976 926; x_wconf 85' lang='lat' dir='ltr'><strong>Quid</strong></span> <span class='ocrx_word' id='word_1_375' title='bbox 991 889 1039 920; x_wconf 89' lang='lat' dir='ltr'><strong>est</strong></span> <span class='ocrx_word' id='word_1_376' title='bbox 1053 890 1163 920; x_wconf 83' lang='lat' dir='ltr'><strong>autem</strong></span> <span class='ocrx_word' id='word_1_377' title='bbox 1175 889 1263 927; x_wconf 86' lang='lat' dir='ltr'><strong>quod</strong></span> <span class='ocrx_word' id='word_1_378' title='bbox 1276 889 1376 919; x_wconf 87' lang='lat' dir='ltr'><strong>Maria</strong></span> <span class='ocrx_word' id='word_1_379' title='bbox 1391 889 1501 927; x_wconf 89' lang='lat' dir='ltr'><strong>portat</strong></span> 
     </span>
     <span class='ocr_line' id='line_1_71' title="bbox 793 935 1500 974; baseline -0.001 -9"><span class='ocrx_word' id='word_1_380' title='bbox 793 935 904 965; x_wconf 89' lang='lat' dir='ltr'><strong>Jesum</strong></span> <span class='ocrx_word' id='word_1_381' title='bbox 919 936 953 965; x_wconf 92' lang='lat' dir='ltr'><strong>in</strong></span> <span class='ocrx_word' id='word_1_382' title='bbox 968 935 1062 965; x_wconf 91' lang='lat' dir='ltr'><strong>utero</strong></span> <span class='ocrx_word' id='word_1_383' title='bbox 1073 957 1083 973; x_wconf 83' lang='lat'>‚</span> <span class='ocrx_word' id='word_1_384' title='bbox 1096 935 1216 973; x_wconf 88' lang='lat' dir='ltr'><strong>Joseph</strong></span> <span class='ocrx_word' id='word_1_385' title='bbox 1238 935 1272 964; x_wconf 93' lang='lat' dir='ltr'><strong>in</strong></span> <span class='ocrx_word' id='word_1_386' title='bbox 1286 935 1425 965; x_wconf 86' lang='lat' dir='ltr'><strong>humero</strong></span> <span class='ocrx_word' id='word_1_387' title='bbox 1437 958 1446 974; x_wconf 87' lang='lat'><strong>,</strong></span> <span class='ocrx_word' id='word_1_388' title='bbox 1465 936 1500 965; x_wconf 86' lang='lat' dir='ltr'><strong>in</strong></span> 
     </span>
     <span class='ocr_line' id='line_1_72' title="bbox 795 980 1498 1019; baseline 0.001 -10"><span class='ocrx_word' id='word_1_389' title='bbox 795 982 966 1019; x_wconf 80' lang='lat' dir='ltr'><strong>AEgyptum</strong></span> <span class='ocrx_word' id='word_1_390' title='bbox 984 981 1112 1012; x_wconf 86' lang='lat' dir='ltr'><strong>scilicet</strong></span> <span class='ocrx_word' id='word_1_391' title='bbox 1126 981 1196 1011; x_wconf 88' lang='lat' dir='ltr'><strong>iens</strong></span> <span class='ocrx_word' id='word_1_392' title='bbox 1210 981 1243 1010; x_wconf 91' lang='lat' dir='ltr'><strong>et</strong></span> <span class='ocrx_word' id='word_1_393' title='bbox 1259 980 1333 1010; x_wconf 88' lang='lat' dir='ltr'><strong>inde</strong></span> <span class='ocrx_word' id='word_1_394' title='bbox 1345 981 1498 1019; x_wconf 77' lang='lat' dir='ltr'><strong>redtens3</strong></span> 
     </span>
     <span class='ocr_line' id='line_1_73' title="bbox 795 1026 1502 1066; baseline 0 -10"><span class='ocrx_word' id='word_1_395' title='bbox 795 1027 926 1057; x_wconf 89' lang='lat' dir='ltr'><strong>Simeon</strong></span> <span class='ocrx_word' id='word_1_396' title='bbox 947 1028 1056 1066; x_wconf 88' lang='lat' dir='ltr'><strong>portat</strong></span> <span class='ocrx_word' id='word_1_397' title='bbox 1075 1028 1109 1056; x_wconf 93' lang='lat' dir='ltr'><strong>in</strong></span> <span class='ocrx_word' id='word_1_398' title='bbox 1131 1026 1295 1056; x_wconf 79' lang='lat' dir='ltr'><strong>brachiis?</strong></span> <span class='ocrx_word' id='word_1_399' title='bbox 1309 1026 1502 1064; x_wconf 85' lang='lat' dir='ltr'><strong>Significant</strong></span> 
     </span>
     <span class='ocr_line' id='line_1_74' title="bbox 796 1072 1506 1110; baseline 0 -9"><span class='ocrx_word' id='word_1_400' title='bbox 796 1072 850 1102; x_wconf 88' lang='lat' dir='ltr'><strong>isti</strong></span> <span class='ocrx_word' id='word_1_401' title='bbox 865 1072 932 1102; x_wconf 89' lang='lat' dir='ltr'><strong>tres</strong></span> <span class='ocrx_word' id='word_1_402' title='bbox 948 1073 1127 1102; x_wconf 90' lang='lat' dir='ltr'><strong>electorum</strong></span> <span class='ocrx_word' id='word_1_403' title='bbox 1142 1072 1290 1109; x_wconf 82' lang='lat' dir='ltr'><strong>ordines3</strong></span> <span class='ocrx_word' id='word_1_404' title='bbox 1306 1072 1405 1101; x_wconf 82' lang='lat' dir='ltr'><strong>Maria</strong></span> <span class='ocrx_word' id='word_1_405' title='bbox 1420 1081 1506 1110; x_wconf 62' lang='lat' dir='ltr'><strong>pra?—</strong></span> 
     </span>
     <span class='ocr_line' id='line_1_75' title="bbox 797 1117 1502 1156; baseline 0 -9"><span class='ocrx_word' id='word_1_406' title='bbox 797 1117 974 1155; x_wconf 84' lang='lat' dir='ltr'><strong>dicatores,</strong></span> <span class='ocrx_word' id='word_1_407' title='bbox 990 1118 1110 1155; x_wconf 87' lang='lat' dir='ltr'><strong>Joseph</strong></span> <span class='ocrx_word' id='word_1_408' title='bbox 1125 1118 1345 1156; x_wconf 84' lang='lat' dir='ltr'><strong>poenitentes,</strong></span> <span class='ocrx_word' id='word_1_409' title='bbox 1367 1118 1502 1147; x_wconf 89' lang='lat' dir='ltr'><strong>Simeon</strong></span> 
     </span>
     <span class='ocr_line' id='line_1_76' title="bbox 796 1163 1503 1201; baseline 0.001 -9"><span class='ocrx_word' id='word_1_410' title='bbox 796 1163 896 1193; x_wconf 87' lang='lat' dir='ltr'><strong>bonos</strong></span> <span class='ocrx_word' id='word_1_411' title='bbox 912 1164 1109 1201; x_wconf 86' lang='lat' dir='ltr'><strong>operatores.</strong></span> <span class='ocrx_word' id='word_1_412' title='bbox 1127 1163 1188 1201; x_wconf 85' lang='lat' dir='ltr'><strong>Qui</strong></span> <span class='ocrx_word' id='word_1_413' title='bbox 1204 1163 1292 1193; x_wconf 85' lang='lat' dir='ltr'><strong>enim</strong></span> <span class='ocrx_word' id='word_1_414' title='bbox 1308 1164 1380 1194; x_wconf 87' lang='lat' dir='ltr'><strong>aliis</strong></span> <span class='ocrx_word' id='word_1_415' title='bbox 1401 1172 1503 1194; x_wconf 85' lang='lat' dir='ltr'><strong>evan-</strong></span> 
     </span>
     <span class='ocr_line' id='line_1_77' title="bbox 797 1209 1501 1247; baseline 0.003 -10"><span class='ocrx_word' id='word_1_416' title='bbox 797 1209 934 1246; x_wconf 83' lang='lat' dir='ltr'><strong>gelizat,</strong></span> <span class='ocrx_word' id='word_1_417' title='bbox 951 1209 1044 1247; x_wconf 91' lang='lat' dir='ltr'><strong>quasi</strong></span> <span class='ocrx_word' id='word_1_418' title='bbox 1066 1209 1177 1238; x_wconf 86' lang='lat' dir='ltr'><strong>Jesum</strong></span> <span class='ocrx_word' id='word_1_419' title='bbox 1202 1209 1237 1238; x_wconf 91' lang='lat' dir='ltr'><strong>in</strong></span> <span class='ocrx_word' id='word_1_420' title='bbox 1258 1209 1353 1239; x_wconf 83' lang='lat' dir='ltr'><strong>utero</strong></span> <span class='ocrx_word' id='word_1_421' title='bbox 1372 1210 1501 1247; x_wconf 80' lang='lat' dir='ltr'><strong>portat,</strong></span> 
     </span>
     <span class='ocr_line' id='line_1_78' title="bbox 797 1254 1498 1292; baseline 0 -9"><span class='ocrx_word' id='word_1_422' title='bbox 797 1254 833 1283; x_wconf 88' lang='lat' dir='ltr'><strong>ut</strong></span> <span class='ocrx_word' id='word_1_423' title='bbox 843 1262 917 1283; x_wconf 87' lang='lat' dir='ltr'><strong>eum</strong></span> <span class='ocrx_word' id='word_1_424' title='bbox 927 1254 1018 1292; x_wconf 88' lang='lat' dir='ltr'><strong>aliis,</strong></span> <span class='ocrx_word' id='word_1_425' title='bbox 1035 1255 1088 1283; x_wconf 91' lang='lat' dir='ltr'><strong>vel</strong></span> <span class='ocrx_word' id='word_1_426' title='bbox 1110 1254 1220 1292; x_wconf 84' lang='lat' dir='ltr'><strong>potius</strong></span> <span class='ocrx_word' id='word_1_427' title='bbox 1236 1254 1317 1284; x_wconf 89' lang='lat' dir='ltr'><strong>alios</strong></span> <span class='ocrx_word' id='word_1_428' title='bbox 1332 1254 1362 1284; x_wconf 86' lang='lat' dir='ltr'><strong>ei</strong></span> <span class='ocrx_word' id='word_1_429' title='bbox 1379 1254 1498 1292; x_wconf 87' lang='lat' dir='ltr'><strong>pariat.</strong></span> 
     </span>
     <span class='ocr_line' id='line_1_79' title="bbox 797 1298 1504 1338; baseline 0.001 -10"><span class='ocrx_word' id='word_1_430' title='bbox 797 1299 843 1328; x_wconf 92' lang='lat' dir='ltr'><strong>De</strong></span> <span class='ocrx_word' id='word_1_431' title='bbox 865 1298 985 1329; x_wconf 87' lang='lat' dir='ltr'><strong>talibus</strong></span> <span class='ocrx_word' id='word_1_432' title='bbox 1000 1300 1070 1329; x_wconf 88' lang='lat' dir='ltr'><strong>erat</strong></span> <span class='ocrx_word' id='word_1_433' title='bbox 1091 1299 1207 1329; x_wconf 84' lang='lat' dir='ltr'><strong>beatus</strong></span> <span class='ocrx_word' id='word_1_434' title='bbox 1222 1300 1358 1337; x_wconf 87' lang='lat' dir='ltr'><strong>Paulus,</strong></span> <span class='ocrx_word' id='word_1_435' title='bbox 1380 1299 1436 1338; x_wconf 88' lang='lat' dir='ltr'><strong>qui</strong></span> <span class='ocrx_word' id='word_1_436' title='bbox 1453 1300 1504 1329; x_wconf 78' lang='lat' dir='ltr'><strong>di·</strong></span> 
     </span>
     <span class='ocr_line' id='line_1_80' title="bbox 798 1344 1501 1384; baseline 0.003 -11"><span class='ocrx_word' id='word_1_437' title='bbox 798 1344 891 1374; x_wconf 86' lang='lat' dir='ltr'><strong>cebat</strong></span> <span class='ocrx_word' id='word_1_438' title='bbox 907 1353 915 1373; x_wconf 89' lang='lat'><strong>:</strong></span> <span class='ocrx_word' id='word_1_439' title='bbox 933 1345 1038 1374; x_wconf 72' lang='lat' dir='ltr'><strong>Filiolz·</strong></span> <span class='ocrx_word' id='word_1_440' title='bbox 1048 1347 1127 1381; x_wconf 74' lang='lat' dir='ltr'><strong>mei,</strong></span> <span class='ocrx_word' id='word_1_441' title='bbox 1141 1354 1214 1383; x_wconf 79' lang='lat' dir='ltr'><strong>quos</strong></span> <span class='ocrx_word' id='word_1_442' title='bbox 1224 1346 1335 1375; x_wconf 80' lang='lat' dir='ltr'><strong>iterum</strong></span> <span class='ocrx_word' id='word_1_443' title='bbox 1347 1348 1501 1384; x_wconf 65' lang='lat' dir='ltr'><strong>parturio.</strong></span> 
     </span>
     <span class='ocr_line' id='line_1_81' title="bbox 797 1390 1504 1429; baseline 0.001 -10"><span class='ocrx_word' id='word_1_444' title='bbox 797 1392 891 1420; x_wconf 76' lang='lat' dir='ltr'><strong>donec</strong></span> <span class='ocrx_word' id='word_1_445' title='bbox 921 1391 1060 1421; x_wconf 76' lang='lat' dir='ltr'><strong>Christus</strong></span> <span class='ocrx_word' id='word_1_446' title='bbox 1088 1390 1242 1428; x_wconf 66' lang='lat' dir='ltr'><strong>&#39;formetur</strong></span> <span class='ocrx_word' id='word_1_447' title='bbox 1263 1392 1295 1420; x_wconf 80' lang='lat' dir='ltr'><strong>in</strong></span> <span class='ocrx_word' id='word_1_448' title='bbox 1319 1391 1415 1422; x_wconf 78' lang='lat' dir='ltr'><strong>vobis.</strong></span> <span class='ocrx_word' id='word_1_449' title='bbox 1441 1392 1504 1429; x_wconf 87' lang='lat' dir='ltr'><strong>Qui</strong></span> 
     </span>
     <span class='ocr_line' id='line_1_82' title="bbox 799 1436 1502 1475; baseline 0.001 -10"><span class='ocrx_word' id='word_1_450' title='bbox 799 1444 875 1466; x_wconf 89' lang='lat' dir='ltr'><strong>vero</strong></span> <span class='ocrx_word' id='word_1_451' title='bbox 898 1445 956 1474; x_wconf 91' lang='lat' dir='ltr'><strong>pro</strong></span> <span class='ocrx_word' id='word_1_452' title='bbox 972 1437 1097 1466; x_wconf 88' lang='lat' dir='ltr'><strong>Christo</strong></span> <span class='ocrx_word' id='word_1_453' title='bbox 1122 1436 1288 1466; x_wconf 87' lang='lat' dir='ltr'><strong>laboribus</strong></span> <span class='ocrx_word' id='word_1_454' title='bbox 1307 1436 1502 1475; x_wconf 79' lang='lat' dir='ltr'><strong>fatigantur,</strong></span> 
     </span>
     <span class='ocr_line' id='line_1_83' title="bbox 798 1482 1501 1521; baseline -0.001 -9"><span class='ocrx_word' id='word_1_455' title='bbox 798 1482 854 1520; x_wconf 89' lang='lat' dir='ltr'><strong>qui</strong></span> <span class='ocrx_word' id='word_1_456' title='bbox 877 1483 1121 1520; x_wconf 83' lang='lat' dir='ltr'><strong>persecutiones</strong></span> <span class='ocrx_word' id='word_1_457' title='bbox 1137 1482 1324 1521; x_wconf 84' lang='lat' dir='ltr'><strong>patiuntur,</strong></span> <span class='ocrx_word' id='word_1_458' title='bbox 1341 1483 1397 1521; x_wconf 87' lang='lat' dir='ltr'><strong>qui</strong></span> <span class='ocrx_word' id='word_1_459' title='bbox 1419 1484 1501 1513; x_wconf 81' lang='lat' dir='ltr'><strong>nulii</strong></span> 
     </span>
     <span class='ocr_line' id='line_1_84' title="bbox 798 1528 1506 1568; baseline 0.003 -10"><span class='ocrx_word' id='word_1_460' title='bbox 798 1529 881 1558; x_wconf 89' lang='lat' dir='ltr'><strong>mala</strong></span> <span class='ocrx_word' id='word_1_461' title='bbox 893 1528 1051 1566; x_wconf 84' lang='lat' dir='ltr'><strong>inferunt,</strong></span> <span class='ocrx_word' id='word_1_462' title='bbox 1064 1528 1120 1558; x_wconf 90' lang='lat' dir='ltr'><strong>sed</strong></span> <span class='ocrx_word' id='word_1_463' title='bbox 1135 1529 1174 1558; x_wconf 88' lang='lat' dir='ltr'><strong>ab</strong></span> <span class='ocrx_word' id='word_1_464' title='bbox 1186 1529 1259 1559; x_wconf 88' lang='lat' dir='ltr'><strong>aliis</strong></span> <span class='ocrx_word' id='word_1_465' title='bbox 1271 1529 1360 1559; x_wconf 85' lang='lat' dir='ltr'><strong>illata</strong></span> <span class='ocrx_word' id='word_1_466' title='bbox 1375 1530 1506 1568; x_wconf 84' lang='lat' dir='ltr'><strong>patien-</strong></span> 
     </span>
     <span class='ocr_line' id='line_1_85' title="bbox 799 1574 1503 1613; baseline 0.003 -9"><span class='ocrx_word' id='word_1_467' title='bbox 799 1574 848 1604; x_wconf 90' lang='lat' dir='ltr'><strong>ter</strong></span> <span class='ocrx_word' id='word_1_468' title='bbox 872 1574 1000 1612; x_wconf 84' lang='lat' dir='ltr'><strong>ferunt,</strong></span> <span class='ocrx_word' id='word_1_469' title='bbox 1020 1575 1139 1604; x_wconf 85' lang='lat' dir='ltr'><strong>merito</strong></span> <span class='ocrx_word' id='word_1_470' title='bbox 1162 1575 1218 1604; x_wconf 83' lang='lat' dir='ltr'><strong>isti</strong></span> <span class='ocrx_word' id='word_1_471' title='bbox 1233 1576 1362 1613; x_wconf 89' lang='lat' dir='ltr'><strong>portare</strong></span> <span class='ocrx_word' id='word_1_472' title='bbox 1378 1585 1452 1606; x_wconf 91' lang='lat' dir='ltr'><strong>eum</strong></span> <span class='ocrx_word' id='word_1_473' title='bbox 1471 1577 1503 1605; x_wconf 85' lang='lat' dir='ltr'><strong>in</strong></span> 
     </span>
     <span class='ocr_line' id='line_1_86' title="bbox 800 1620 1503 1660; baseline 0 -10"><span class='ocrx_word' id='word_1_474' title='bbox 800 1620 946 1650; x_wconf 88' lang='lat' dir='ltr'><strong>humeris</strong></span> <span class='ocrx_word' id='word_1_475' title='bbox 968 1620 1123 1650; x_wconf 86' lang='lat' dir='ltr'><strong>dicuntur</strong></span> <span class='ocrx_word' id='word_1_476' title='bbox 1145 1629 1154 1649; x_wconf 68' lang='grc' dir='ltr'><strong>ι</strong></span> <span class='ocrx_word' id='word_1_477' title='bbox 1179 1621 1297 1658; x_wconf 88' lang='lat' dir='ltr'><strong>quibus</strong></span> <span class='ocrx_word' id='word_1_478' title='bbox 1321 1622 1354 1651; x_wconf 89' lang='lat' dir='ltr'><strong>et</strong></span> <span class='ocrx_word' id='word_1_479' title='bbox 1369 1621 1410 1651; x_wconf 89' lang='lat' dir='ltr'><strong>ab</strong></span> <span class='ocrx_word' id='word_1_480' title='bbox 1434 1622 1503 1660; x_wconf 77' lang='lat' dir='ltr'><strong>ipsa</strong></span> 
     </span>
     <span class='ocr_line' id='line_1_87' title="bbox 799 1666 1505 1706; baseline 0 -10"><span class='ocrx_word' id='word_1_481' title='bbox 799 1666 944 1696; x_wconf 75' lang='lat' dir='ltr'><strong>veritate</strong></span> <span class='ocrx_word' id='word_1_482' title='bbox 969 1666 1092 1696; x_wconf 89' lang='lat' dir='ltr'><strong>dicitur</strong></span> <span class='ocrx_word' id='word_1_483' title='bbox 1114 1674 1122 1695; x_wconf 74' lang='grc' dir='ltr'><strong><em>ε</em></strong></span> <span class='ocrx_word' id='word_1_484' title='bbox 1148 1667 1208 1705; x_wconf 78' lang='grc' dir='ltr'><strong><em>ραι·</em></strong></span> <span class='ocrx_word' id='word_1_485' title='bbox 1234 1667 1299 1696; x_wconf 78' lang='lat' dir='ltr'><strong>vult</strong></span> <span class='ocrx_word' id='word_1_486' title='bbox 1313 1669 1416 1697; x_wconf 72' lang='lat' dir='ltr'><strong>venire</strong></span> <span class='ocrx_word' id='word_1_487' title='bbox 1438 1670 1505 1706; x_wconf 62' lang='lat' dir='ltr'><strong>post</strong></span> 
     </span>
     <span class='ocr_line' id='line_1_88' title="bbox 800 1712 1507 1751; baseline 0 -10"><span class='ocrx_word' id='word_1_488' title='bbox 800 1722 859 1749; x_wconf 83' lang='lat' dir='ltr'><strong>me,</strong></span> <span class='ocrx_word' id='word_1_489' title='bbox 876 1712 1003 1751; x_wconf 71' lang='lat' dir='ltr'><strong>abneqet</strong></span> <span class='ocrx_word' id='word_1_490' title='bbox 1016 1713 1223 1750; x_wconf 79' lang='lat' dir='ltr'><strong>semetipsum,</strong></span> <span class='ocrx_word' id='word_1_491' title='bbox 1237 1714 1293 1742; x_wconf 85' lang='lat' dir='ltr'><strong>etc.</strong></span> <span class='ocrx_word' id='word_1_492' title='bbox 1313 1712 1347 1742; x_wconf 89' lang='lat' dir='ltr'><strong>Si</strong></span> <span class='ocrx_word' id='word_1_493' title='bbox 1362 1713 1435 1751; x_wconf 92' lang='lat' dir='ltr'><strong>quis</strong></span> <span class='ocrx_word' id='word_1_494' title='bbox 1450 1722 1488 1743; x_wconf 85' lang='lat' dir='ltr'><strong>au</strong></span> <span class='ocrx_word' id='word_1_495' title='bbox 1502 1729 1507 1735; x_wconf 87' lang='lat'><strong>·</strong></span> 
     </span>
     <span class='ocr_line' id='line_1_89' title="bbox 802 1758 1506 1796; baseline -0.001 -9"><span class='ocrx_word' id='word_1_496' title='bbox 802 1759 867 1787; x_wconf 88' lang='lat' dir='ltr'><strong>tem</strong></span> <span class='ocrx_word' id='word_1_497' title='bbox 884 1759 932 1788; x_wconf 86' lang='lat' dir='ltr'><strong>est</strong></span> <span class='ocrx_word' id='word_1_498' title='bbox 948 1758 1003 1796; x_wconf 90' lang='lat' dir='ltr'><strong>qui</strong></span> <span class='ocrx_word' id='word_1_499' title='bbox 1019 1758 1164 1796; x_wconf 84' lang='lat' dir='ltr'><strong>porrigat</strong></span> <span class='ocrx_word' id='word_1_500' title='bbox 1189 1766 1308 1796; x_wconf 90' lang='lat' dir='ltr'><strong>panem</strong></span> <span class='ocrx_word' id='word_1_501' title='bbox 1334 1759 1506 1794; x_wconf 78' lang='lat' dir='ltr'><strong>esurienti,</strong></span> 
     </span>
     <span class='ocr_line' id='line_1_90' title="bbox 801 1803 1507 1842; baseline 0 -9"><span class='ocrx_word' id='word_1_502' title='bbox 801 1805 912 1842; x_wconf 88' lang='lat' dir='ltr'><strong>potum</strong></span> <span class='ocrx_word' id='word_1_503' title='bbox 927 1803 1072 1841; x_wconf 87' lang='lat' dir='ltr'><strong>sitienti,</strong></span> <span class='ocrx_word' id='word_1_504' title='bbox 1083 1803 1263 1841; x_wconf 82' lang='lat' dir='ltr'><strong>caeteraque</strong></span> <span class='ocrx_word' id='word_1_505' title='bbox 1275 1803 1507 1833; x_wconf 70' lang='lat' dir='ltr'><strong>misericordiae</strong></span> 
     </span>
     <span class='ocr_line' id='line_1_91' title="bbox 801 1849 1506 1888; baseline 0 -9"><span class='ocrx_word' id='word_1_506' title='bbox 801 1858 899 1888; x_wconf 87' lang='lat' dir='ltr'><strong>opera</strong></span> <span class='ocrx_word' id='word_1_507' title='bbox 913 1850 1052 1880; x_wconf 87' lang='lat' dir='ltr'><strong>sollicite</strong></span> <span class='ocrx_word' id='word_1_508' title='bbox 1068 1849 1237 1887; x_wconf 84' lang='lat' dir='ltr'><strong>impendat</strong></span> <span class='ocrx_word' id='word_1_509' title='bbox 1253 1849 1382 1887; x_wconf 81' lang='lat' dir='ltr'><strong>egenti,</strong></span> <span class='ocrx_word' id='word_1_510' title='bbox 1398 1858 1506 1879; x_wconf 77' lang='lat' dir='ltr'><strong>nonne</strong></span> 
     </span>
     <span class='ocr_line' id='line_1_92' title="bbox 802 1895 1506 1932; baseline -0.001 -7"><span class='ocrx_word' id='word_1_511' title='bbox 802 1896 861 1925; x_wconf 86' lang='lat' dir='ltr'><strong>iste</strong></span> <span class='ocrx_word' id='word_1_512' title='bbox 878 1896 966 1925; x_wconf 90' lang='lat' dir='ltr'><strong>recte</strong></span> <span class='ocrx_word' id='word_1_513' title='bbox 981 1895 1114 1924; x_wconf 84' lang='lat' dir='ltr'><strong>videtur</strong></span> <span class='ocrx_word' id='word_1_514' title='bbox 1135 1903 1209 1923; x_wconf 87' lang='lat' dir='ltr'><strong>eum</strong></span> <span class='ocrx_word' id='word_1_515' title='bbox 1230 1895 1359 1932; x_wconf 89' lang='lat' dir='ltr'><strong>portare</strong></span> <span class='ocrx_word' id='word_1_516' title='bbox 1383 1895 1417 1924; x_wconf 87' lang='lat' dir='ltr'><strong>in</strong></span> <span class='ocrx_word' id='word_1_517' title='bbox 1432 1895 1506 1924; x_wconf 85' lang='lat' dir='ltr'><strong>bra-</strong></span> 
     </span>
     <span class='ocr_line' id='line_1_93' title="bbox 801 1940 1506 1977; baseline 0 -7"><span class='ocrx_word' id='word_1_518' title='bbox 801 1940 906 1970; x_wconf 74' lang='lat' dir='ltr'><strong>chiis?</strong></span> <span class='ocrx_word' id='word_1_519' title='bbox 922 1940 1115 1977; x_wconf 86' lang='lat' dir='ltr'><strong>Hujusmodi</strong></span> <span class='ocrx_word' id='word_1_520' title='bbox 1135 1940 1222 1970; x_wconf 89' lang='lat' dir='ltr'><strong>enim</strong></span> <span class='ocrx_word' id='word_1_521' title='bbox 1237 1940 1383 1970; x_wconf 79' lang='lat' dir='ltr'><strong>dicturus</strong></span> <span class='ocrx_word' id='word_1_522' title='bbox 1400 1942 1449 1971; x_wconf 87' lang='lat' dir='ltr'><strong>est</strong></span> <span class='ocrx_word' id='word_1_523' title='bbox 1470 1942 1506 1970; x_wconf 90' lang='lat' dir='ltr'><strong>in</strong></span> 
     </span>
     <span class='ocr_line' id='line_1_94' title="bbox 799 1987 1509 2025; baseline -0.001 -7"><span class='ocrx_word' id='word_1_524' title='bbox 799 1988 922 2025; x_wconf 83' lang='lat' dir='ltr'><strong>judicio</strong></span> <span class='ocrx_word' id='word_1_525' title='bbox 946 1988 1104 2017; x_wconf 89' lang='lat' dir='ltr'><strong>Dominus</strong></span> <span class='ocrx_word' id='word_1_526' title='bbox 1121 1994 1128 2014; x_wconf 73' lang='grc' dir='ltr'><strong>ε</strong></span> <span class='ocrx_word' id='word_1_527' title='bbox 1148 1987 1302 2025; x_wconf 66' lang='lat' dir='ltr'><strong>Quamdiu</strong></span> <span class='ocrx_word' id='word_1_528' title='bbox 1317 1987 1428 2024; x_wconf 74' lang='lat' dir='ltr'><strong>fecistis</strong></span> <span class='ocrx_word' id='word_1_529' title='bbox 1451 1989 1509 2017; x_wconf 78' lang='lat' dir='ltr'><strong>uni</strong></span> 
     </span>
     <span class='ocr_line' id='line_1_95' title="bbox 800 2032 1320 2070; baseline -0.004 -6"><span class='ocrx_word' id='word_1_530' title='bbox 800 2044 839 2064; x_wconf 68' lang='lat' dir='ltr'><strong>em</strong></span> <span class='ocrx_word' id='word_1_531' title='bbox 854 2034 989 2063; x_wconf 74' lang='lat' dir='ltr'><strong>minimis</strong></span> <span class='ocrx_word' id='word_1_532' title='bbox 1000 2033 1075 2062; x_wconf 80' lang='lat' dir='ltr'><strong>meis</strong></span> <span class='ocrx_word' id='word_1_533' title='bbox 1087 2053 1097 2069; x_wconf 84' lang='lat'>‚</span> <span class='ocrx_word' id='word_1_534' title='bbox 1111 2032 1189 2062; x_wconf 66' lang='lat' dir='ltr'><strong>milia·</strong></span> <span class='ocrx_word' id='word_1_535' title='bbox 1199 2034 1320 2070; x_wconf 71' lang='lat' dir='ltr'><strong>lecistis.</strong></span> 
     </span>
    </p>
   </div>
   <div class='ocr_carea' id='block_1_8' title="bbox 1006 2146 1298 2180">
    <p class='ocr_par' dir='ltr' id='par_1_9' title="bbox 1006 2146 1298 2180">
     <span class='ocr_line' id='line_1_96' title="bbox 1006 2146 1298 2180; baseline 0 0"><span class='ocrx_word' id='word_1_536' title='bbox 1006 2146 1176 2180; x_wconf 75' lang='lat' dir='ltr'><strong>SERMO</strong></span> <span class='ocrx_word' id='word_1_537' title='bbox 1210 2147 1298 2180; x_wconf 90' lang='lat' dir='ltr'><strong>LII.</strong></span> 
     </span>
    </p>
   </div>
   <div class='ocr_carea' id='block_1_9' title="bbox 802 2222 1509 2629">
    <p class='ocr_par' dir='ltr' id='par_1_10' title="bbox 826 2222 1482 2283">
     <span class='ocr_line' id='line_1_97' title="bbox 826 2222 1482 2255; baseline -0.002 -5"><span class='ocrx_word' id='word_1_538' title='bbox 826 2225 866 2250; x_wconf 86' lang='lat' dir='ltr'><strong>De</strong></span> <span class='ocrx_word' id='word_1_539' title='bbox 877 2225 960 2249; x_wconf 84' lang='lat' dir='ltr'><strong>domo</strong></span> <span class='ocrx_word' id='word_1_540' title='bbox 973 2224 1078 2248; x_wconf 81' lang='lat' dir='ltr'><strong>divinae</strong></span> <span class='ocrx_word' id='word_1_541' title='bbox 1091 2223 1239 2253; x_wconf 76' lang='lat' dir='ltr'><strong>Sapientiae</strong></span> <span class='ocrx_word' id='word_1_542' title='bbox 1249 2240 1257 2253; x_wconf 82' lang='lat'>‚</span> <span class='ocrx_word' id='word_1_543' title='bbox 1270 2223 1299 2247; x_wconf 87' lang='lat' dir='ltr'><strong>id</strong></span> <span class='ocrx_word' id='word_1_544' title='bbox 1311 2226 1347 2248; x_wconf 84' lang='lat' dir='ltr'><strong>est</strong></span> <span class='ocrx_word' id='word_1_545' title='bbox 1360 2222 1482 2255; x_wconf 77' lang='lat' dir='ltr'><strong>Virgine</strong></span> 
     </span>
     <span class='ocr_line' id='line_1_98' title="bbox 1103 2258 1202 2283; baseline -0.02 0"><span class='ocrx_word' id='word_1_546' title='bbox 1103 2258 1202 2283; x_wconf 83' lang='lat' dir='ltr'><strong>Maria.</strong></span> 
     </span>
    </p>

    <p class='ocr_par' dir='ltr' id='par_1_11' title="bbox 802 2315 1509 2629">
     <span class='ocr_line' id='line_1_99' title="bbox 842 2315 1507 2356; baseline -0.002 -8"><span class='ocrx_word' id='word_1_547' title='bbox 842 2318 871 2348; x_wconf 70' lang='lat' dir='ltr'><strong>l.</strong></span> <span class='ocrx_word' id='word_1_548' title='bbox 886 2317 1045 2356; x_wconf 75' lang='lat' dir='ltr'><strong>Sapientia</strong></span> <span class='ocrx_word' id='word_1_549' title='bbox 1057 2315 1216 2353; x_wconf 63' lang='lat' dir='ltr'><strong>aedificavit</strong></span> <span class='ocrx_word' id='word_1_550' title='bbox 1226 2315 1285 2346; x_wconf 78' lang='lat' dir='ltr'><strong>sibi</strong></span> <span class='ocrx_word' id='word_1_551' title='bbox 1295 2316 1434 2354; x_wconf 81' lang='lat' dir='ltr'><strong>domum,</strong></span> <span class='ocrx_word' id='word_1_552' title='bbox 1451 2320 1507 2347; x_wconf 66' lang='lat' dir='ltr'><strong>cte.</strong></span> 
     </span>
     <span class='ocr_line' id='line_1_100' title="bbox 802 2360 1509 2401; baseline 0 -9"><span class='ocrx_word' id='word_1_553' title='bbox 802 2364 879 2393; x_wconf 91' lang='lat' dir='ltr'><strong>Cum</strong></span> <span class='ocrx_word' id='word_1_554' title='bbox 892 2363 1003 2392; x_wconf 88' lang='lat' dir='ltr'><strong>multis</strong></span> <span class='ocrx_word' id='word_1_555' title='bbox 1013 2362 1116 2391; x_wconf 86' lang='lat' dir='ltr'><strong>modis</strong></span> <span class='ocrx_word' id='word_1_556' title='bbox 1124 2361 1283 2400; x_wconf 86' lang='lat' dir='ltr'><strong>sapientia</strong></span> <span class='ocrx_word' id='word_1_557' title='bbox 1295 2360 1509 2401; x_wconf 82' lang='lat' dir='ltr'><strong>intelligatur,</strong></span> 
     </span>
     <span class='ocr_line' id='line_1_101' title="bbox 802 2407 1509 2447; baseline 0 -9"><span class='ocrx_word' id='word_1_558' title='bbox 802 2408 1012 2447; x_wconf 82' lang='lat' dir='ltr'><strong>quaerendum</strong></span> <span class='ocrx_word' id='word_1_559' title='bbox 1030 2407 1078 2437; x_wconf 82' lang='lat' dir='ltr'><strong>est</strong></span> <span class='ocrx_word' id='word_1_560' title='bbox 1092 2416 1164 2445; x_wconf 87' lang='lat' dir='ltr'><strong>quae</strong></span> <span class='ocrx_word' id='word_1_561' title='bbox 1187 2407 1348 2445; x_wconf 85' lang='lat' dir='ltr'><strong>sapientia</strong></span> <span class='ocrx_word' id='word_1_562' title='bbox 1369 2408 1509 2438; x_wconf 53' lang='lat' dir='ltr'><strong>aedifica⁴</strong></span> 
     </span>
     <span class='ocr_line' id='line_1_102' title="bbox 802 2452 1507 2491; baseline -0.003 -6"><span class='ocrx_word' id='word_1_563' title='bbox 802 2455 850 2485; x_wconf 82' lang='lat' dir='ltr'><strong>vit</strong></span> <span class='ocrx_word' id='word_1_564' title='bbox 864 2455 928 2484; x_wconf 90' lang='lat' dir='ltr'><strong>sibi</strong></span> <span class='ocrx_word' id='word_1_565' title='bbox 944 2454 1088 2484; x_wconf 90' lang='lat' dir='ltr'><strong>domum.</strong></span> <span class='ocrx_word' id='word_1_566' title='bbox 1104 2453 1232 2483; x_wconf 90' lang='lat' dir='ltr'><strong>Dicitur</strong></span> <span class='ocrx_word' id='word_1_567' title='bbox 1249 2452 1336 2482; x_wconf 91' lang='lat' dir='ltr'><strong>enim</strong></span> <span class='ocrx_word' id='word_1_568' title='bbox 1349 2453 1507 2491; x_wconf 85' lang='lat' dir='ltr'><strong>sapientia</strong></span> 
     </span>
     <span class='ocr_line' id='line_1_103' title="bbox 804 2498 1509 2538; baseline -0.006 -8"><span class='ocrx_word' id='word_1_569' title='bbox 804 2500 920 2537; x_wconf 89' lang='lat' dir='ltr'><strong>carnis,</strong></span> <span class='ocrx_word' id='word_1_570' title='bbox 933 2509 1004 2538; x_wconf 79' lang='lat' dir='ltr'><strong>quae</strong></span> <span class='ocrx_word' id='word_1_571' title='bbox 1016 2499 1149 2529; x_wconf 88' lang='lat' dir='ltr'><strong>inimica</strong></span> <span class='ocrx_word' id='word_1_572' title='bbox 1162 2500 1210 2528; x_wconf 90' lang='lat' dir='ltr'><strong>est</strong></span> <span class='ocrx_word' id='word_1_573' title='bbox 1225 2499 1292 2528; x_wconf 91' lang='lat' dir='ltr'><strong>Deo</strong></span> <span class='ocrx_word' id='word_1_574' title='bbox 1310 2505 1319 2527; x_wconf 92' lang='lat'><strong>:</strong></span> <span class='ocrx_word' id='word_1_575' title='bbox 1336 2498 1369 2527; x_wconf 89' lang='lat' dir='ltr'><strong>et</strong></span> <span class='ocrx_word' id='word_1_576' title='bbox 1382 2499 1509 2535; x_wconf 74' lang='lat' dir='ltr'><strong>sapien-</strong></span> 
     </span>
     <span class='ocr_line' id='line_1_104' title="bbox 803 2543 1508 2583; baseline -0.004 -7"><span class='ocrx_word' id='word_1_577' title='bbox 803 2547 848 2576; x_wconf 87' lang='lat' dir='ltr'><strong>tia</strong></span> <span class='ocrx_word' id='word_1_578' title='bbox 864 2545 962 2583; x_wconf 85' lang='lat' dir='ltr'><strong>hujus</strong></span> <span class='ocrx_word' id='word_1_579' title='bbox 976 2545 1109 2582; x_wconf 89' lang='lat' dir='ltr'><strong>mundi,</strong></span> <span class='ocrx_word' id='word_1_580' title='bbox 1122 2553 1193 2582; x_wconf 88' lang='lat' dir='ltr'><strong>quae</strong></span> <span class='ocrx_word' id='word_1_581' title='bbox 1209 2543 1348 2574; x_wconf 89' lang='lat' dir='ltr'><strong>stultitia</strong></span> <span class='ocrx_word' id='word_1_582' title='bbox 1364 2543 1411 2571; x_wconf 89' lang='lat' dir='ltr'><strong>est</strong></span> <span class='ocrx_word' id='word_1_583' title='bbox 1423 2545 1508 2581; x_wconf 81' lang='lat' dir='ltr'><strong>apud</strong></span> 
     </span>
     <span class='ocr_line' id='line_1_105' title="bbox 804 2587 1506 2629; baseline -0.006 -8"><span class='ocrx_word' id='word_1_584' title='bbox 804 2592 921 2622; x_wconf 81' lang='lat' dir='ltr'><strong>Deum.</strong></span> <span class='ocrx_word' id='word_1_585' title='bbox 934 2592 1075 2629; x_wconf 86' lang='lat' dir='ltr'><strong>Utraque</strong></span> <span class='ocrx_word' id='word_1_586' title='bbox 1089 2591 1149 2620; x_wconf 83' lang='lat' dir='ltr'><strong>ista</strong></span> <span class='ocrx_word' id='word_1_587' title='bbox 1161 2588 1337 2620; x_wconf 86' lang='lat' dir='ltr'><strong>secundum</strong></span> <span class='ocrx_word' id='word_1_588' title='bbox 1352 2587 1506 2619; x_wconf 85' lang='lat' dir='ltr'><strong>Jacobnin</strong></span> 
     </span>
    </p>
   </div>
   <div class='ocr_carea' id='block_1_10' title="bbox 805 2633 1507 2695">
    <p class='ocr_par' dir='ltr' id='par_1_12' title="bbox 805 2633 1507 2695">
     <span class='ocr_line' id='line_1_106' title="bbox 805 2633 1507 2676; baseline -0.004 -8"><span class='ocrx_word' id='word_1_589' title='bbox 805 2638 983 2676; x_wconf 82' lang='lat' dir='ltr'><strong>apostolum</strong></span> <span class='ocrx_word' id='word_1_590' title='bbox 1000 2637 1126 2667; x_wconf 85' lang='lat' dir='ltr'><strong>terrena</strong></span> <span class='ocrx_word' id='word_1_591' title='bbox 1142 2637 1206 2673; x_wconf 80' lang='lat' dir='ltr'><strong>est,</strong></span> <span class='ocrx_word' id='word_1_592' title='bbox 1223 2633 1387 2676; x_wconf 68' lang='lat' dir='ltr'><strong>am&#39;malg&#39;s,</strong></span> <span class='ocrx_word' id='word_1_593' title='bbox 1400 2634 1507 2665; x_wconf 73' lang='lat' dir='ltr'><strong>diabo-</strong></span> 
     </span>
     <span class='ocr_line' id='line_1_107' title="bbox 1340 2680 1349 2695; baseline 0 0"><span class='ocrx_word' id='word_1_594' title='bbox 1340 2680 1349 2695; x_wconf 89' lang='grc' dir='ltr'><em>Ι</em></span> 
     </span>
    </p>
   </div>
  </div>
 </body>
</html>
