<?xml version="1.0" encoding="UTF-8"?>
<!DOCTYPE html PUBLIC "-//W3C//DTD XHTML 1.0 Transitional//EN"
    "http://www.w3.org/TR/xhtml1/DTD/xhtml1-transitional.dtd">
<html xmlns="http://www.w3.org/1999/xhtml" xml:lang="en" lang="en">
 <head>
  <title>
</title>
<meta http-equiv="Content-Type" content="text/html;charset=utf-8" />
  <meta name='ocr-system' content='tesseract 3.04.00' />
  <meta name='ocr-capabilities' content='ocr_page ocr_carea ocr_par ocr_line ocrx_word'/>
</head>
<body>
  <div class='ocr_page' id='page_1' title='image "./operagenuinajuxt03bernuoft/operagenuinajuxt03bernuoft_0059.png"; bbox 0 0 1830 3073; ppageno 0'>
   <div class='ocr_carea' id='block_1_1' title="bbox 525 221 816 257">
    <p class='ocr_par' dir='ltr' id='par_1_1' title="bbox 525 221 816 257">
     <span class='ocr_line' id='line_1_1' title="bbox 525 221 816 257; baseline -0.021 -2"><span class='ocrx_word' id='word_1_1' title='bbox 525 228 581 257; x_wconf 86' lang='lat' dir='ltr'><strong>DE</strong></span> <span class='ocrx_word' id='word_1_2' title='bbox 603 221 816 254; x_wconf 79' lang='lat' dir='ltr'>DIVERSIS</span> 
     </span>
    </p>
   </div>
   <div class='ocr_carea' id='block_1_2' title="bbox 101 282 808 1681">
    <p class='ocr_par' dir='ltr' id='par_1_2' title="bbox 101 282 806 721">
     <span class='ocr_line' id='line_1_2' title="bbox 103 282 803 325; baseline -0.011 -10"><span class='ocrx_word' id='word_1_3' title='bbox 103 285 191 325; x_wconf 78' lang='lat' dir='ltr'><strong>quod</strong></span> <span class='ocrx_word' id='word_1_4' title='bbox 204 284 249 317; x_wconf 87' lang='lat' dir='ltr'><strong>ait</strong></span> <span class='ocrx_word' id='word_1_5' title='bbox 259 283 424 322; x_wconf 81' lang='lat' dir='ltr'><strong>Centurio,</strong></span> <span class='ocrx_word' id='word_1_6' title='bbox 440 282 530 320; x_wconf 85' lang='lat' dir='ltr'><strong>cujus</strong></span> <span class='ocrx_word' id='word_1_7' title='bbox 546 282 625 311; x_wconf 83' lang='lat' dir='ltr'><strong>fides</strong></span> <span class='ocrx_word' id='word_1_8' title='bbox 637 282 702 311; x_wconf 85' lang='lat' dir='ltr'><strong>tam</strong></span> <span class='ocrx_word' id='word_1_9' title='bbox 714 286 803 315; x_wconf 83' lang='lat' dir='ltr'><strong>mag-</strong></span> 
     </span>
     <span class='ocr_line' id='line_1_3' title="bbox 107 325 803 363; baseline -0.013 -1"><span class='ocrx_word' id='word_1_10' title='bbox 107 332 203 362; x_wconf 80' lang='lat' dir='ltr'><strong>nifice</strong></span> <span class='ocrx_word' id='word_1_11' title='bbox 224 330 466 362; x_wconf 86' lang='lat' dir='ltr'><strong>commendatur</strong></span> <span class='ocrx_word' id='word_1_12' title='bbox 481 337 489 357; x_wconf 72' lang='grc' dir='ltr'><strong><em>τ</em></strong></span> <span class='ocrx_word' id='word_1_13' title='bbox 506 329 658 363; x_wconf 79' lang='lat' dir='ltr'><em>Domine,</em></span> <span class='ocrx_word' id='word_1_14' title='bbox 679 325 803 363; x_wconf 78' lang='lat' dir='ltr'><strong>inquit,</strong></span> 
     </span>
     <span class='ocr_line' id='line_1_4' title="bbox 106 373 803 411; baseline -0.007 -6"><span class='ocrx_word' id='word_1_15' title='bbox 106 378 152 406; x_wconf 79' lang='lat' dir='ltr'><strong>dic</strong></span> <span class='ocrx_word' id='word_1_16' title='bbox 164 378 283 407; x_wconf 80' lang='lat' dir='ltr'><strong>lantum</strong></span> <span class='ocrx_word' id='word_1_17' title='bbox 292 375 383 406; x_wconf 74' lang='lat' dir='ltr'><strong>verbo</strong></span> <span class='ocrx_word' id='word_1_18' title='bbox 392 396 403 411; x_wconf 86' lang='lat'><em>‚</em></span> <span class='ocrx_word' id='word_1_19' title='bbox 413 376 440 405; x_wconf 83' lang='lat' dir='ltr'><strong>et</strong></span> <span class='ocrx_word' id='word_1_20' title='bbox 451 373 614 404; x_wconf 70' lang='lat' dir='ltr'><strong>sanabitur</strong></span> <span class='ocrx_word' id='word_1_21' title='bbox 625 379 803 411; x_wconf 81' lang='lat' dir='ltr'><strong>pnermens.</strong></span> 
     </span>
     <span class='ocr_line' id='line_1_5' title="bbox 104 415 805 456; baseline -0.007 -6"><span class='ocrx_word' id='word_1_22' title='bbox 104 421 168 450; x_wconf 87' lang='lat' dir='ltr'><strong>Sed</strong></span> <span class='ocrx_word' id='word_1_23' title='bbox 183 421 216 450; x_wconf 87' lang='lat' dir='ltr'><strong>et</strong></span> <span class='ocrx_word' id='word_1_24' title='bbox 228 421 256 451; x_wconf 90' lang='lat' dir='ltr'><strong>si</strong></span> <span class='ocrx_word' id='word_1_25' title='bbox 283 419 406 451; x_wconf 81' lang='lat' dir='ltr'><strong>titubas</strong></span> <span class='ocrx_word' id='word_1_26' title='bbox 433 419 558 456; x_wconf 87' lang='lat' dir='ltr'><strong>adhuc,</strong></span> <span class='ocrx_word' id='word_1_27' title='bbox 587 416 743 447; x_wconf 84' lang='lat' dir='ltr'><strong>confitere</strong></span> <span class='ocrx_word' id='word_1_28' title='bbox 771 415 805 445; x_wconf 89' lang='lat' dir='ltr'><strong>et</strong></span> 
     </span>
     <span class='ocr_line' id='line_1_6' title="bbox 104 462 804 503; baseline -0.004 -9"><span class='ocrx_word' id='word_1_29' title='bbox 104 467 205 495; x_wconf 84' lang='lat' dir='ltr'><strong>clama</strong></span> <span class='ocrx_word' id='word_1_30' title='bbox 217 474 226 494; x_wconf 78' lang='lat' dir='ltr'><strong><em>z</em></strong></span> <span class='ocrx_word' id='word_1_31' title='bbox 239 466 301 496; x_wconf 82' lang='lat' dir='ltr'><strong>Mei</strong></span> <span class='ocrx_word' id='word_1_32' title='bbox 312 467 415 496; x_wconf 77' lang='lat' dir='ltr'><strong>autem</strong></span> <span class='ocrx_word' id='word_1_33' title='bbox 426 473 502 503; x_wconf 76' lang='lat' dir='ltr'><strong>pene</strong></span> <span class='ocrx_word' id='word_1_34' title='bbox 523 464 601 494; x_wconf 80' lang='lat' dir='ltr'><strong>moti</strong></span> <span class='ocrx_word' id='word_1_35' title='bbox 611 463 683 493; x_wconf 81' lang='lat' dir='ltr'><strong>sunt</strong></span> <span class='ocrx_word' id='word_1_36' title='bbox 694 462 782 500; x_wconf 81' lang='lat' dir='ltr'><strong>pedes</strong></span> <span class='ocrx_word' id='word_1_37' title='bbox 794 481 804 497; x_wconf 88' lang='lat'>‚</span> 
     </span>
     <span class='ocr_line' id='line_1_7' title="bbox 102 505 805 549; baseline -0.006 -10"><span class='ocrx_word' id='word_1_38' title='bbox 102 519 176 548; x_wconf 84' lang='lat' dir='ltr'><strong>pene</strong></span> <span class='ocrx_word' id='word_1_39' title='bbox 190 510 282 549; x_wconf 74' lang='lat' dir='ltr'><strong>effusi</strong></span> <span class='ocrx_word' id='word_1_40' title='bbox 291 512 363 540; x_wconf 86' lang='lat' dir='ltr'><strong>sunt</strong></span> <span class='ocrx_word' id='word_1_41' title='bbox 374 518 492 548; x_wconf 77' lang='lat' dir='ltr'><strong>qressns</strong></span> <span class='ocrx_word' id='word_1_42' title='bbox 502 509 563 539; x_wconf 80' lang='lat' dir='ltr'><strong>mci</strong></span> <span class='ocrx_word' id='word_1_43' title='bbox 576 517 587 537; x_wconf 90' lang='lat'><strong>.·</strong></span> <span class='ocrx_word' id='word_1_44' title='bbox 602 507 681 537; x_wconf 85' lang='lat' dir='ltr'><strong>etin</strong></span> <span class='ocrx_word' id='word_1_45' title='bbox 695 505 805 536; x_wconf 86' lang='lat' dir='ltr'><strong>verbis</strong></span> 
     </span>
     <span class='ocr_line' id='line_1_8' title="bbox 101 551 803 590; baseline -0.004 -6"><span class='ocrx_word' id='word_1_46' title='bbox 101 555 170 585; x_wconf 83' lang='lat' dir='ltr'><strong>suis</strong></span> <span class='ocrx_word' id='word_1_47' title='bbox 190 555 392 586; x_wconf 82' lang='lat' dir='ltr'><strong>confirmabit</strong></span> <span class='ocrx_word' id='word_1_48' title='bbox 418 554 453 584; x_wconf 87' lang='lat' dir='ltr'><strong>te</strong></span> <span class='ocrx_word' id='word_1_49' title='bbox 479 561 488 583; x_wconf 75' lang='grc' dir='ltr'><strong><em>ε</em></strong></span> <span class='ocrx_word' id='word_1_50' title='bbox 517 554 555 583; x_wconf 84' lang='lat' dir='ltr'><strong>ut</strong></span> <span class='ocrx_word' id='word_1_51' title='bbox 575 551 803 590; x_wconf 86' lang='lat' dir='ltr'><strong>experimento</strong></span> 
     </span>
     <span class='ocr_line' id='line_1_9' title="bbox 103 597 806 638; baseline -0.006 -8"><span class='ocrx_word' id='word_1_52' title='bbox 103 599 225 638; x_wconf 85' lang='lat' dir='ltr'><strong>discas,</strong></span> <span class='ocrx_word' id='word_1_53' title='bbox 258 599 412 638; x_wconf 86' lang='lat' dir='ltr'><strong>quoniam</strong></span> <span class='ocrx_word' id='word_1_54' title='bbox 437 598 537 628; x_wconf 84' lang='lat' dir='ltr'><strong>verbo</strong></span> <span class='ocrx_word' id='word_1_55' title='bbox 569 597 699 627; x_wconf 85' lang='lat' dir='ltr'>Domini</span> <span class='ocrx_word' id='word_1_56' title='bbox 729 597 806 627; x_wconf 88' lang='lat' dir='ltr'><strong>coeli</strong></span> 
     </span>
     <span class='ocr_line' id='line_1_10' title="bbox 104 641 806 683; baseline -0.003 -8"><span class='ocrx_word' id='word_1_57' title='bbox 104 645 220 676; x_wconf 77' lang='lat' dir='ltr'><strong>firmati</strong></span> <span class='ocrx_word' id='word_1_58' title='bbox 236 646 329 683; x_wconf 84' lang='lat' dir='ltr'><strong>sunt,</strong></span> <span class='ocrx_word' id='word_1_59' title='bbox 345 645 380 676; x_wconf 84' lang='lat' dir='ltr'><strong>et</strong></span> <span class='ocrx_word' id='word_1_60' title='bbox 401 643 519 683; x_wconf 86' lang='lat' dir='ltr'><strong>spiritu</strong></span> <span class='ocrx_word' id='word_1_61' title='bbox 537 642 602 673; x_wconf 87' lang='lat' dir='ltr'><strong>oris</strong></span> <span class='ocrx_word' id='word_1_62' title='bbox 616 642 687 680; x_wconf 83' lang='lat' dir='ltr'><strong>ejus</strong></span> <span class='ocrx_word' id='word_1_63' title='bbox 701 641 806 673; x_wconf 91' lang='lat' dir='ltr'><strong>omnis</strong></span> 
     </span>
     <span class='ocr_line' id='line_1_11' title="bbox 104 691 348 721; baseline -0.004 -1"><span class='ocrx_word' id='word_1_64' title='bbox 104 691 208 721; x_wconf 87' lang='lat' dir='ltr'><strong>virtus</strong></span> <span class='ocrx_word' id='word_1_65' title='bbox 223 699 348 721; x_wconf 86' lang='lat' dir='ltr'><strong>corum.</strong></span> 
     </span>
    </p>

    <p class='ocr_par' dir='ltr' id='par_1_3' title="bbox 104 731 808 1681">
     <span class='ocr_line' id='line_1_12' title="bbox 142 731 804 773; baseline -0.003 -8"><span class='ocrx_word' id='word_1_66' title='bbox 142 736 174 766; x_wconf 66' lang='lat' dir='ltr'><strong>li.</strong></span> <span class='ocrx_word' id='word_1_67' title='bbox 189 737 226 767; x_wconf 79' lang='lat' dir='ltr'><strong>In</strong></span> <span class='ocrx_word' id='word_1_68' title='bbox 240 736 291 766; x_wconf 88' lang='lat' dir='ltr'><strong>his</strong></span> <span class='ocrx_word' id='word_1_69' title='bbox 304 736 399 773; x_wconf 85' lang='lat' dir='ltr'><strong>atque</strong></span> <span class='ocrx_word' id='word_1_70' title='bbox 414 731 598 771; x_wconf 84' lang='lat' dir='ltr'><strong>hujusmodi</strong></span> <span class='ocrx_word' id='word_1_71' title='bbox 613 737 804 772; x_wconf 85' lang='lat' dir='ltr'><strong>persevera,</strong></span> 
     </span>
     <span class='ocr_line' id='line_1_13' title="bbox 104 778 805 819; baseline -0.004 -8"><span class='ocrx_word' id='word_1_72' title='bbox 104 783 138 811; x_wconf 91' lang='lat' dir='ltr'><strong>in</strong></span> <span class='ocrx_word' id='word_1_73' title='bbox 152 781 270 812; x_wconf 87' lang='lat' dir='ltr'><strong>talibus</strong></span> <span class='ocrx_word' id='word_1_74' title='bbox 282 780 405 819; x_wconf 84' lang='lat' dir='ltr'><strong>jugiter</strong></span> <span class='ocrx_word' id='word_1_75' title='bbox 420 787 594 816; x_wconf 86' lang='lat' dir='ltr'><strong>exercere,</strong></span> <span class='ocrx_word' id='word_1_76' title='bbox 619 779 722 808; x_wconf 88' lang='lat' dir='ltr'><strong>donec</strong></span> <span class='ocrx_word' id='word_1_77' title='bbox 738 778 805 816; x_wconf 75' lang='lat' dir='ltr'><strong>J&#39;am</strong></span> 
     </span>
     <span class='ocr_line' id='line_1_14' title="bbox 104 824 806 865; baseline -0.004 -8"><span class='ocrx_word' id='word_1_78' title='bbox 104 827 189 858; x_wconf 85' lang='lat' dir='ltr'><strong>dieat</strong></span> <span class='ocrx_word' id='word_1_79' title='bbox 202 826 339 865; x_wconf 85' lang='lat' dir='ltr'><strong>Spiritus</strong></span> <span class='ocrx_word' id='word_1_80' title='bbox 348 847 357 863; x_wconf 91' lang='lat'><strong>,</strong></span> <span class='ocrx_word' id='word_1_81' title='bbox 368 825 406 855; x_wconf 85' lang='lat' dir='ltr'><strong>ut</strong></span> <span class='ocrx_word' id='word_1_82' title='bbox 417 825 602 863; x_wconf 82' lang='lat' dir='ltr'>requiescas</span> <span class='ocrx_word' id='word_1_83' title='bbox 613 832 631 854; x_wconf 85' lang='lat' dir='ltr'><strong>a</strong></span> <span class='ocrx_word' id='word_1_84' title='bbox 639 824 806 854; x_wconf 83' lang='lat' dir='ltr'>laboribus</span> 
     </span>
     <span class='ocr_line' id='line_1_15' title="bbox 104 869 805 909; baseline -0.004 -6"><span class='ocrx_word' id='word_1_85' title='bbox 104 873 178 904; x_wconf 89' lang='lat' dir='ltr'><strong>tuis.</strong></span> <span class='ocrx_word' id='word_1_86' title='bbox 195 873 232 902; x_wconf 88' lang='lat' dir='ltr'><strong>ln</strong></span> <span class='ocrx_word' id='word_1_87' title='bbox 245 873 307 902; x_wconf 90' lang='lat' dir='ltr'><strong>hoc</strong></span> <span class='ocrx_word' id='word_1_88' title='bbox 321 871 420 902; x_wconf 87' lang='lat' dir='ltr'><strong>verbo</strong></span> <span class='ocrx_word' id='word_1_89' title='bbox 431 871 580 909; x_wconf 82' lang='lat' dir='ltr'><strong>quiesces</strong></span> <span class='ocrx_word' id='word_1_90' title='bbox 593 869 752 908; x_wconf 81' lang='lat' dir='ltr'><strong>dulciter,</strong></span> <span class='ocrx_word' id='word_1_91' title='bbox 768 877 805 900; x_wconf 85' lang='lat' dir='ltr'><strong>ac</strong></span> 
     </span>
     <span class='ocr_line' id='line_1_16' title="bbox 104 915 807 955; baseline -0.004 -6"><span class='ocrx_word' id='word_1_92' title='bbox 104 918 247 950; x_wconf 80' lang='lat' dir='ltr'><strong>suaviter</strong></span> <span class='ocrx_word' id='word_1_93' title='bbox 288 916 508 955; x_wconf 76' lang='lat' dir='ltr'><strong>soporabei&#39;iS‚</strong></span> <span class='ocrx_word' id='word_1_94' title='bbox 549 915 651 946; x_wconf 90' lang='lat' dir='ltr'><strong>donec</strong></span> <span class='ocrx_word' id='word_1_95' title='bbox 693 915 807 946; x_wconf 81' lang='lat' dir='ltr'><strong>veniet</strong></span> 
     </span>
     <span class='ocr_line' id='line_1_17' title="bbox 105 960 807 1001; baseline -0.003 -9"><span class='ocrx_word' id='word_1_96' title='bbox 105 964 202 1001; x_wconf 86' lang='lat' dir='ltr'><strong>liora,</strong></span> <span class='ocrx_word' id='word_1_97' title='bbox 218 970 293 993; x_wconf 88' lang='lat' dir='ltr'><strong>cum</strong></span> <span class='ocrx_word' id='word_1_98' title='bbox 315 970 427 992; x_wconf 90' lang='lat' dir='ltr'><strong>omues</strong></span> <span class='ocrx_word' id='word_1_99' title='bbox 450 961 507 1000; x_wconf 86' lang='lat' dir='ltr'><strong>qui</strong></span> <span class='ocrx_word' id='word_1_100' title='bbox 531 960 567 991; x_wconf 89' lang='lat' dir='ltr'><strong>in</strong></span> <span class='ocrx_word' id='word_1_101' title='bbox 585 960 807 991; x_wconf 85' lang='lat' dir='ltr'><strong>monumentis</strong></span> 
     </span>
     <span class='ocr_line' id='line_1_18' title="bbox 105 1006 805 1047; baseline -0.003 -8"><span class='ocrx_word' id='word_1_102' title='bbox 105 1010 195 1047; x_wconf 85' lang='lat' dir='ltr'><strong>sunt,</strong></span> <span class='ocrx_word' id='word_1_103' title='bbox 207 1008 460 1039; x_wconf 86' lang='lat' dir='ltr'><strong>audientvocem</strong></span> <span class='ocrx_word' id='word_1_104' title='bbox 473 1006 543 1044; x_wconf 82' lang='lat' dir='ltr'><strong>eJ&#39;us</strong></span> <span class='ocrx_word' id='word_1_105' title='bbox 553 1029 562 1045; x_wconf 88' lang='lat'><strong>,</strong></span> <span class='ocrx_word' id='word_1_106' title='bbox 574 1007 608 1037; x_wconf 84' lang='lat' dir='ltr'><strong>et</strong></span> <span class='ocrx_word' id='word_1_107' title='bbox 618 1006 805 1045; x_wconf 84' lang='lat' dir='ltr'><strong>procedent.</strong></span> 
     </span>
     <span class='ocr_line' id='line_1_19' title="bbox 105 1051 806 1093; baseline -0.003 -10"><span class='ocrx_word' id='word_1_108' title='bbox 105 1055 168 1085; x_wconf 86' lang='lat' dir='ltr'><strong>Sed</strong></span> <span class='ocrx_word' id='word_1_109' title='bbox 179 1053 262 1093; x_wconf 76' lang='lat' dir='ltr'><strong>quo?</strong></span> <span class='ocrx_word' id='word_1_110' title='bbox 277 1054 339 1083; x_wconf 72' lang='lat' dir='ltr'><strong>Alii</strong></span> <span class='ocrx_word' id='word_1_111' title='bbox 350 1053 483 1091; x_wconf 88' lang='lat' dir='ltr'><strong>quidem</strong></span> <span class='ocrx_word' id='word_1_112' title='bbox 505 1053 540 1082; x_wconf 89' lang='lat' dir='ltr'><strong>in</strong></span> <span class='ocrx_word' id='word_1_113' title='bbox 557 1051 734 1089; x_wconf 82' lang='lat' dir='ltr'><strong>judicium,</strong></span> <span class='ocrx_word' id='word_1_114' title='bbox 750 1052 806 1082; x_wconf 87' lang='lat' dir='ltr'><strong>alii</strong></span> 
     </span>
     <span class='ocr_line' id='line_1_20' title="bbox 108 1097 807 1135; baseline -0.003 -6"><span class='ocrx_word' id='word_1_115' title='bbox 108 1108 183 1129; x_wconf 84' lang='lat' dir='ltr'><strong>vero</strong></span> <span class='ocrx_word' id='word_1_116' title='bbox 199 1100 233 1129; x_wconf 88' lang='lat' dir='ltr'><strong>in</strong></span> <span class='ocrx_word' id='word_1_117' title='bbox 247 1099 348 1129; x_wconf 86' lang='lat' dir='ltr'><strong>vitam</strong></span> <span class='ocrx_word' id='word_1_118' title='bbox 360 1099 526 1128; x_wconf 83' lang='lat' dir='ltr'><strong>oeternam.</strong></span> <span class='ocrx_word' id='word_1_119' title='bbox 541 1098 580 1127; x_wconf 83' lang='lat' dir='ltr'><strong>Et</strong></span> <span class='ocrx_word' id='word_1_120' title='bbox 601 1097 673 1135; x_wconf 88' lang='lat' dir='ltr'><strong>quis</strong></span> <span class='ocrx_word' id='word_1_121' title='bbox 693 1098 755 1127; x_wconf 86' lang='lat' dir='ltr'><strong>scit</strong></span> <span class='ocrx_word' id='word_1_122' title='bbox 780 1098 807 1128; x_wconf 88' lang='lat' dir='ltr'><strong>si</strong></span> 
     </span>
     <span class='ocr_line' id='line_1_21' title="bbox 109 1142 807 1183; baseline -0.003 -8"><span class='ocrx_word' id='word_1_123' title='bbox 109 1147 156 1175; x_wconf 80' lang='lat' dir='ltr'><strong>est</strong></span> <span class='ocrx_word' id='word_1_124' title='bbox 164 1146 278 1183; x_wconf 82' lang='lat' dir='ltr'><strong>dignus</strong></span> <span class='ocrx_word' id='word_1_125' title='bbox 287 1151 392 1174; x_wconf 86' lang='lat' dir='ltr'><strong>amore</strong></span> <span class='ocrx_word' id='word_1_126' title='bbox 402 1144 455 1173; x_wconf 80' lang='lat' dir='ltr'><strong>vel</strong></span> <span class='ocrx_word' id='word_1_127' title='bbox 464 1143 536 1173; x_wconf 90' lang='lat' dir='ltr'><strong>odio</strong></span> <span class='ocrx_word' id='word_1_128' title='bbox 547 1142 559 1172; x_wconf 75' lang='grc' dir='ltr'><strong>’ἐ</strong></span> <span class='ocrx_word' id='word_1_129' title='bbox 569 1143 658 1173; x_wconf 89' lang='lat' dir='ltr'><strong>Tunc</strong></span> <span class='ocrx_word' id='word_1_130' title='bbox 666 1142 807 1173; x_wconf 80' lang='lat' dir='ltr'><strong>maxime</strong></span> 
     </span>
     <span class='ocr_line' id='line_1_22' title="bbox 109 1188 804 1226; baseline -0.003 -7"><span class='ocrx_word' id='word_1_131' title='bbox 109 1198 230 1220; x_wconf 83' lang='lat' dir='ltr'><strong>memor</strong></span> <span class='ocrx_word' id='word_1_132' title='bbox 241 1189 309 1220; x_wconf 85' lang='lat' dir='ltr'><strong>esto</strong></span> <span class='ocrx_word' id='word_1_133' title='bbox 319 1189 410 1219; x_wconf 86' lang='lat' dir='ltr'><strong>verbi</strong></span> <span class='ocrx_word' id='word_1_134' title='bbox 419 1188 467 1218; x_wconf 88' lang='lat' dir='ltr'><strong>tui</strong></span> <span class='ocrx_word' id='word_1_135' title='bbox 477 1196 569 1218; x_wconf 86' lang='lat' dir='ltr'><strong>servo</strong></span> <span class='ocrx_word' id='word_1_136' title='bbox 580 1189 648 1225; x_wconf 86' lang='lat' dir='ltr'><strong>tuo,</strong></span> <span class='ocrx_word' id='word_1_137' title='bbox 658 1188 804 1226; x_wconf 76' lang='lat' dir='ltr'><strong>Domine,</strong></span> 
     </span>
     <span class='ocr_line' id='line_1_23' title="bbox 109 1232 805 1271; baseline -0.001 -8"><span class='ocrx_word' id='word_1_138' title='bbox 109 1236 141 1263; x_wconf 85' lang='lat' dir='ltr'><strong>in</strong></span> <span class='ocrx_word' id='word_1_139' title='bbox 157 1242 219 1271; x_wconf 83' lang='lat' dir='ltr'><strong>quo</strong></span> <span class='ocrx_word' id='word_1_140' title='bbox 235 1234 316 1263; x_wconf 85' lang='lat' dir='ltr'><strong>mihi</strong></span> <span class='ocrx_word' id='word_1_141' title='bbox 331 1241 422 1271; x_wconf 87' lang='lat' dir='ltr'><strong>spem</strong></span> <span class='ocrx_word' id='word_1_142' title='bbox 435 1232 573 1270; x_wconf 89' lang='lat' dir='ltr'><strong>dedisti,</strong></span> <span class='ocrx_word' id='word_1_143' title='bbox 587 1233 626 1262; x_wconf 92' lang='lat' dir='ltr'><strong>ut</strong></span> <span class='ocrx_word' id='word_1_144' title='bbox 649 1233 690 1262; x_wconf 86' lang='lat' dir='ltr'><strong>ab</strong></span> <span class='ocrx_word' id='word_1_145' title='bbox 715 1233 805 1262; x_wconf 85' lang='lat' dir='ltr'><strong>audi-</strong></span> 
     </span>
     <span class='ocr_line' id='line_1_24' title="bbox 106 1277 806 1310; baseline -0.003 -1"><span class='ocrx_word' id='word_1_146' title='bbox 106 1280 194 1310; x_wconf 80' lang='lat' dir='ltr'><strong>tione</strong></span> <span class='ocrx_word' id='word_1_147' title='bbox 209 1280 293 1309; x_wconf 87' lang='lat' dir='ltr'><strong>mala</strong></span> <span class='ocrx_word' id='word_1_148' title='bbox 307 1286 371 1308; x_wconf 89' lang='lat' dir='ltr'><strong>non</strong></span> <span class='ocrx_word' id='word_1_149' title='bbox 384 1278 518 1308; x_wconf 85' lang='lat' dir='ltr'><strong>timeam</strong></span> <span class='ocrx_word' id='word_1_150' title='bbox 534 1286 542 1307; x_wconf 72' lang='grc' dir='ltr'><strong>ε</strong></span> <span class='ocrx_word' id='word_1_151' title='bbox 558 1278 617 1308; x_wconf 85' lang='lat' dir='ltr'><strong>sed</strong></span> <span class='ocrx_word' id='word_1_152' title='bbox 630 1277 725 1308; x_wconf 85' lang='lat' dir='ltr'><strong>beata</strong></span> <span class='ocrx_word' id='word_1_153' title='bbox 739 1286 806 1308; x_wconf 87' lang='lat' dir='ltr'><strong>ma-</strong></span> 
     </span>
     <span class='ocr_line' id='line_1_25' title="bbox 107 1323 807 1363; baseline -0.003 -8"><span class='ocrx_word' id='word_1_154' title='bbox 107 1326 154 1362; x_wconf 72' lang='lat' dir='ltr'><strong>gis</strong></span> <span class='ocrx_word' id='word_1_155' title='bbox 169 1325 291 1355; x_wconf 81' lang='lat' dir='ltr'><strong>auditio</strong></span> <span class='ocrx_word' id='word_1_156' title='bbox 305 1324 461 1363; x_wconf 84' lang='lat' dir='ltr'><strong>perducat</strong></span> <span class='ocrx_word' id='word_1_157' title='bbox 483 1323 522 1354; x_wconf 91' lang='lat' dir='ltr'><strong>ad</strong></span> <span class='ocrx_word' id='word_1_158' title='bbox 537 1323 716 1362; x_wconf 82' lang='lat' dir='ltr'><strong>visionem,</strong></span> <span class='ocrx_word' id='word_1_159' title='bbox 733 1332 807 1354; x_wconf 90' lang='lat' dir='ltr'><strong>cum</strong></span> 
     </span>
     <span class='ocr_line' id='line_1_26' title="bbox 107 1371 803 1409; baseline 0 -8"><span class='ocrx_word' id='word_1_160' title='bbox 107 1372 195 1401; x_wconf 86' lang='lat' dir='ltr'><strong>dices</strong></span> <span class='ocrx_word' id='word_1_161' title='bbox 206 1393 215 1409; x_wconf 88' lang='lat'><strong>,</strong></span> <span class='ocrx_word' id='word_1_162' title='bbox 233 1372 340 1403; x_wconf 80' lang='lat' dir='ltr'><strong>Venite</strong></span> <span class='ocrx_word' id='word_1_163' title='bbox 356 1371 500 1401; x_wconf 80' lang='lat' dir='ltr'><strong>benedicti</strong></span> <span class='ocrx_word' id='word_1_164' title='bbox 519 1371 626 1401; x_wconf 80' lang='lat' dir='ltr'><strong>Patris</strong></span> <span class='ocrx_word' id='word_1_165' title='bbox 645 1371 724 1408; x_wconf 80' lang='lat' dir='ltr'><strong>mei,</strong></span> <span class='ocrx_word' id='word_1_166' title='bbox 741 1371 803 1401; x_wconf 84' lang='lat' dir='ltr'><strong>etc.</strong></span> 
     </span>
     <span class='ocr_line' id='line_1_27' title="bbox 109 1416 807 1456; baseline 0 -9"><span class='ocrx_word' id='word_1_167' title='bbox 109 1419 295 1456; x_wconf 77' lang='lat' dir='ltr'><strong>Qnicnmqnc</strong></span> <span class='ocrx_word' id='word_1_168' title='bbox 315 1416 404 1446; x_wconf 90' lang='lat' dir='ltr'><strong>enim</strong></span> <span class='ocrx_word' id='word_1_169' title='bbox 426 1416 617 1454; x_wconf 74' lang='lat' dir='ltr'><strong>confitebitur</strong></span> <span class='ocrx_word' id='word_1_170' title='bbox 635 1425 684 1447; x_wconf 84' lang='lat' dir='ltr'><strong>me</strong></span> <span class='ocrx_word' id='word_1_171' title='bbox 701 1426 807 1447; x_wconf 82' lang='lat' dir='ltr'><strong>coram</strong></span> 
     </span>
     <span class='ocr_line' id='line_1_28' title="bbox 107 1462 808 1501; baseline 0.003 -10"><span class='ocrx_word' id='word_1_172' title='bbox 107 1463 297 1500; x_wconf 73' lang='lat' dir='ltr'><strong>hominibus,</strong></span> <span class='ocrx_word' id='word_1_173' title='bbox 312 1462 359 1493; x_wconf 88' lang='lat' dir='ltr'><strong>ait</strong></span> <span class='ocrx_word' id='word_1_174' title='bbox 372 1463 459 1501; x_wconf 84' lang='lat' dir='ltr'><strong>ipse,</strong></span> <span class='ocrx_word' id='word_1_175' title='bbox 472 1463 553 1492; x_wconf 79' lang='lat' dir='ltr'><strong>hunc</strong></span> <span class='ocrx_word' id='word_1_176' title='bbox 572 1463 602 1493; x_wconf 82' lang='lat' dir='ltr'><strong>et</strong></span> <span class='ocrx_word' id='word_1_177' title='bbox 616 1471 670 1501; x_wconf 73' lang='lat' dir='ltr'><strong>eqo</strong></span> <span class='ocrx_word' id='word_1_178' title='bbox 685 1463 808 1500; x_wconf 79' lang='lat' dir='ltr'><strong>confite-</strong></span> 
     </span>
     <span class='ocr_line' id='line_1_29' title="bbox 109 1507 808 1546; baseline 0 -9"><span class='ocrx_word' id='word_1_179' title='bbox 109 1508 162 1537; x_wconf 77' lang='lat' dir='ltr'><strong>bor</strong></span> <span class='ocrx_word' id='word_1_180' title='bbox 176 1509 207 1538; x_wconf 84' lang='lat' dir='ltr'><strong>in</strong></span> <span class='ocrx_word' id='word_1_181' title='bbox 223 1509 381 1546; x_wconf 75' lang='lat' dir='ltr'><strong>conspectu</strong></span> <span class='ocrx_word' id='word_1_182' title='bbox 404 1509 509 1538; x_wconf 85' lang='lat' dir='ltr'><strong>Patris</strong></span> <span class='ocrx_word' id='word_1_183' title='bbox 534 1508 596 1537; x_wconf 66' lang='lat' dir='ltr'><strong>inci</strong></span> <span class='ocrx_word' id='word_1_184' title='bbox 616 1508 650 1538; x_wconf 84' lang='lat' dir='ltr'><strong>et</strong></span> <span class='ocrx_word' id='word_1_185' title='bbox 667 1507 808 1546; x_wconf 77' lang='lat' dir='ltr'><strong>Angelo-</strong></span> 
     </span>
     <span class='ocr_line' id='line_1_30' title="bbox 106 1551 807 1591; baseline 0.004 -11"><span class='ocrx_word' id='word_1_186' title='bbox 106 1560 178 1581; x_wconf 85' lang='lat' dir='ltr'><strong>rum</strong></span> <span class='ocrx_word' id='word_1_187' title='bbox 205 1553 387 1583; x_wconf 87' lang='lat' dir='ltr'><strong>sanctorum</strong></span> <span class='ocrx_word' id='word_1_188' title='bbox 401 1561 410 1581; x_wconf 77' lang='lat' dir='ltr'>z</span> <span class='ocrx_word' id='word_1_189' title='bbox 425 1552 512 1591; x_wconf 89' lang='lat' dir='ltr'><strong>quod</strong></span> <span class='ocrx_word' id='word_1_190' title='bbox 542 1551 637 1582; x_wconf 90' lang='lat' dir='ltr'><strong>nobis</strong></span> <span class='ocrx_word' id='word_1_191' title='bbox 661 1553 807 1583; x_wconf 78' lang='lat' dir='ltr'><strong>conseri-e</strong></span> 
     </span>
     <span class='ocr_line' id='line_1_31' title="bbox 106 1597 807 1637; baseline 0.003 -11"><span class='ocrx_word' id='word_1_192' title='bbox 106 1597 255 1635; x_wconf 79' lang='lat' dir='ltr'><strong>dignetur</strong></span> <span class='ocrx_word' id='word_1_193' title='bbox 266 1598 334 1636; x_wconf 87' lang='lat' dir='ltr'><strong>ipse</strong></span> <span class='ocrx_word' id='word_1_194' title='bbox 344 1620 353 1636; x_wconf 91' lang='lat'><strong>,</strong></span> <span class='ocrx_word' id='word_1_195' title='bbox 368 1597 425 1637; x_wconf 89' lang='lat' dir='ltr'><strong>qui</strong></span> <span class='ocrx_word' id='word_1_196' title='bbox 438 1597 631 1628; x_wconf 86' lang='lat' dir='ltr'><strong>constitutus</strong></span> <span class='ocrx_word' id='word_1_197' title='bbox 646 1599 694 1630; x_wconf 86' lang='lat' dir='ltr'><strong>est</strong></span> <span class='ocrx_word' id='word_1_198' title='bbox 707 1598 807 1636; x_wconf 84' lang='lat' dir='ltr'><strong>judex</strong></span> 
     </span>
     <span class='ocr_line' id='line_1_32' title="bbox 107 1644 667 1681; baseline 0.002 -9"><span class='ocrx_word' id='word_1_199' title='bbox 107 1652 253 1673; x_wconf 61' lang='lat' dir='ltr'><strong>rivorum</strong></span> <span class='ocrx_word' id='word_1_200' title='bbox 269 1644 302 1674; x_wconf 88' lang='lat' dir='ltr'><strong>et</strong></span> <span class='ocrx_word' id='word_1_201' title='bbox 324 1645 524 1674; x_wconf 84' lang='lat' dir='ltr'><strong>mortuorum</strong></span> <span class='ocrx_word' id='word_1_202' title='bbox 535 1664 545 1681; x_wconf 89' lang='lat'><strong>,</strong></span> <span class='ocrx_word' id='word_1_203' title='bbox 560 1651 667 1674; x_wconf 88' lang='lat' dir='ltr'><strong>amen.</strong></span> 
     </span>
    </p>
   </div>
   <div class='ocr_carea' id='block_1_3' title="bbox 139 1698 807 1765">
    <p class='ocr_par' dir='ltr' id='par_1_4' title="bbox 139 1698 807 1765">
     <span class='ocr_line' id='line_1_33' title="bbox 139 1698 807 1731; baseline 0.003 -10"><span class='ocrx_word' id='word_1_204' title='bbox 139 1699 169 1722; x_wconf 82' lang='grc' dir='ltr'><strong>ιιι</strong></span> <span class='ocrx_word' id='word_1_205' title='bbox 182 1701 347 1730; x_wconf 77' lang='lat' dir='ltr'><strong>manuscripto</strong></span> <span class='ocrx_word' id='word_1_206' title='bbox 357 1699 380 1724; x_wconf 84' lang='lat' dir='ltr'><strong>S.</strong></span> <span class='ocrx_word' id='word_1_207' title='bbox 393 1699 491 1731; x_wconf 60' lang='lat' dir='ltr'><strong>Elei-ulli</strong></span> <span class='ocrx_word' id='word_1_208' title='bbox 504 1699 540 1723; x_wconf 77' lang='lat' dir='ltr'><strong>sic</strong></span> <span class='ocrx_word' id='word_1_209' title='bbox 554 1698 645 1730; x_wconf 71' lang='lat' dir='ltr'><strong>sinitur</strong></span> <span class='ocrx_word' id='word_1_210' title='bbox 658 1698 698 1723; x_wconf 67' lang='lat' dir='ltr'><strong>liic</strong></span> <span class='ocrx_word' id='word_1_211' title='bbox 715 1705 791 1724; x_wconf 66' lang='lat' dir='ltr'><strong>serino</strong></span> <span class='ocrx_word' id='word_1_212' title='bbox 801 1717 807 1727; x_wconf 80' lang='grc'><strong><em>,</em></strong></span> 
     </span>
     <span class='ocr_line' id='line_1_34' title="bbox 166 1733 418 1765; baseline 0.004 -7"><span class='ocrx_word' id='word_1_213' title='bbox 166 1735 308 1765; x_wconf 77' lang='lat' dir='ltr'><strong>incipiendo</strong></span> <span class='ocrx_word' id='word_1_214' title='bbox 320 1742 336 1758; x_wconf 86' lang='lat' dir='ltr'><strong>a</strong></span> <span class='ocrx_word' id='word_1_215' title='bbox 351 1741 379 1758; x_wconf 86' lang='lat' dir='ltr'><strong>n.</strong></span> <span class='ocrx_word' id='word_1_216' title='bbox 391 1733 418 1759; x_wconf 71' lang='grc' dir='ltr'><strong>[ι.</strong></span> 
     </span>
    </p>
   </div>
   <div class='ocr_carea' id='block_1_4' title="bbox 106 1777 809 2640">
    <p class='ocr_par' dir='ltr' id='par_1_5' title="bbox 106 1777 809 2494">
     <span class='ocr_line' id='line_1_35' title="bbox 145 1777 808 1818; baseline 0.005 -11"><span class='ocrx_word' id='word_1_217' title='bbox 145 1794 161 1808; x_wconf 83' lang='grc'>«</span> <span class='ocrx_word' id='word_1_218' title='bbox 192 1782 229 1811; x_wconf 70' lang='lat' dir='ltr'><strong>IN</strong></span> <span class='ocrx_word' id='word_1_219' title='bbox 256 1781 307 1810; x_wconf 84' lang='lat' dir='ltr'><strong>his</strong></span> <span class='ocrx_word' id='word_1_220' title='bbox 332 1781 429 1818; x_wconf 86' lang='lat' dir='ltr'><strong>atque</strong></span> <span class='ocrx_word' id='word_1_221' title='bbox 452 1777 641 1818; x_wconf 81' lang='lat' dir='ltr'><strong>hujusmodi</strong></span> <span class='ocrx_word' id='word_1_222' title='bbox 677 1779 808 1811; x_wconf 77' lang='lat' dir='ltr'><strong>interim</strong></span> 
     </span>
     <span class='ocr_line' id='line_1_36' title="bbox 108 1824 809 1865; baseline 0 -9"><span class='ocrx_word' id='word_1_223' title='bbox 108 1840 123 1852; x_wconf 69' lang='lat' dir='ltr'>u</span> <span class='ocrx_word' id='word_1_224' title='bbox 140 1834 313 1864; x_wconf 82' lang='lat' dir='ltr'><strong>exercere3</strong></span> <span class='ocrx_word' id='word_1_225' title='bbox 329 1826 431 1856; x_wconf 87' lang='lat' dir='ltr'><strong>donec</strong></span> <span class='ocrx_word' id='word_1_226' title='bbox 445 1824 531 1863; x_wconf 84' lang='lat' dir='ltr'><strong>ipsa,</strong></span> <span class='ocrx_word' id='word_1_227' title='bbox 546 1834 617 1865; x_wconf 74' lang='lat' dir='ltr'><strong>quae</strong></span> <span class='ocrx_word' id='word_1_228' title='bbox 632 1827 809 1856; x_wconf 81' lang='lat' dir='ltr'><strong>certantem</strong></span> 
     </span>
     <span class='ocr_line' id='line_1_37' title="bbox 108 1871 809 1911; baseline 0.006 -12"><span class='ocrx_word' id='word_1_229' title='bbox 108 1885 123 1899; x_wconf 82' lang='lat'>»</span> <span class='ocrx_word' id='word_1_230' title='bbox 140 1873 288 1910; x_wconf 88' lang='lat' dir='ltr'><strong>adjuvat,</strong></span> <span class='ocrx_word' id='word_1_231' title='bbox 322 1880 388 1901; x_wconf 76' lang='lat' dir='ltr'><strong>vox</strong></span> <span class='ocrx_word' id='word_1_232' title='bbox 419 1872 550 1901; x_wconf 85' lang='lat' dir='ltr'><strong>Domini</strong></span> <span class='ocrx_word' id='word_1_233' title='bbox 586 1871 628 1901; x_wconf 86' lang='lat' dir='ltr'><strong>ad</strong></span> <span class='ocrx_word' id='word_1_234' title='bbox 661 1873 809 1911; x_wconf 85' lang='lat' dir='ltr'><strong>requiem</strong></span> 
     </span>
     <span class='ocr_line' id='line_1_38' title="bbox 106 1917 809 1958; baseline 0.003 -12"><span class='ocrx_word' id='word_1_235' title='bbox 106 1931 123 1945; x_wconf 64' lang='lat' dir='ltr'><strong>»a</strong></span> <span class='ocrx_word' id='word_1_236' title='bbox 139 1919 252 1948; x_wconf 80' lang='lat' dir='ltr'><strong>evocet</strong></span> <span class='ocrx_word' id='word_1_237' title='bbox 267 1917 521 1956; x_wconf 76' lang='lat' dir='ltr'><strong>trIumphantem</strong></span> <span class='ocrx_word' id='word_1_238' title='bbox 532 1939 541 1955; x_wconf 91' lang='lat'><strong>,</strong></span> <span class='ocrx_word' id='word_1_239' title='bbox 553 1917 659 1956; x_wconf 88' lang='lat' dir='ltr'><strong>sitque</strong></span> <span class='ocrx_word' id='word_1_240' title='bbox 674 1919 707 1947; x_wconf 93' lang='lat' dir='ltr'><strong>in</strong></span> <span class='ocrx_word' id='word_1_241' title='bbox 719 1927 809 1958; x_wconf 84' lang='lat' dir='ltr'><strong>mag-</strong></span> 
     </span>
     <span class='ocr_line' id='line_1_39' title="bbox 107 1963 806 2002; baseline 0.001 -9"><span class='ocrx_word' id='word_1_242' title='bbox 107 1964 300 1994; x_wconf 81' lang='lat' dir='ltr'><strong>»niticentia</strong></span> <span class='ocrx_word' id='word_1_243' title='bbox 327 1972 399 2002; x_wconf 77' lang='lat' dir='ltr'><strong>quae</strong></span> <span class='ocrx_word' id='word_1_244' title='bbox 422 1971 509 1993; x_wconf 88' lang='lat' dir='ltr'><strong>nunc</strong></span> <span class='ocrx_word' id='word_1_245' title='bbox 527 1963 577 1993; x_wconf 76' lang='lat' dir='ltr'><strong>est</strong></span> <span class='ocrx_word' id='word_1_246' title='bbox 605 1963 642 1993; x_wconf 87' lang='lat' dir='ltr'><strong>in</strong></span> <span class='ocrx_word' id='word_1_247' title='bbox 665 1963 806 2002; x_wconf 79' lang='lat' dir='ltr'><strong>virtute,</strong></span> 
     </span>
     <span class='ocr_line' id='line_1_40' title="bbox 107 2009 808 2048; baseline 0.001 -9"><span class='ocrx_word' id='word_1_248' title='bbox 107 2022 123 2035; x_wconf 70' lang='grc' dir='ltr'><strong>ι»</strong></span> <span class='ocrx_word' id='word_1_249' title='bbox 139 2009 249 2039; x_wconf 87' lang='lat' dir='ltr'><strong>amodo</strong></span> <span class='ocrx_word' id='word_1_250' title='bbox 262 2009 328 2046; x_wconf 83' lang='lat' dir='ltr'><strong>jam</strong></span> <span class='ocrx_word' id='word_1_251' title='bbox 348 2009 478 2039; x_wconf 87' lang='lat' dir='ltr'><strong>dicente</strong></span> <span class='ocrx_word' id='word_1_252' title='bbox 493 2009 610 2047; x_wconf 82' lang='lat' dir='ltr'><strong>spiritu</strong></span> <span class='ocrx_word' id='word_1_253' title='bbox 620 2030 630 2047; x_wconf 91' lang='lat'><strong>,</strong></span> <span class='ocrx_word' id='word_1_254' title='bbox 645 2009 682 2039; x_wconf 89' lang='lat' dir='ltr'><strong>ut</strong></span> <span class='ocrx_word' id='word_1_255' title='bbox 697 2011 808 2048; x_wconf 86' lang='lat' dir='ltr'><strong>requi-</strong></span> 
     </span>
     <span class='ocr_line' id='line_1_41' title="bbox 107 2053 806 2092; baseline 0.006 -10"><span class='ocrx_word' id='word_1_256' title='bbox 107 2067 123 2081; x_wconf 75' lang='lat'>»</span> <span class='ocrx_word' id='word_1_257' title='bbox 139 2062 226 2084; x_wconf 81' lang='lat' dir='ltr'><strong>escas</strong></span> <span class='ocrx_word' id='word_1_258' title='bbox 235 2062 251 2083; x_wconf 87' lang='lat' dir='ltr'><strong>a</strong></span> <span class='ocrx_word' id='word_1_259' title='bbox 259 2053 424 2083; x_wconf 76' lang='lat' dir='ltr'><strong>laboribus</strong></span> <span class='ocrx_word' id='word_1_260' title='bbox 431 2053 506 2083; x_wconf 88' lang='lat' dir='ltr'><strong>tuis.</strong></span> <span class='ocrx_word' id='word_1_261' title='bbox 516 2053 584 2084; x_wconf 85' lang='lat' dir='ltr'><strong>Erit</strong></span> <span class='ocrx_word' id='word_1_262' title='bbox 594 2061 670 2084; x_wconf 89' lang='lat' dir='ltr'><strong>sane</strong></span> <span class='ocrx_word' id='word_1_263' title='bbox 680 2055 806 2092; x_wconf 86' lang='lat' dir='ltr'><strong>quando</strong></span> 
     </span>
     <span class='ocr_line' id='line_1_42' title="bbox 107 2099 807 2138; baseline 0.006 -11"><span class='ocrx_word' id='word_1_264' title='bbox 107 2112 123 2127; x_wconf 65' lang='grc' dir='ltr'><strong>υ</strong></span> <span class='ocrx_word' id='word_1_265' title='bbox 134 2102 165 2130; x_wconf 88' lang='lat' dir='ltr'><strong>et</strong></span> <span class='ocrx_word' id='word_1_266' title='bbox 179 2101 282 2137; x_wconf 88' lang='lat' dir='ltr'><strong>ipsum</strong></span> <span class='ocrx_word' id='word_1_267' title='bbox 294 2107 408 2137; x_wconf 78' lang='lat' dir='ltr'><strong>corpus</strong></span> <span class='ocrx_word' id='word_1_268' title='bbox 419 2099 458 2129; x_wconf 89' lang='lat' dir='ltr'><strong>de</strong></span> <span class='ocrx_word' id='word_1_269' title='bbox 468 2100 606 2138; x_wconf 83' lang='lat' dir='ltr'><strong>pulvere</strong></span> <span class='ocrx_word' id='word_1_270' title='bbox 617 2107 682 2129; x_wconf 89' lang='lat' dir='ltr'><strong>vox</strong></span> <span class='ocrx_word' id='word_1_271' title='bbox 693 2100 807 2131; x_wconf 87' lang='lat' dir='ltr'><strong>eadem</strong></span> 
     </span>
     <span class='ocr_line' id='line_1_43' title="bbox 107 2144 807 2184; baseline 0.006 -12"><span class='ocrx_word' id='word_1_272' title='bbox 107 2159 123 2172; x_wconf 66' lang='lat' dir='ltr'>u</span> <span class='ocrx_word' id='word_1_273' title='bbox 138 2146 324 2184; x_wconf 79' lang='lat' dir='ltr'><strong>suscitabit,</strong></span> <span class='ocrx_word' id='word_1_274' title='bbox 339 2144 466 2183; x_wconf 85' lang='lat' dir='ltr'><strong>quando</strong></span> <span class='ocrx_word' id='word_1_275' title='bbox 481 2153 604 2182; x_wconf 77' lang='lat' dir='ltr'><strong>ornnes,</strong></span> <span class='ocrx_word' id='word_1_276' title='bbox 620 2146 675 2183; x_wconf 83' lang='lat' dir='ltr'><strong>qni</strong></span> <span class='ocrx_word' id='word_1_277' title='bbox 691 2146 725 2175; x_wconf 85' lang='lat' dir='ltr'><strong>in</strong></span> <span class='ocrx_word' id='word_1_278' title='bbox 741 2154 807 2176; x_wconf 64' lang='lat' dir='ltr'><strong>vno·</strong></span> 
     </span>
     <span class='ocr_line' id='line_1_44' title="bbox 107 2191 809 2227; baseline 0.006 -8"><span class='ocrx_word' id='word_1_279' title='bbox 107 2204 123 2219; x_wconf 72' lang='grc' dir='ltr'><strong>ιι</strong></span> <span class='ocrx_word' id='word_1_280' title='bbox 140 2193 289 2222; x_wconf 84' lang='lat' dir='ltr'><strong>numentis</strong></span> <span class='ocrx_word' id='word_1_281' title='bbox 322 2194 412 2227; x_wconf 77' lang='lat' dir='ltr'><strong>sunt,</strong></span> <span class='ocrx_word' id='word_1_282' title='bbox 447 2191 572 2221; x_wconf 75' lang='lat' dir='ltr'><strong>audient</strong></span> <span class='ocrx_word' id='word_1_283' title='bbox 601 2199 706 2222; x_wconf 82' lang='lat' dir='ltr'><strong>vocem</strong></span> <span class='ocrx_word' id='word_1_284' title='bbox 736 2194 809 2223; x_wconf 80' lang='lat' dir='ltr'><strong>Filii</strong></span> 
     </span>
     <span class='ocr_line' id='line_1_45' title="bbox 107 2237 808 2275; baseline 0.004 -10"><span class='ocrx_word' id='word_1_285' title='bbox 107 2249 124 2265; x_wconf 69' lang='grc' dir='ltr'>υ</span> <span class='ocrx_word' id='word_1_286' title='bbox 140 2239 215 2273; x_wconf 77' lang='lat' dir='ltr'><strong>Dei,</strong></span> <span class='ocrx_word' id='word_1_287' title='bbox 245 2239 273 2267; x_wconf 76' lang='lat' dir='ltr'><strong>et</strong></span> <span class='ocrx_word' id='word_1_288' title='bbox 292 2238 464 2275; x_wconf 77' lang='lat' dir='ltr'><strong>procedent.</strong></span> <span class='ocrx_word' id='word_1_289' title='bbox 480 2237 568 2274; x_wconf 89' lang='lat' dir='ltr'><strong>Opus</strong></span> <span class='ocrx_word' id='word_1_290' title='bbox 588 2237 637 2266; x_wconf 81' lang='lat' dir='ltr'><strong>est</strong></span> <span class='ocrx_word' id='word_1_291' title='bbox 655 2237 754 2267; x_wconf 87' lang='lat' dir='ltr'><strong>etiam</strong></span> <span class='ocrx_word' id='word_1_292' title='bbox 770 2239 808 2269; x_wconf 89' lang='lat' dir='ltr'><strong>ut</strong></span> 
     </span>
     <span class='ocr_line' id='line_1_46' title="bbox 109 2282 806 2321; baseline 0.004 -10"><span class='ocrx_word' id='word_1_293' title='bbox 109 2294 124 2308; x_wconf 75' lang='lat' dir='ltr'>n</span> <span class='ocrx_word' id='word_1_294' title='bbox 139 2283 216 2312; x_wconf 83' lang='lat' dir='ltr'><strong>tunc</strong></span> <span class='ocrx_word' id='word_1_295' title='bbox 225 2290 351 2321; x_wconf 89' lang='lat' dir='ltr'><strong>quoque</strong></span> <span class='ocrx_word' id='word_1_296' title='bbox 363 2289 488 2312; x_wconf 88' lang='lat' dir='ltr'><strong>memor</strong></span> <span class='ocrx_word' id='word_1_297' title='bbox 495 2282 537 2313; x_wconf 89' lang='lat' dir='ltr'><strong>sit</strong></span> <span class='ocrx_word' id='word_1_298' title='bbox 548 2282 699 2313; x_wconf 85' lang='lat' dir='ltr'><strong>verbisui</strong></span> <span class='ocrx_word' id='word_1_299' title='bbox 714 2291 806 2314; x_wconf 90' lang='lat' dir='ltr'><strong>servo</strong></span> 
     </span>
     <span class='ocr_line' id='line_1_47' title="bbox 111 2328 806 2367; baseline 0.007 -12"><span class='ocrx_word' id='word_1_300' title='bbox 111 2339 126 2353; x_wconf 68' lang='grc' dir='ltr'><strong>»ι</strong></span> <span class='ocrx_word' id='word_1_301' title='bbox 142 2337 218 2363; x_wconf 83' lang='lat' dir='ltr'><strong>suo,</strong></span> <span class='ocrx_word' id='word_1_302' title='bbox 233 2329 267 2357; x_wconf 89' lang='lat' dir='ltr'><strong>in</strong></span> <span class='ocrx_word' id='word_1_303' title='bbox 292 2336 356 2366; x_wconf 91' lang='lat' dir='ltr'><strong>quo</strong></span> <span class='ocrx_word' id='word_1_304' title='bbox 373 2328 436 2358; x_wconf 85' lang='lat' dir='ltr'><strong>tibi</strong></span> <span class='ocrx_word' id='word_1_305' title='bbox 456 2336 547 2365; x_wconf 89' lang='lat' dir='ltr'><strong>spem</strong></span> <span class='ocrx_word' id='word_1_306' title='bbox 568 2328 676 2367; x_wconf 81' lang='lat' dir='ltr'><strong>dedit,</strong></span> <span class='ocrx_word' id='word_1_307' title='bbox 692 2330 806 2361; x_wconf 87' lang='lat' dir='ltr'><strong>utnon</strong></span> 
     </span>
     <span class='ocr_line' id='line_1_48' title="bbox 109 2373 807 2406; baseline 0.009 -6"><span class='ocrx_word' id='word_1_308' title='bbox 109 2384 125 2398; x_wconf 70' lang='grc' dir='ltr'><strong>υ</strong></span> <span class='ocrx_word' id='word_1_309' title='bbox 141 2373 254 2402; x_wconf 79' lang='lat' dir='ltr'><strong>timeas</strong></span> <span class='ocrx_word' id='word_1_310' title='bbox 278 2374 317 2402; x_wconf 88' lang='lat' dir='ltr'><strong>ab</strong></span> <span class='ocrx_word' id='word_1_311' title='bbox 342 2373 508 2403; x_wconf 88' lang='lat' dir='ltr'><strong>auditione</strong></span> <span class='ocrx_word' id='word_1_312' title='bbox 535 2374 619 2403; x_wconf 87' lang='lat' dir='ltr'><strong>mala</strong></span> <span class='ocrx_word' id='word_1_313' title='bbox 635 2382 645 2403; x_wconf 70' lang='grc' dir='ltr'><strong>ε</strong></span> <span class='ocrx_word' id='word_1_314' title='bbox 661 2375 719 2405; x_wconf 89' lang='lat' dir='ltr'><strong>sed</strong></span> <span class='ocrx_word' id='word_1_315' title='bbox 731 2384 807 2406; x_wconf 75' lang='lat' dir='ltr'><strong>ver-</strong></span> 
     </span>
     <span class='ocr_line' id='line_1_49' title="bbox 110 2418 809 2458; baseline 0.01 -12"><span class='ocrx_word' id='word_1_316' title='bbox 110 2430 125 2443; x_wconf 84' lang='lat'>»</span> <span class='ocrx_word' id='word_1_317' title='bbox 142 2419 217 2447; x_wconf 86' lang='lat' dir='ltr'><strong>bum</strong></span> <span class='ocrx_word' id='word_1_318' title='bbox 228 2418 346 2447; x_wconf 85' lang='lat' dir='ltr'><strong>bonum</strong></span> <span class='ocrx_word' id='word_1_319' title='bbox 357 2440 367 2456; x_wconf 91' lang='lat'><strong>,</strong></span> <span class='ocrx_word' id='word_1_320' title='bbox 383 2420 508 2457; x_wconf 82' lang='lat' dir='ltr'><strong>Venite,</strong></span> <span class='ocrx_word' id='word_1_321' title='bbox 525 2418 631 2458; x_wconf 83' lang='lat' dir='ltr'><strong>inquit</strong></span> <span class='ocrx_word' id='word_1_322' title='bbox 641 2442 651 2458; x_wconf 93' lang='lat'><strong>,</strong></span> <span class='ocrx_word' id='word_1_323' title='bbox 665 2421 809 2453; x_wconf 78' lang='lat' dir='ltr'><strong>benedicti</strong></span> 
     </span>
     <span class='ocr_line' id='line_1_50' title="bbox 111 2465 332 2494; baseline -0.014 0"><span class='ocrx_word' id='word_1_324' title='bbox 111 2476 126 2489; x_wconf 86' lang='lat'>»</span> <span class='ocrx_word' id='word_1_325' title='bbox 142 2466 246 2494; x_wconf 74' lang='lat' dir='ltr'><strong>Putris</strong></span> <span class='ocrx_word' id='word_1_326' title='bbox 261 2465 332 2493; x_wconf 77' lang='lat' dir='ltr'><strong>¹mei.</strong></span> 
     </span>
    </p>

    <p class='ocr_par' dir='ltr' id='par_1_6' title="bbox 107 2509 808 2640">
     <span class='ocr_line' id='line_1_51' title="bbox 148 2509 806 2548; baseline 0.014 -13"><span class='ocrx_word' id='word_1_327' title='bbox 148 2521 165 2535; x_wconf 80' lang='lat'>»</span> <span class='ocrx_word' id='word_1_328' title='bbox 180 2509 254 2539; x_wconf 62' lang='lat' dir='ltr'><strong>llaec</strong></span> <span class='ocrx_word' id='word_1_329' title='bbox 276 2510 324 2538; x_wconf 81' lang='lat' dir='ltr'><strong>est</strong></span> <span class='ocrx_word' id='word_1_330' title='bbox 348 2516 412 2538; x_wconf 82' lang='lat' dir='ltr'><strong>vox</strong></span> <span class='ocrx_word' id='word_1_331' title='bbox 426 2517 496 2547; x_wconf 80' lang='lat' dir='ltr'><strong>quae</strong></span> <span class='ocrx_word' id='word_1_332' title='bbox 511 2509 661 2548; x_wconf 84' lang='lat' dir='ltr'><strong>perducit</strong></span> <span class='ocrx_word' id='word_1_333' title='bbox 681 2512 719 2542; x_wconf 87' lang='lat' dir='ltr'><strong>ad</strong></span> <span class='ocrx_word' id='word_1_334' title='bbox 736 2513 806 2543; x_wconf 90' lang='lat' dir='ltr'><strong>vul-</strong></span> 
     </span>
     <span class='ocr_line' id='line_1_52' title="bbox 109 2554 806 2598; baseline 0.01 -16"><span class='ocrx_word' id='word_1_335' title='bbox 109 2567 127 2581; x_wconf 72' lang='lat'><strong>».</strong></span> <span class='ocrx_word' id='word_1_336' title='bbox 141 2554 229 2590; x_wconf 78' lang='lat' dir='ltr'><strong>tum,</strong></span> <span class='ocrx_word' id='word_1_337' title='bbox 255 2555 291 2584; x_wconf 88' lang='lat' dir='ltr'><strong>nt</strong></span> <span class='ocrx_word' id='word_1_338' title='bbox 303 2554 369 2590; x_wconf 87' lang='lat' dir='ltr'><strong>jam</strong></span> <span class='ocrx_word' id='word_1_339' title='bbox 391 2555 500 2585; x_wconf 84' lang='lat' dir='ltr'><strong>dicere</strong></span> <span class='ocrx_word' id='word_1_340' title='bbox 525 2558 680 2587; x_wconf 87' lang='lat' dir='ltr'><strong>merearis</strong></span> <span class='ocrx_word' id='word_1_341' title='bbox 706 2558 740 2588; x_wconf 88' lang='lat' dir='ltr'><strong>et</strong></span> <span class='ocrx_word' id='word_1_342' title='bbox 753 2560 806 2598; x_wconf 88' lang='lat' dir='ltr'><strong>tu,</strong></span> 
     </span>
     <span class='ocr_line' id='line_1_53' title="bbox 107 2601 808 2640; baseline 0.007 -11"><span class='ocrx_word' id='word_1_343' title='bbox 107 2613 124 2626; x_wconf 73' lang='grc' dir='ltr'><strong>υ</strong></span> <span class='ocrx_word' id='word_1_344' title='bbox 140 2602 212 2638; x_wconf 86' lang='lat' dir='ltr'><strong>quia</strong></span> <span class='ocrx_word' id='word_1_345' title='bbox 238 2601 345 2630; x_wconf 75' lang='grc' dir='ltr'><strong><em>(ιιιάὶΙιι</em></strong></span> <span class='ocrx_word' id='word_1_346' title='bbox 371 2603 457 2631; x_wconf 75' lang='lat' dir='ltr'><strong>auris</strong></span> <span class='ocrx_word' id='word_1_347' title='bbox 483 2603 585 2633; x_wconf 63' lang='lat' dir='ltr'><strong>andivi</strong></span> <span class='ocrx_word' id='word_1_348' title='bbox 612 2604 638 2633; x_wconf 84' lang='lat' dir='ltr'><strong>te</strong></span> <span class='ocrx_word' id='word_1_349' title='bbox 649 2625 659 2640; x_wconf 87' lang='lat'>‚</span> <span class='ocrx_word' id='word_1_350' title='bbox 686 2606 712 2634; x_wconf 78' lang='lat' dir='ltr'><strong>et</strong></span> <span class='ocrx_word' id='word_1_351' title='bbox 727 2612 808 2635; x_wconf 83' lang='lat' dir='ltr'><strong>nnnc</strong></span> 
     </span>
    </p>
   </div>
   <div class='ocr_carea' id='block_1_5' title="bbox 108 2648 807 2719">
    <p class='ocr_par' dir='ltr' id='par_1_7' title="bbox 108 2648 807 2719">
     <span class='ocr_line' id='line_1_54' title="bbox 108 2648 807 2689; baseline 0.003 -12"><span class='ocrx_word' id='word_1_352' title='bbox 108 2659 124 2674; x_wconf 79' lang='grc' dir='ltr'><strong>υ</strong></span> <span class='ocrx_word' id='word_1_353' title='bbox 142 2648 242 2677; x_wconf 63' lang='lat' dir='ltr'><strong>oculu&lt;</strong></span> <span class='ocrx_word' id='word_1_354' title='bbox 267 2655 351 2678; x_wconf 76' lang='lat' dir='ltr'><strong>niens</strong></span> <span class='ocrx_word' id='word_1_355' title='bbox 380 2648 456 2678; x_wconf 72' lang='lat' dir='ltr'><strong>ridet</strong></span> <span class='ocrx_word' id='word_1_356' title='bbox 485 2649 522 2677; x_wconf 75' lang='lat' dir='ltr'><strong>te.</strong></span> <span class='ocrx_word' id='word_1_357' title='bbox 545 2648 613 2678; x_wconf 88' lang='lat' dir='ltr'><strong>Non</strong></span> <span class='ocrx_word' id='word_1_358' title='bbox 640 2649 734 2679; x_wconf 65' lang='lat' dir='ltr'><strong>facile</strong></span> <span class='ocrx_word' id='word_1_359' title='bbox 750 2658 807 2689; x_wconf 78' lang='lat' dir='ltr'><strong>ego</strong></span> 
     </span>
     <span class='ocr_line' id='line_1_55' title="bbox 252 2703 278 2719; baseline -0.038 0"><span class='ocrx_word' id='word_1_360' title='bbox 252 2703 278 2719; x_wconf 64' lang='lat' dir='ltr'><strong>a).</strong></span> 
     </span>
    </p>
   </div>
   <div class='ocr_carea' id='block_1_6' title="bbox 841 222 1541 257">
    <p class='ocr_par' dir='ltr' id='par_1_8' title="bbox 841 222 1541 257">
     <span class='ocr_line' id='line_1_56' title="bbox 841 222 1541 257; baseline 0.009 -8"><span class='ocrx_word' id='word_1_361' title='bbox 841 222 992 251; x_wconf 72' lang='lat' dir='ltr'><strong>SERMO</strong></span> <span class='ocrx_word' id='word_1_362' title='bbox 1015 223 1116 250; x_wconf 76' lang='lat' dir='ltr'>XXV.</span> <span class='ocrx_word' id='word_1_363' title='bbox 1504 228 1541 257; x_wconf 60' lang='grc' dir='ltr'><strong>[ιθ</strong></span> 
     </span>
    </p>
   </div>
   <div class='ocr_carea' id='block_1_7' title="bbox 837 277 1550 2094">
    <p class='ocr_par' dir='ltr' id='par_1_9' title="bbox 837 277 1550 1272">
     <span class='ocr_line' id='line_1_57' title="bbox 840 277 1542 315; baseline 0.007 -9"><span class='ocrx_word' id='word_1_364' title='bbox 840 277 1069 307; x_wconf 79' lang='lat' dir='ltr'><strong>»crediderim</strong></span> <span class='ocrx_word' id='word_1_365' title='bbox 1088 277 1164 315; x_wconf 81' lang='lat' dir='ltr'><strong>qaia</strong></span> <span class='ocrx_word' id='word_1_366' title='bbox 1191 277 1300 315; x_wconf 79' lang='lat' dir='ltr'><strong>pigeat</strong></span> <span class='ocrx_word' id='word_1_367' title='bbox 1321 280 1397 311; x_wconf 87' lang='lat' dir='ltr'><strong>tunc</strong></span> <span class='ocrx_word' id='word_1_368' title='bbox 1415 283 1542 313; x_wconf 55' lang='lat' dir='ltr'><strong>audisso</strong></span> 
     </span>
     <span class='ocr_line' id='line_1_58' title="bbox 839 322 1544 361; baseline 0.007 -11"><span class='ocrx_word' id='word_1_369' title='bbox 839 332 855 347; x_wconf 91' lang='lat'>»</span> <span class='ocrx_word' id='word_1_370' title='bbox 872 322 1157 359; x_wconf 85' lang='lat' dir='ltr'><strong>comminationes,</strong></span> <span class='ocrx_word' id='word_1_371' title='bbox 1186 322 1408 361; x_wconf 86' lang='lat' dir='ltr'><strong>correptiones</strong></span> <span class='ocrx_word' id='word_1_372' title='bbox 1445 328 1544 357; x_wconf 76' lang='lat' dir='ltr'><strong>susti-</strong></span> 
     </span>
     <span class='ocr_line' id='line_1_59' title="bbox 839 367 1542 409; baseline 0.009 -13"><span class='ocrx_word' id='word_1_373' title='bbox 839 378 855 393; x_wconf 89' lang='lat'>»</span> <span class='ocrx_word' id='word_1_374' title='bbox 869 367 1000 405; x_wconf 84' lang='lat' dir='ltr'><strong>nuisse,</strong></span> <span class='ocrx_word' id='word_1_375' title='bbox 1034 367 1190 398; x_wconf 82' lang='lat' dir='ltr'><strong>tolerasse</strong></span> <span class='ocrx_word' id='word_1_376' title='bbox 1224 367 1462 406; x_wconf 87' lang='lat' dir='ltr'><strong>increpationes</strong></span> <span class='ocrx_word' id='word_1_377' title='bbox 1473 394 1481 409; x_wconf 88' lang='lat'><strong>,</strong></span> <span class='ocrx_word' id='word_1_378' title='bbox 1510 373 1542 402; x_wconf 85' lang='lat' dir='ltr'><strong>in</strong></span> 
     </span>
     <span class='ocr_line' id='line_1_60' title="bbox 838 413 1543 452; baseline 0.006 -10"><span class='ocrx_word' id='word_1_379' title='bbox 838 423 854 439; x_wconf 89' lang='lat'>»</span> <span class='ocrx_word' id='word_1_380' title='bbox 871 413 990 452; x_wconf 86' lang='lat' dir='ltr'><strong>quibus</strong></span> <span class='ocrx_word' id='word_1_381' title='bbox 1016 413 1080 444; x_wconf 87' lang='lat' dir='ltr'><strong>iter</strong></span> <span class='ocrx_word' id='word_1_382' title='bbox 1102 413 1173 443; x_wconf 78' lang='lat' dir='ltr'><strong>erat</strong></span> <span class='ocrx_word' id='word_1_383' title='bbox 1192 421 1255 451; x_wconf 86' lang='lat' dir='ltr'><strong>quo</strong></span> <span class='ocrx_word' id='word_1_384' title='bbox 1275 414 1462 446; x_wconf 86' lang='lat' dir='ltr'><strong>ostenderet</strong></span> <span class='ocrx_word' id='word_1_385' title='bbox 1482 417 1543 446; x_wconf 77' lang='lat' dir='ltr'><strong>tibi</strong></span> 
     </span>
     <span class='ocr_line' id='line_1_61' title="bbox 839 458 1544 490; baseline 0.001 -1"><span class='ocrx_word' id='word_1_386' title='bbox 839 468 855 484; x_wconf 69' lang='lat'><strong>&gt;³</strong></span> <span class='ocrx_word' id='word_1_387' title='bbox 871 458 1013 489; x_wconf 86' lang='lat' dir='ltr'><strong>salutare</strong></span> <span class='ocrx_word' id='word_1_388' title='bbox 1041 467 1149 488; x_wconf 88' lang='lat' dir='ltr'><strong>suum.</strong></span> <span class='ocrx_word' id='word_1_389' title='bbox 1178 458 1249 488; x_wconf 85' lang='lat' dir='ltr'><strong>Jam</strong></span> <span class='ocrx_word' id='word_1_390' title='bbox 1277 466 1357 488; x_wconf 88' lang='lat' dir='ltr'><strong>vero</strong></span> <span class='ocrx_word' id='word_1_391' title='bbox 1378 459 1456 488; x_wconf 89' lang='lat' dir='ltr'><strong>dum</strong></span> <span class='ocrx_word' id='word_1_392' title='bbox 1477 461 1544 490; x_wconf 59' lang='lat' dir='ltr'><strong>hirc</strong></span> 
     </span>
     <span class='ocr_line' id='line_1_62' title="bbox 839 503 1543 544; baseline 0.003 -11"><span class='ocrx_word' id='word_1_393' title='bbox 839 514 855 530; x_wconf 93' lang='lat'>»</span> <span class='ocrx_word' id='word_1_394' title='bbox 870 504 978 534; x_wconf 85' lang='lat' dir='ltr'><strong>onmia</strong></span> <span class='ocrx_word' id='word_1_395' title='bbox 993 504 1039 535; x_wconf 84' lang='lat' dir='ltr'><strong>ita</strong></span> <span class='ocrx_word' id='word_1_396' title='bbox 1055 513 1089 535; x_wconf 89' lang='lat' dir='ltr'><strong>se</strong></span> <span class='ocrx_word' id='word_1_397' title='bbox 1101 503 1262 542; x_wconf 78' lang='lat' dir='ltr'><strong>habeant,</strong></span> <span class='ocrx_word' id='word_1_398' title='bbox 1279 503 1313 534; x_wconf 87' lang='lat' dir='ltr'><strong>et</strong></span> <span class='ocrx_word' id='word_1_399' title='bbox 1322 504 1402 534; x_wconf 87' lang='lat' dir='ltr'><strong>alias</strong></span> <span class='ocrx_word' id='word_1_400' title='bbox 1417 513 1543 544; x_wconf 84' lang='lat' dir='ltr'><strong>quoque</strong></span> 
     </span>
     <span class='ocr_line' id='line_1_63' title="bbox 839 549 1545 581; baseline 0 -2"><span class='ocrx_word' id='word_1_401' title='bbox 839 560 855 576; x_wconf 94' lang='lat'>»</span> <span class='ocrx_word' id='word_1_402' title='bbox 870 549 1058 581; x_wconf 87' lang='lat' dir='ltr'><strong>innumeras</strong></span> <span class='ocrx_word' id='word_1_403' title='bbox 1072 549 1242 580; x_wconf 78' lang='lat' dir='ltr'><strong>audiendae</strong></span> <span class='ocrx_word' id='word_1_404' title='bbox 1253 549 1372 581; x_wconf 84' lang='lat' dir='ltr'><strong>divinae</strong></span> <span class='ocrx_word' id='word_1_405' title='bbox 1385 549 1473 580; x_wconf 90' lang='lat' dir='ltr'><strong>vocis</strong></span> <span class='ocrx_word' id='word_1_406' title='bbox 1482 551 1545 580; x_wconf 81' lang='lat' dir='ltr'><strong>nii-</strong></span> 
     </span>
     <span class='ocr_line' id='line_1_64' title="bbox 840 593 1546 633; baseline 0.001 -9"><span class='ocrx_word' id='word_1_407' title='bbox 840 606 856 619; x_wconf 89' lang='lat'>»</span> <span class='ocrx_word' id='word_1_408' title='bbox 870 594 979 625; x_wconf 82' lang='lat' dir='ltr'><strong>litates</strong></span> <span class='ocrx_word' id='word_1_409' title='bbox 993 593 1190 633; x_wconf 86' lang='lat' dir='ltr'><strong>perhibeant</strong></span> <span class='ocrx_word' id='word_1_410' title='bbox 1201 602 1267 625; x_wconf 88' lang='lat' dir='ltr'><strong>non</strong></span> <span class='ocrx_word' id='word_1_411' title='bbox 1277 595 1346 625; x_wconf 89' lang='lat' dir='ltr'><strong>tam</strong></span> <span class='ocrx_word' id='word_1_412' title='bbox 1367 595 1546 633; x_wconf 77' lang='lat' dir='ltr'><strong>scriptura-</strong></span> 
     </span>
     <span class='ocr_line' id='line_1_65' title="bbox 838 639 1545 679; baseline 0.001 -9"><span class='ocrx_word' id='word_1_413' title='bbox 838 651 855 666; x_wconf 90' lang='lat'>»</span> <span class='ocrx_word' id='word_1_414' title='bbox 870 648 944 670; x_wconf 90' lang='lat' dir='ltr'><strong>rum</strong></span> <span class='ocrx_word' id='word_1_415' title='bbox 980 639 1187 677; x_wconf 86' lang='lat' dir='ltr'><strong>testimonia,</strong></span> <span class='ocrx_word' id='word_1_416' title='bbox 1221 648 1321 679; x_wconf 86' lang='lat' dir='ltr'><strong>quam</strong></span> <span class='ocrx_word' id='word_1_417' title='bbox 1363 640 1545 671; x_wconf 85' lang='lat' dir='ltr'><strong>animarum</strong></span> 
     </span>
     <span class='ocr_line' id='line_1_66' title="bbox 837 685 1547 725; baseline -0.001 -8"><span class='ocrx_word' id='word_1_418' title='bbox 837 696 856 713; x_wconf 74' lang='grc' dir='ltr'>υ</span> <span class='ocrx_word' id='word_1_419' title='bbox 872 685 1100 725; x_wconf 85' lang='lat' dir='ltr'><strong>experimenta</strong></span> <span class='ocrx_word' id='word_1_420' title='bbox 1115 694 1124 715; x_wconf 76' lang='grc' dir='ltr'><strong><em>ε</em></strong></span> <span class='ocrx_word' id='word_1_421' title='bbox 1139 685 1220 724; x_wconf 88' lang='lat' dir='ltr'><strong>quid</strong></span> <span class='ocrx_word' id='word_1_422' title='bbox 1240 694 1299 716; x_wconf 90' lang='lat' dir='ltr'><strong>nos</strong></span> <span class='ocrx_word' id='word_1_423' title='bbox 1319 686 1430 716; x_wconf 88' lang='lat' dir='ltr'><strong>miseri</strong></span> <span class='ocrx_word' id='word_1_424' title='bbox 1455 687 1547 717; x_wconf 82' lang='lat' dir='ltr'><strong>tanta</strong></span> 
     </span>
     <span class='ocr_line' id='line_1_67' title="bbox 839 730 1548 769; baseline 0.003 -10"><span class='ocrx_word' id='word_1_425' title='bbox 839 740 856 758; x_wconf 87' lang='lat'>»</span> <span class='ocrx_word' id='word_1_426' title='bbox 871 731 1031 763; x_wconf 86' lang='lat' dir='ltr'><strong>varietate</strong></span> <span class='ocrx_word' id='word_1_427' title='bbox 1045 730 1276 769; x_wconf 80' lang='lat' dir='ltr'><strong>distrahimur,</strong></span> <span class='ocrx_word' id='word_1_428' title='bbox 1289 730 1442 761; x_wconf 86' lang='lat' dir='ltr'><strong>caducam</strong></span> <span class='ocrx_word' id='word_1_429' title='bbox 1456 739 1548 761; x_wconf 68' lang='lat' dir='ltr'><strong>men&lt;</strong></span> 
     </span>
     <span class='ocr_line' id='line_1_68' title="bbox 839 775 1547 815; baseline 0.004 -11"><span class='ocrx_word' id='word_1_430' title='bbox 839 787 856 803; x_wconf 88' lang='lat'>»</span> <span class='ocrx_word' id='word_1_431' title='bbox 871 775 1019 808; x_wconf 87' lang='lat' dir='ltr'><strong>dicantes</strong></span> <span class='ocrx_word' id='word_1_432' title='bbox 1032 776 1148 815; x_wconf 88' lang='lat' dir='ltr'><strong>utique</strong></span> <span class='ocrx_word' id='word_1_433' title='bbox 1161 776 1435 807; x_wconf 73' lang='lat' dir='ltr'><strong>consolationem?</strong></span> <span class='ocrx_word' id='word_1_434' title='bbox 1448 778 1547 815; x_wconf 82' lang='lat' dir='ltr'><strong>Quasi</strong></span> 
     </span>
     <span class='ocr_line' id='line_1_69' title="bbox 839 822 1547 862; baseline 0 -9"><span class='ocrx_word' id='word_1_435' title='bbox 839 832 856 849; x_wconf 90' lang='lat'>»</span> <span class='ocrx_word' id='word_1_436' title='bbox 871 830 949 854; x_wconf 87' lang='lat' dir='ltr'><strong>vero</strong></span> <span class='ocrx_word' id='word_1_437' title='bbox 963 830 1027 853; x_wconf 89' lang='lat' dir='ltr'><strong>non</strong></span> <span class='ocrx_word' id='word_1_438' title='bbox 1047 822 1089 853; x_wconf 89' lang='lat' dir='ltr'><strong>sit</strong></span> <span class='ocrx_word' id='word_1_439' title='bbox 1103 823 1196 853; x_wconf 92' lang='lat' dir='ltr'><strong>nobis</strong></span> <span class='ocrx_word' id='word_1_440' title='bbox 1216 822 1258 853; x_wconf 89' lang='lat' dir='ltr'><strong>ad</strong></span> <span class='ocrx_word' id='word_1_441' title='bbox 1272 830 1404 853; x_wconf 88' lang='lat' dir='ltr'><strong>manum</strong></span> <span class='ocrx_word' id='word_1_442' title='bbox 1425 824 1547 862; x_wconf 81' lang='lat' dir='ltr'><strong>absque</strong></span> 
     </span>
     <span class='ocr_line' id='line_1_70' title="bbox 839 868 1546 909; baseline 0.003 -11"><span class='ocrx_word' id='word_1_443' title='bbox 839 879 856 895; x_wconf 69' lang='grc' dir='ltr'><strong>ι)</strong></span> <span class='ocrx_word' id='word_1_444' title='bbox 871 869 962 898; x_wconf 90' lang='lat' dir='ltr'><strong>omni</strong></span> <span class='ocrx_word' id='word_1_445' title='bbox 977 868 1169 899; x_wconf 85' lang='lat' dir='ltr'><strong>difficultate</strong></span> <span class='ocrx_word' id='word_1_446' title='bbox 1179 869 1214 899; x_wconf 90' lang='lat' dir='ltr'><strong>in</strong></span> <span class='ocrx_word' id='word_1_447' title='bbox 1222 870 1323 900; x_wconf 85' lang='lat' dir='ltr'><strong>verbo</strong></span> <span class='ocrx_word' id='word_1_448' title='bbox 1332 869 1435 909; x_wconf 88' lang='lat' dir='ltr'><strong>,quod</strong></span> <span class='ocrx_word' id='word_1_449' title='bbox 1445 878 1546 909; x_wconf 81' lang='lat' dir='ltr'><strong>prope</strong></span> 
     </span>
     <span class='ocr_line' id='line_1_71' title="bbox 839 914 1549 954; baseline 0.001 -10"><span class='ocrx_word' id='word_1_450' title='bbox 839 925 855 942; x_wconf 89' lang='lat'>»</span> <span class='ocrx_word' id='word_1_451' title='bbox 871 914 921 945; x_wconf 89' lang='lat' dir='ltr'><strong>est</strong></span> <span class='ocrx_word' id='word_1_452' title='bbox 930 915 1042 953; x_wconf 87' lang='lat' dir='ltr'><strong>utique</strong></span> <span class='ocrx_word' id='word_1_453' title='bbox 1055 914 1090 944; x_wconf 89' lang='lat' dir='ltr'><strong>in</strong></span> <span class='ocrx_word' id='word_1_454' title='bbox 1102 923 1156 946; x_wconf 89' lang='lat' dir='ltr'><strong>ore</strong></span> <span class='ocrx_word' id='word_1_455' title='bbox 1169 915 1203 945; x_wconf 83' lang='lat' dir='ltr'><strong>et</strong></span> <span class='ocrx_word' id='word_1_456' title='bbox 1215 915 1310 946; x_wconf 91' lang='lat' dir='ltr'><strong>corde</strong></span> <span class='ocrx_word' id='word_1_457' title='bbox 1321 917 1443 954; x_wconf 82' lang='lat' dir='ltr'><strong>nostro,</strong></span> <span class='ocrx_word' id='word_1_458' title='bbox 1456 917 1549 954; x_wconf 86' lang='lat' dir='ltr'><strong>quic-</strong></span> 
     </span>
     <span class='ocr_line' id='line_1_72' title="bbox 839 960 1546 1002; baseline 0.004 -14"><span class='ocrx_word' id='word_1_459' title='bbox 839 971 856 988; x_wconf 92' lang='lat'>»</span> <span class='ocrx_word' id='word_1_460' title='bbox 871 960 950 999; x_wconf 87' lang='lat' dir='ltr'><strong>quid</strong></span> <span class='ocrx_word' id='word_1_461' title='bbox 974 961 1108 999; x_wconf 86' lang='lat' dir='ltr'><strong>salutis,</strong></span> <span class='ocrx_word' id='word_1_462' title='bbox 1136 961 1294 1002; x_wconf 87' lang='lat' dir='ltr'><strong>quicquid</strong></span> <span class='ocrx_word' id='word_1_463' title='bbox 1311 962 1546 1000; x_wconf 80' lang='lat' dir='ltr'><strong>jucunditatis,</strong></span> 
     </span>
     <span class='ocr_line' id='line_1_73' title="bbox 840 1006 1545 1046; baseline 0.001 -11"><span class='ocrx_word' id='word_1_464' title='bbox 840 1017 857 1034; x_wconf 93' lang='lat'>»</span> <span class='ocrx_word' id='word_1_465' title='bbox 871 1006 1027 1046; x_wconf 85' lang='lat' dir='ltr'><strong>quicquid</strong></span> <span class='ocrx_word' id='word_1_466' title='bbox 1059 1007 1287 1037; x_wconf 80' lang='lat' dir='ltr'><strong>delectationis</strong></span> <span class='ocrx_word' id='word_1_467' title='bbox 1312 1008 1361 1038; x_wconf 88' lang='lat' dir='ltr'><strong>est</strong></span> <span class='ocrx_word' id='word_1_468' title='bbox 1385 1008 1545 1040; x_wconf 72' lang='lat' dir='ltr'><strong>invenire.</strong></span> 
     </span>
     <span class='ocr_line' id='line_1_74' title="bbox 841 1052 1547 1092; baseline 0 -11"><span class='ocrx_word' id='word_1_469' title='bbox 841 1063 857 1078; x_wconf 91' lang='lat'>»</span> <span class='ocrx_word' id='word_1_470' title='bbox 871 1053 959 1082; x_wconf 84' lang='lat' dir='ltr'><strong>Bene</strong></span> <span class='ocrx_word' id='word_1_471' title='bbox 987 1052 1125 1091; x_wconf 88' lang='lat' dir='ltr'><strong>proinde</strong></span> <span class='ocrx_word' id='word_1_472' title='bbox 1149 1053 1230 1083; x_wconf 80' lang='lat' dir='ltr'><strong>beati</strong></span> <span class='ocrx_word' id='word_1_473' title='bbox 1253 1055 1308 1092; x_wconf 78' lang='lat' dir='ltr'><strong>qni</strong></span> <span class='ocrx_word' id='word_1_474' title='bbox 1333 1054 1462 1084; x_wconf 76' lang='lat' dir='ltr'><strong>verbnm</strong></span> <span class='ocrx_word' id='word_1_475' title='bbox 1485 1054 1547 1084; x_wconf 78' lang='lat' dir='ltr'><strong>hoc</strong></span> 
     </span>
     <span class='ocr_line' id='line_1_75' title="bbox 842 1098 1549 1130; baseline 0.004 -3"><span class='ocrx_word' id='word_1_476' title='bbox 842 1109 857 1123; x_wconf 93' lang='lat'>»</span> <span class='ocrx_word' id='word_1_477' title='bbox 871 1098 949 1128; x_wconf 85' lang='lat' dir='ltr'><strong>vitae</strong></span> <span class='ocrx_word' id='word_1_478' title='bbox 963 1099 1094 1128; x_wconf 78' lang='lat' dir='ltr'><strong>andiunt</strong></span> <span class='ocrx_word' id='word_1_479' title='bbox 1109 1100 1137 1128; x_wconf 86' lang='lat' dir='ltr'><strong>ct</strong></span> <span class='ocrx_word' id='word_1_480' title='bbox 1153 1099 1326 1129; x_wconf 75' lang='lat' dir='ltr'><strong>custodiunt</strong></span> <span class='ocrx_word' id='word_1_481' title='bbox 1337 1100 1423 1130; x_wconf 79' lang='lat' dir='ltr'><strong>illud.</strong></span> <span class='ocrx_word' id='word_1_482' title='bbox 1439 1100 1549 1130; x_wconf 82' lang='lat' dir='ltr'><strong>eusto-</strong></span> 
     </span>
     <span class='ocr_line' id='line_1_76' title="bbox 842 1142 1549 1184; baseline 0.003 -11"><span class='ocrx_word' id='word_1_483' title='bbox 842 1153 858 1169; x_wconf 95' lang='lat'>»</span> <span class='ocrx_word' id='word_1_484' title='bbox 875 1142 969 1173; x_wconf 87' lang='lat' dir='ltr'><strong>diunt</strong></span> <span class='ocrx_word' id='word_1_485' title='bbox 986 1151 1064 1174; x_wconf 87' lang='lat' dir='ltr'><strong>sane</strong></span> <span class='ocrx_word' id='word_1_486' title='bbox 1081 1144 1240 1183; x_wconf 78' lang='lat' dir='ltr'><strong>dixerim,</strong></span> <span class='ocrx_word' id='word_1_487' title='bbox 1256 1152 1321 1175; x_wconf 91' lang='lat' dir='ltr'><strong>non</strong></span> <span class='ocrx_word' id='word_1_488' title='bbox 1341 1145 1438 1175; x_wconf 86' lang='lat' dir='ltr'><strong>aliter</strong></span> <span class='ocrx_word' id='word_1_489' title='bbox 1453 1155 1549 1184; x_wconf 82' lang='lat' dir='ltr'><strong>quam</strong></span> 
     </span>
     <span class='ocr_line' id='line_1_77' title="bbox 841 1188 1550 1230; baseline 0.006 -12"><span class='ocrx_word' id='word_1_490' title='bbox 841 1199 857 1214; x_wconf 69' lang='grc' dir='ltr'><strong>υ</strong></span> <span class='ocrx_word' id='word_1_491' title='bbox 874 1188 1056 1226; x_wconf 88' lang='lat' dir='ltr'><strong>depositum</strong></span> <span class='ocrx_word' id='word_1_492' title='bbox 1079 1190 1370 1230; x_wconf 89' lang='lat' dir='ltr'><strong>pretiosissimum,</strong></span> <span class='ocrx_word' id='word_1_493' title='bbox 1383 1192 1420 1222; x_wconf 89' lang='lat' dir='ltr'><strong>ut</strong></span> <span class='ocrx_word' id='word_1_494' title='bbox 1434 1192 1480 1222; x_wconf 89' lang='lat' dir='ltr'><strong>ibi</strong></span> <span class='ocrx_word' id='word_1_495' title='bbox 1495 1201 1550 1222; x_wconf 80' lang='lat' dir='ltr'><strong>cor</strong></span> 
     </span>
     <span class='ocr_line' id='line_1_78' title="bbox 841 1233 1505 1272; baseline 0.009 -11"><span class='ocrx_word' id='word_1_496' title='bbox 841 1243 857 1260; x_wconf 74' lang='lat' dir='ltr'><strong>&gt;J</strong></span> <span class='ocrx_word' id='word_1_497' title='bbox 872 1233 1032 1272; x_wconf 79' lang='lat' dir='ltr'><strong>habeant,</strong></span> <span class='ocrx_word' id='word_1_498' title='bbox 1052 1235 1110 1265; x_wconf 86' lang='lat' dir='ltr'><strong>ubi</strong></span> <span class='ocrx_word' id='word_1_499' title='bbox 1125 1236 1175 1266; x_wconf 84' lang='lat' dir='ltr'><strong>est</strong></span> <span class='ocrx_word' id='word_1_500' title='bbox 1194 1236 1367 1267; x_wconf 83' lang='lat' dir='ltr'><strong>thesaurus</strong></span> <span class='ocrx_word' id='word_1_501' title='bbox 1383 1245 1505 1268; x_wconf 90' lang='lat' dir='ltr'><strong>eorum.</strong></span> 
     </span>
    </p>

    <p class='ocr_par' dir='ltr' id='par_1_10' title="bbox 839 1279 1550 2094">
     <span class='ocr_line' id='line_1_79' title="bbox 878 1279 1547 1320; baseline 0.009 -13"><span class='ocrx_word' id='word_1_502' title='bbox 878 1290 898 1306; x_wconf 69' lang='lat'><strong>2&gt;</strong></span> <span class='ocrx_word' id='word_1_503' title='bbox 913 1279 992 1309; x_wconf 91' lang='lat' dir='ltr'><strong>Dico</strong></span> <span class='ocrx_word' id='word_1_504' title='bbox 1006 1281 1116 1311; x_wconf 88' lang='lat' dir='ltr'><strong>autem</strong></span> <span class='ocrx_word' id='word_1_505' title='bbox 1128 1281 1276 1312; x_wconf 86' lang='lat' dir='ltr'><strong>breviter</strong></span> <span class='ocrx_word' id='word_1_506' title='bbox 1291 1290 1364 1320; x_wconf 84' lang='lat' dir='ltr'><strong>quae</strong></span> <span class='ocrx_word' id='word_1_507' title='bbox 1376 1287 1547 1313; x_wconf 66' lang='lat' dir='ltr'><strong>occurrunt</strong></span> 
     </span>
     <span class='ocr_line' id='line_1_80' title="bbox 839 1324 1548 1366; baseline 0.01 -14"><span class='ocrx_word' id='word_1_508' title='bbox 839 1335 857 1352; x_wconf 80' lang='lat'><strong>&gt;›</strong></span> <span class='ocrx_word' id='word_1_509' title='bbox 874 1324 1007 1356; x_wconf 88' lang='lat' dir='ltr'><strong>interim</strong></span> <span class='ocrx_word' id='word_1_510' title='bbox 1018 1334 1062 1357; x_wconf 87' lang='lat' dir='ltr'><strong>ex</strong></span> <span class='ocrx_word' id='word_1_511' title='bbox 1076 1326 1128 1358; x_wconf 88' lang='lat' dir='ltr'><strong>his</strong></span> <span class='ocrx_word' id='word_1_512' title='bbox 1139 1335 1210 1366; x_wconf 83' lang='lat' dir='ltr'><strong>quae</strong></span> <span class='ocrx_word' id='word_1_513' title='bbox 1222 1327 1298 1358; x_wconf 85' lang='lat' dir='ltr'><strong>huic</strong></span> <span class='ocrx_word' id='word_1_514' title='bbox 1310 1327 1464 1359; x_wconf 85' lang='lat' dir='ltr'><strong>videntur</strong></span> <span class='ocrx_word' id='word_1_515' title='bbox 1478 1338 1548 1359; x_wconf 75' lang='lat' dir='ltr'><strong>cus-</strong></span> 
     </span>
     <span class='ocr_line' id='line_1_81' title="bbox 841 1371 1544 1412; baseline 0 -10"><span class='ocrx_word' id='word_1_516' title='bbox 841 1382 858 1397; x_wconf 90' lang='lat'>»</span> <span class='ocrx_word' id='word_1_517' title='bbox 872 1371 970 1402; x_wconf 80' lang='lat' dir='ltr'><strong>todiae</strong></span> <span class='ocrx_word' id='word_1_518' title='bbox 983 1372 1178 1403; x_wconf 87' lang='lat' dir='ltr'><strong>necessaria.</strong></span> <span class='ocrx_word' id='word_1_519' title='bbox 1193 1372 1338 1403; x_wconf 88' lang='lat' dir='ltr'><strong>Primum</strong></span> <span class='ocrx_word' id='word_1_520' title='bbox 1352 1374 1486 1412; x_wconf 88' lang='lat' dir='ltr'><strong>quidem</strong></span> <span class='ocrx_word' id='word_1_521' title='bbox 1512 1375 1544 1404; x_wconf 72' lang='grc' dir='ltr'><strong>ιιὲ</strong></span> 
     </span>
     <span class='ocr_line' id='line_1_82' title="bbox 841 1417 1548 1458; baseline 0.004 -11"><span class='ocrx_word' id='word_1_522' title='bbox 841 1427 858 1443; x_wconf 86' lang='lat'><strong>&gt;›</strong></span> <span class='ocrx_word' id='word_1_523' title='bbox 873 1425 973 1456; x_wconf 86' lang='lat' dir='ltr'><strong>ponas</strong></span> <span class='ocrx_word' id='word_1_524' title='bbox 983 1418 1137 1448; x_wconf 88' lang='lat' dir='ltr'><strong>cortuum</strong></span> <span class='ocrx_word' id='word_1_525' title='bbox 1149 1417 1261 1448; x_wconf 88' lang='lat' dir='ltr'><strong>audire</strong></span> <span class='ocrx_word' id='word_1_526' title='bbox 1270 1418 1458 1457; x_wconf 81' lang='lat' dir='ltr'><strong>diligentius</strong></span> <span class='ocrx_word' id='word_1_527' title='bbox 1470 1421 1548 1458; x_wconf 77' lang='lat' dir='ltr'><strong>quid</strong></span> 
     </span>
     <span class='ocr_line' id='line_1_83' title="bbox 841 1462 1548 1504; baseline 0.004 -12"><span class='ocrx_word' id='word_1_528' title='bbox 841 1471 857 1488; x_wconf 85' lang='lat'>»</span> <span class='ocrx_word' id='word_1_529' title='bbox 869 1462 1038 1501; x_wconf 87' lang='lat' dir='ltr'><strong>loquatur,</strong></span> <span class='ocrx_word' id='word_1_530' title='bbox 1049 1462 1183 1502; x_wconf 87' lang='lat' dir='ltr'><strong>propter</strong></span> <span class='ocrx_word' id='word_1_531' title='bbox 1196 1463 1278 1494; x_wconf 87' lang='lat' dir='ltr'><strong>illud</strong></span> <span class='ocrx_word' id='word_1_532' title='bbox 1292 1464 1378 1502; x_wconf 90' lang='lat' dir='ltr'><strong>quod</strong></span> <span class='ocrx_word' id='word_1_533' title='bbox 1392 1465 1548 1504; x_wconf 88' lang='lat' dir='ltr'><strong>scriptum</strong></span> 
     </span>
     <span class='ocr_line' id='line_1_84' title="bbox 841 1509 1549 1548; baseline 0.003 -9"><span class='ocrx_word' id='word_1_534' title='bbox 841 1519 858 1535; x_wconf 84' lang='lat'><strong>&gt;›</strong></span> <span class='ocrx_word' id='word_1_535' title='bbox 874 1509 941 1539; x_wconf 84' lang='lat' dir='ltr'><strong>est:</strong></span> <span class='ocrx_word' id='word_1_536' title='bbox 954 1509 1037 1548; x_wconf 79' lang='lat' dir='ltr'><strong>Quia</strong></span> <span class='ocrx_word' id='word_1_537' title='bbox 1048 1511 1196 1548; x_wconf 75' lang='lat' dir='ltr'><strong>iqnorans</strong></span> <span class='ocrx_word' id='word_1_538' title='bbox 1205 1510 1409 1548; x_wconf 59' lang='lat' dir='ltr'><strong>ignorabitur.</strong></span> <span class='ocrx_word' id='word_1_539' title='bbox 1422 1512 1549 1542; x_wconf 84' lang='lat' dir='ltr'><strong>Dehinc</strong></span> 
     </span>
     <span class='ocr_line' id='line_1_85' title="bbox 841 1554 1549 1596; baseline 0.004 -12"><span class='ocrx_word' id='word_1_540' title='bbox 841 1554 906 1584; x_wconf 88' lang='lat' dir='ltr'><strong>»ut</strong></span> <span class='ocrx_word' id='word_1_541' title='bbox 921 1562 1020 1593; x_wconf 88' lang='lat' dir='ltr'><strong>opere</strong></span> <span class='ocrx_word' id='word_1_542' title='bbox 1041 1554 1180 1594; x_wconf 86' lang='lat' dir='ltr'><strong>impleas</strong></span> <span class='ocrx_word' id='word_1_543' title='bbox 1203 1555 1292 1594; x_wconf 89' lang='lat' dir='ltr'><strong>quod</strong></span> <span class='ocrx_word' id='word_1_544' title='bbox 1313 1556 1455 1595; x_wconf 88' lang='lat' dir='ltr'><strong>audisti,</strong></span> <span class='ocrx_word' id='word_1_545' title='bbox 1472 1558 1549 1596; x_wconf 76' lang='lat' dir='ltr'><strong>quia</strong></span> 
     </span>
     <span class='ocr_line' id='line_1_86' title="bbox 841 1600 1549 1641; baseline 0.006 -12"><span class='ocrx_word' id='word_1_546' title='bbox 841 1610 857 1626; x_wconf 90' lang='lat'>»</span> <span class='ocrx_word' id='word_1_547' title='bbox 873 1601 988 1630; x_wconf 85' lang='lat' dir='ltr'><strong>Scicnti</strong></span> <span class='ocrx_word' id='word_1_548' title='bbox 998 1600 1112 1630; x_wconf 83' lang='lat' dir='ltr'><strong>bonnm</strong></span> <span class='ocrx_word' id='word_1_549' title='bbox 1125 1602 1222 1631; x_wconf 83' lang='lat' dir='ltr'><strong>etnon</strong></span> <span class='ocrx_word' id='word_1_550' title='bbox 1237 1601 1365 1639; x_wconf 79' lang='lat' dir='ltr'><strong>facienti</strong></span> <span class='ocrx_word' id='word_1_551' title='bbox 1371 1622 1381 1639; x_wconf 92' lang='lat'><strong>,</strong></span> <span class='ocrx_word' id='word_1_552' title='bbox 1390 1605 1549 1641; x_wconf 78' lang='lat' dir='ltr'><strong>peccalum</strong></span> 
     </span>
     <span class='ocr_line' id='line_1_87' title="bbox 841 1645 1550 1685; baseline 0.007 -11"><span class='ocrx_word' id='word_1_553' title='bbox 841 1655 858 1671; x_wconf 91' lang='lat'>»</span> <span class='ocrx_word' id='word_1_554' title='bbox 873 1646 918 1675; x_wconf 82' lang='lat' dir='ltr'><strong>est</strong></span> <span class='ocrx_word' id='word_1_555' title='bbox 932 1645 988 1675; x_wconf 86' lang='lat' dir='ltr'><strong>illi.</strong></span> <span class='ocrx_word' id='word_1_556' title='bbox 996 1646 1160 1676; x_wconf 86' lang='lat' dir='ltr'><strong>Postremo</strong></span> <span class='ocrx_word' id='word_1_557' title='bbox 1167 1646 1205 1676; x_wconf 85' lang='lat' dir='ltr'><strong>ut</strong></span> <span class='ocrx_word' id='word_1_558' title='bbox 1214 1654 1427 1685; x_wconf 63' lang='lat' dir='ltr'><strong>quaecumque</strong></span> <span class='ocrx_word' id='word_1_559' title='bbox 1438 1656 1550 1679; x_wconf 88' lang='lat' dir='ltr'><strong>occur-</strong></span> 
     </span>
     <span class='ocr_line' id='line_1_88' title="bbox 841 1690 1546 1730; baseline 0.007 -12"><span class='ocrx_word' id='word_1_560' title='bbox 841 1701 858 1717; x_wconf 91' lang='lat'>»</span> <span class='ocrx_word' id='word_1_561' title='bbox 873 1690 978 1720; x_wconf 87' lang='lat' dir='ltr'><strong>rerint</strong></span> <span class='ocrx_word' id='word_1_562' title='bbox 998 1691 1152 1729; x_wconf 88' lang='lat' dir='ltr'><strong>adversa,</strong></span> <span class='ocrx_word' id='word_1_563' title='bbox 1176 1691 1337 1722; x_wconf 88' lang='lat' dir='ltr'><strong>sustineas</strong></span> <span class='ocrx_word' id='word_1_564' title='bbox 1355 1693 1522 1730; x_wconf 87' lang='lat' dir='ltr'><strong>patienter</strong></span> <span class='ocrx_word' id='word_1_565' title='bbox 1539 1704 1546 1723; x_wconf 93' lang='lat'>:</span> 
     </span>
     <span class='ocr_line' id='line_1_89' title="bbox 842 1735 1549 1778; baseline 0.007 -14"><span class='ocrx_word' id='word_1_566' title='bbox 842 1746 859 1762; x_wconf 83' lang='lat'><strong>&gt;›</strong></span> <span class='ocrx_word' id='word_1_567' title='bbox 879 1735 956 1773; x_wconf 90' lang='lat' dir='ltr'><strong>quia</strong></span> <span class='ocrx_word' id='word_1_568' title='bbox 964 1736 1101 1766; x_wconf 88' lang='lat' dir='ltr'><strong>verbum</strong></span> <span class='ocrx_word' id='word_1_569' title='bbox 1109 1736 1244 1767; x_wconf 89' lang='lat' dir='ltr'><strong>hocnon</strong></span> <span class='ocrx_word' id='word_1_570' title='bbox 1251 1738 1355 1767; x_wconf 88' lang='lat' dir='ltr'><strong>solum</strong></span> <span class='ocrx_word' id='word_1_571' title='bbox 1363 1738 1442 1776; x_wconf 89' lang='lat' dir='ltr'><strong>quid</strong></span> <span class='ocrx_word' id='word_1_572' title='bbox 1453 1747 1549 1778; x_wconf 79' lang='lat' dir='ltr'><strong>agere</strong></span> 
     </span>
     <span class='ocr_line' id='line_1_90' title="bbox 842 1779 1549 1818; baseline 0.01 -12"><span class='ocrx_word' id='word_1_573' title='bbox 842 1789 859 1805; x_wconf 70' lang='lat'><strong>&gt;1</strong></span> <span class='ocrx_word' id='word_1_574' title='bbox 875 1779 994 1809; x_wconf 83' lang='lat' dir='ltr'><strong>debeas</strong></span> <span class='ocrx_word' id='word_1_575' title='bbox 1018 1779 1133 1818; x_wconf 85' lang='lat' dir='ltr'><strong>docet,</strong></span> <span class='ocrx_word' id='word_1_576' title='bbox 1171 1781 1229 1810; x_wconf 91' lang='lat' dir='ltr'><strong>sed</strong></span> <span class='ocrx_word' id='word_1_577' title='bbox 1257 1781 1291 1811; x_wconf 83' lang='lat' dir='ltr'><strong>et</strong></span> <span class='ocrx_word' id='word_1_578' title='bbox 1318 1781 1460 1813; x_wconf 89' lang='lat' dir='ltr'><strong>ostendit</strong></span> <span class='ocrx_word' id='word_1_579' title='bbox 1486 1784 1549 1813; x_wconf 87' lang='lat' dir='ltr'><strong>tibi</strong></span> 
     </span>
     <span class='ocr_line' id='line_1_91' title="bbox 842 1824 1547 1866; baseline 0.007 -12"><span class='ocrx_word' id='word_1_580' title='bbox 842 1835 859 1850; x_wconf 91' lang='lat'>»</span> <span class='ocrx_word' id='word_1_581' title='bbox 874 1825 995 1863; x_wconf 86' lang='lat' dir='ltr'><strong>quanta</strong></span> <span class='ocrx_word' id='word_1_582' title='bbox 1015 1825 1050 1855; x_wconf 86' lang='lat' dir='ltr'><strong>te</strong></span> <span class='ocrx_word' id='word_1_583' title='bbox 1080 1824 1230 1863; x_wconf 84' lang='lat' dir='ltr'><strong>oporteat</strong></span> <span class='ocrx_word' id='word_1_584' title='bbox 1257 1826 1339 1864; x_wconf 89' lang='lat' dir='ltr'><strong>pati.</strong></span> <span class='ocrx_word' id='word_1_585' title='bbox 1356 1829 1433 1858; x_wconf 86' lang='lat' dir='ltr'><strong>Haec</strong></span> <span class='ocrx_word' id='word_1_586' title='bbox 1449 1829 1547 1866; x_wconf 77' lang='lat' dir='ltr'><strong>plane</strong></span> 
     </span>
     <span class='ocr_line' id='line_1_92' title="bbox 843 1871 1549 1913; baseline 0.007 -14"><span class='ocrx_word' id='word_1_587' title='bbox 843 1881 859 1898; x_wconf 94' lang='lat'>»</span> <span class='ocrx_word' id='word_1_588' title='bbox 874 1871 969 1900; x_wconf 85' lang='lat' dir='ltr'><strong>latria</strong></span> <span class='ocrx_word' id='word_1_589' title='bbox 982 1871 1049 1909; x_wconf 86' lang='lat' dir='ltr'><strong>est,</strong></span> <span class='ocrx_word' id='word_1_590' title='bbox 1065 1871 1173 1902; x_wconf 85' lang='lat' dir='ltr'><strong>cultus</strong></span> <span class='ocrx_word' id='word_1_591' title='bbox 1188 1871 1320 1902; x_wconf 85' lang='lat' dir='ltr'><strong>debitus</strong></span> <span class='ocrx_word' id='word_1_592' title='bbox 1335 1873 1395 1903; x_wconf 90' lang='lat' dir='ltr'><strong>soli</strong></span> <span class='ocrx_word' id='word_1_593' title='bbox 1411 1874 1497 1913; x_wconf 81' lang='lat' dir='ltr'><strong>Deo,</strong></span> <span class='ocrx_word' id='word_1_594' title='bbox 1513 1877 1549 1905; x_wconf 80' lang='lat' dir='ltr'><strong>ut</strong></span> 
     </span>
     <span class='ocr_line' id='line_1_93' title="bbox 841 1916 1549 1957; baseline 0.008 -13"><span class='ocrx_word' id='word_1_595' title='bbox 841 1928 859 1943; x_wconf 65' lang='grc' dir='ltr'>υ</span> <span class='ocrx_word' id='word_1_596' title='bbox 874 1916 1031 1946; x_wconf 88' lang='lat' dir='ltr'><strong>sollicitus</strong></span> <span class='ocrx_word' id='word_1_597' title='bbox 1045 1917 1088 1947; x_wconf 90' lang='lat' dir='ltr'><strong>sis</strong></span> <span class='ocrx_word' id='word_1_598' title='bbox 1100 1917 1302 1948; x_wconf 83' lang='lat' dir='ltr'><strong>voluntatem</strong></span> <span class='ocrx_word' id='word_1_599' title='bbox 1318 1918 1390 1956; x_wconf 85' lang='lat' dir='ltr'><strong>ejus</strong></span> <span class='ocrx_word' id='word_1_600' title='bbox 1405 1920 1549 1957; x_wconf 72' lang='lat' dir='ltr'><strong>pruden—</strong></span> 
     </span>
     <span class='ocr_line' id='line_1_94' title="bbox 841 1962 1548 2005; baseline 0.008 -14"><span class='ocrx_word' id='word_1_601' title='bbox 841 1974 858 1989; x_wconf 74' lang='grc' dir='ltr'>υ</span> <span class='ocrx_word' id='word_1_602' title='bbox 872 1963 924 1992; x_wconf 88' lang='lat' dir='ltr'><strong>ter</strong></span> <span class='ocrx_word' id='word_1_603' title='bbox 951 1962 1158 2001; x_wconf 79' lang='lat' dir='ltr'><strong>intelligere3</strong></span> <span class='ocrx_word' id='word_1_604' title='bbox 1175 1964 1209 1994; x_wconf 87' lang='lat' dir='ltr'><strong>et</strong></span> <span class='ocrx_word' id='word_1_605' title='bbox 1234 1964 1292 1994; x_wconf 93' lang='lat' dir='ltr'><strong>ubi</strong></span> <span class='ocrx_word' id='word_1_606' title='bbox 1320 1973 1453 1996; x_wconf 88' lang='lat' dir='ltr'><strong>necesse</strong></span> <span class='ocrx_word' id='word_1_607' title='bbox 1480 1969 1525 1997; x_wconf 83' lang='lat' dir='ltr'><strong>esi</strong></span> <span class='ocrx_word' id='word_1_608' title='bbox 1539 1991 1548 2005; x_wconf 84' lang='lat'><strong>,</strong></span> 
     </span>
     <span class='ocr_line' id='line_1_95' title="bbox 840 2008 1547 2051; baseline 0.006 -14"><span class='ocrx_word' id='word_1_609' title='bbox 840 2020 858 2036; x_wconf 86' lang='lat'><strong>&gt;›</strong></span> <span class='ocrx_word' id='word_1_610' title='bbox 873 2008 931 2038; x_wconf 84' lang='lat' dir='ltr'><strong>aut</strong></span> <span class='ocrx_word' id='word_1_611' title='bbox 953 2009 1107 2046; x_wconf 79' lang='lat' dir='ltr'><strong>potenter</strong></span> <span class='ocrx_word' id='word_1_612' title='bbox 1127 2009 1288 2051; x_wconf 82' lang='lat' dir='ltr'><strong>implere,</strong></span> <span class='ocrx_word' id='word_1_613' title='bbox 1307 2010 1363 2042; x_wconf 82' lang='lat' dir='ltr'><strong>aut</strong></span> <span class='ocrx_word' id='word_1_614' title='bbox 1387 2012 1547 2043; x_wconf 76' lang='lat' dir='ltr'><strong>sustinere</strong></span> 
     </span>
     <span class='ocr_line' id='line_1_96' title="bbox 841 2054 1076 2094; baseline -0.013 -8"><span class='ocrx_word' id='word_1_615' title='bbox 841 2067 857 2082; x_wconf 86' lang='lat'>»</span> <span class='ocrx_word' id='word_1_616' title='bbox 872 2054 1045 2094; x_wconf 81' lang='lat' dir='ltr'><strong>patienter.</strong></span> <span class='ocrx_word' id='word_1_617' title='bbox 1060 2066 1076 2082; x_wconf 91' lang='lat'>»</span> 
     </span>
    </p>
   </div>
   <div class='ocr_carea' id='block_1_8' title="bbox 1031 2158 1354 2195">
    <p class='ocr_par' dir='ltr' id='par_1_11' title="bbox 1031 2158 1354 2195">
     <span class='ocr_line' id='line_1_97' title="bbox 1031 2158 1354 2195; baseline -0.003 -2"><span class='ocrx_word' id='word_1_618' title='bbox 1031 2158 1202 2194; x_wconf 77' lang='lat' dir='ltr'><strong>SERMo</strong></span> <span class='ocrx_word' id='word_1_619' title='bbox 1230 2159 1354 2195; x_wconf 86' lang='lat' dir='ltr'>XXV.</span> 
     </span>
    </p>
   </div>
   <div class='ocr_carea' id='block_1_9' title="bbox 839 2235 1547 2302">
    <p class='ocr_par' dir='ltr' id='par_1_12' title="bbox 839 2235 1547 2302">
     <span class='ocr_line' id='line_1_98' title="bbox 839 2235 1547 2267; baseline 0.001 -6"><span class='ocrx_word' id='word_1_620' title='bbox 839 2236 878 2262; x_wconf 81' lang='lat' dir='ltr'><strong>De</strong></span> <span class='ocrx_word' id='word_1_621' title='bbox 895 2236 976 2263; x_wconf 56' lang='lat' dir='ltr'><strong>verbis</strong></span> <span class='ocrx_word' id='word_1_622' title='bbox 994 2236 1125 2267; x_wconf 78' lang='lat' dir='ltr'><strong>Apostoli,</strong></span> <span class='ocrx_word' id='word_1_623' title='bbox 1140 2235 1214 2261; x_wconf 81' lang='lat' dir='ltr'><strong>Volo</strong></span> <span class='ocrx_word' id='word_1_624' title='bbox 1231 2236 1362 2267; x_wconf 81' lang='lat' dir='ltr'><strong>primum</strong></span> <span class='ocrx_word' id='word_1_625' title='bbox 1382 2235 1445 2261; x_wconf 86' lang='lat' dir='ltr'><strong>fieri</strong></span> <span class='ocrx_word' id='word_1_626' title='bbox 1465 2236 1547 2262; x_wconf 81' lang='lat' dir='ltr'><strong>obse-</strong></span> 
     </span>
     <span class='ocr_line' id='line_1_99' title="bbox 999 2273 1383 2302; baseline -0.003 -5"><span class='ocrx_word' id='word_1_627' title='bbox 999 2273 1137 2297; x_wconf 81' lang='lat' dir='ltr'><strong>crationes</strong></span> <span class='ocrx_word' id='word_1_628' title='bbox 1144 2289 1152 2302; x_wconf 87' lang='lat'>‚</span> <span class='ocrx_word' id='word_1_629' title='bbox 1162 2273 1302 2297; x_wconf 83' lang='lat' dir='ltr'><strong>orationes</strong></span> <span class='ocrx_word' id='word_1_630' title='bbox 1310 2289 1324 2302; x_wconf 30' lang='lat'><strong>‚⁴</strong></span> <span class='ocrx_word' id='word_1_631' title='bbox 1331 2275 1383 2297; x_wconf 84' lang='lat' dir='ltr'><strong>etc.</strong></span> 
     </span>
    </p>
   </div>
   <div class='ocr_carea' id='block_1_10' title="bbox 839 2332 1548 2646">
    <p class='ocr_par' dir='ltr' id='par_1_13' title="bbox 839 2332 1548 2646">
     <span class='ocr_line' id='line_1_100' title="bbox 876 2332 1546 2372; baseline 0.001 -9"><span class='ocrx_word' id='word_1_632' title='bbox 876 2333 909 2363; x_wconf 69' lang='lat'><strong>4.</strong></span> <span class='ocrx_word' id='word_1_633' title='bbox 937 2332 1109 2372; x_wconf 73' lang='lat' dir='ltr'>QUATUOR</span> <span class='ocrx_word' id='word_1_634' title='bbox 1135 2332 1219 2363; x_wconf 89' lang='lat' dir='ltr'><strong>mihi</strong></span> <span class='ocrx_word' id='word_1_635' title='bbox 1246 2332 1402 2364; x_wconf 89' lang='lat' dir='ltr'><strong>videntur</strong></span> <span class='ocrx_word' id='word_1_636' title='bbox 1430 2334 1546 2365; x_wconf 79' lang='lat' dir='ltr'><strong>orandi</strong></span> 
     </span>
     <span class='ocr_line' id='line_1_101' title="bbox 839 2378 1548 2417; baseline 0 -9"><span class='ocrx_word' id='word_1_637' title='bbox 839 2378 949 2409; x_wconf 88' lang='lat' dir='ltr'><strong>modos</strong></span> <span class='ocrx_word' id='word_1_638' title='bbox 970 2378 1158 2416; x_wconf 85' lang='lat' dir='ltr'><strong>exprimere</strong></span> <span class='ocrx_word' id='word_1_639' title='bbox 1188 2378 1332 2417; x_wconf 83' lang='lat' dir='ltr'><strong>Apostoli</strong></span> <span class='ocrx_word' id='word_1_640' title='bbox 1356 2378 1475 2416; x_wconf 85' lang='lat' dir='ltr'><strong>verba,</strong></span> <span class='ocrx_word' id='word_1_641' title='bbox 1497 2380 1548 2409; x_wconf 80' lang='lat' dir='ltr'><strong>di-</strong></span> 
     </span>
     <span class='ocr_line' id='line_1_102' title="bbox 840 2424 1545 2463; baseline 0.001 -9"><span class='ocrx_word' id='word_1_642' title='bbox 840 2424 944 2455; x_wconf 89' lang='lat' dir='ltr'><strong>centis</strong></span> <span class='ocrx_word' id='word_1_643' title='bbox 960 2433 968 2453; x_wconf 88' lang='lat'><strong>:</strong></span> <span class='ocrx_word' id='word_1_644' title='bbox 987 2426 1064 2456; x_wconf 75' lang='lat' dir='ltr'><strong>Volo</strong></span> <span class='ocrx_word' id='word_1_645' title='bbox 1077 2425 1214 2463; x_wconf 74' lang='lat' dir='ltr'><strong>primum</strong></span> <span class='ocrx_word' id='word_1_646' title='bbox 1224 2425 1293 2462; x_wconf 76' lang='lat' dir='ltr'><strong>[ieri</strong></span> <span class='ocrx_word' id='word_1_647' title='bbox 1306 2424 1545 2462; x_wconf 55' lang='lat' dir='ltr'><strong>obsecrationes,-</strong></span> 
     </span>
     <span class='ocr_line' id='line_1_103' title="bbox 840 2470 1545 2509; baseline -0.003 -9"><span class='ocrx_word' id='word_1_648' title='bbox 840 2471 942 2501; x_wconf 82' lang='lat' dir='ltr'><strong>deinde</strong></span> <span class='ocrx_word' id='word_1_649' title='bbox 951 2471 1103 2501; x_wconf 78' lang='lat' dir='ltr'><strong>orationes</strong></span> <span class='ocrx_word' id='word_1_650' title='bbox 1111 2491 1121 2507; x_wconf 91' lang='lat'><strong>,</strong></span> <span class='ocrx_word' id='word_1_651' title='bbox 1130 2470 1361 2509; x_wconf 78' lang='lat' dir='ltr'><strong>postulationes,</strong></span> <span class='ocrx_word' id='word_1_652' title='bbox 1374 2472 1545 2508; x_wconf 57' lang='lat' dir='ltr'><strong>qratiam-nn:</strong></span> 
     </span>
     <span class='ocr_line' id='line_1_104' title="bbox 841 2515 1542 2554; baseline -0.004 -8"><span class='ocrx_word' id='word_1_653' title='bbox 841 2518 983 2548; x_wconf 77' lang='lat' dir='ltr'><strong>actiones.</strong></span> <span class='ocrx_word' id='word_1_654' title='bbox 1001 2516 1081 2546; x_wconf 81' lang='lat' dir='ltr'><strong>Sunt</strong></span> <span class='ocrx_word' id='word_1_655' title='bbox 1097 2517 1184 2546; x_wconf 87' lang='lat' dir='ltr'><strong>enim</strong></span> <span class='ocrx_word' id='word_1_656' title='bbox 1196 2524 1277 2554; x_wconf 87' lang='lat' dir='ltr'><strong>quos</strong></span> <span class='ocrx_word' id='word_1_657' title='bbox 1297 2515 1403 2546; x_wconf 79' lang='lat' dir='ltr'><strong>adhuc</strong></span> <span class='ocrx_word' id='word_1_658' title='bbox 1417 2516 1542 2553; x_wconf 80' lang='lat' dir='ltr'><strong>peccati</strong></span> 
     </span>
     <span class='ocr_line' id='line_1_105' title="bbox 842 2559 1545 2597; baseline -0.004 -6"><span class='ocrx_word' id='word_1_659' title='bbox 842 2561 1039 2591; x_wconf 85' lang='lat' dir='ltr'><strong>conscientia</strong></span> <span class='ocrx_word' id='word_1_660' title='bbox 1063 2561 1167 2592; x_wconf 85' lang='lat' dir='ltr'><strong>terret</strong></span> <span class='ocrx_word' id='word_1_661' title='bbox 1182 2561 1216 2591; x_wconf 88' lang='lat' dir='ltr'><strong>et</strong></span> <span class='ocrx_word' id='word_1_662' title='bbox 1239 2560 1382 2597; x_wconf 86' lang='lat' dir='ltr'><strong>cruciat,</strong></span> <span class='ocrx_word' id='word_1_663' title='bbox 1400 2559 1545 2589; x_wconf 80' lang='lat' dir='ltr'><strong>nondum</strong></span> 
     </span>
     <span class='ocr_line' id='line_1_106' title="bbox 841 2605 1544 2646; baseline -0.003 -10"><span class='ocrx_word' id='word_1_664' title='bbox 841 2607 973 2646; x_wconf 84' lang='lat' dir='ltr'><strong>accepta</strong></span> <span class='ocrx_word' id='word_1_665' title='bbox 987 2607 1160 2637; x_wconf 82' lang='lat' dir='ltr'><strong>resistendi</strong></span> <span class='ocrx_word' id='word_1_666' title='bbox 1175 2606 1314 2643; x_wconf 85' lang='lat' dir='ltr'><strong>virtute,</strong></span> <span class='ocrx_word' id='word_1_667' title='bbox 1327 2606 1404 2635; x_wconf 84' lang='lat' dir='ltr'><strong>tunc</strong></span> <span class='ocrx_word' id='word_1_668' title='bbox 1419 2605 1526 2635; x_wconf 66' lang='lat' dir='ltr'><strong>scilice</strong></span> <span class='ocrx_word' id='word_1_669' title='bbox 1534 2609 1544 2634; x_wconf 66' lang='lat'><strong>{1</strong></span> 
     </span>
    </p>
   </div>
   <div class='ocr_carea' id='block_1_11' title="bbox 843 2651 1544 2716">
    <p class='ocr_par' dir='ltr' id='par_1_14' title="bbox 843 2651 1544 2716">
     <span class='ocr_line' id='line_1_107' title="bbox 843 2651 1544 2691; baseline -0.003 -9"><span class='ocrx_word' id='word_1_670' title='bbox 843 2660 913 2682; x_wconf 88' lang='lat' dir='ltr'><strong>cum</strong></span> <span class='ocrx_word' id='word_1_671' title='bbox 925 2652 1063 2691; x_wconf 81' lang='lat' dir='ltr'><strong>primum</strong></span> <span class='ocrx_word' id='word_1_672' title='bbox 1081 2653 1164 2691; x_wconf 71' lang='lat' dir='ltr'><strong>ipsos</strong></span> <span class='ocrx_word' id='word_1_673' title='bbox 1179 2652 1212 2681; x_wconf 83' lang='lat' dir='ltr'><strong>in</strong></span> <span class='ocrx_word' id='word_1_674' title='bbox 1229 2651 1433 2690; x_wconf 74' lang='lat' dir='ltr'><strong>peccatorum</strong></span> <span class='ocrx_word' id='word_1_675' title='bbox 1451 2658 1544 2681; x_wconf 70' lang='lat' dir='ltr'><strong>corne</strong></span> 
     </span>
     <span class='ocr_line' id='line_1_108' title="bbox 1383 2693 1397 2716; baseline 0.143 -2"><span class='ocrx_word' id='word_1_676' title='bbox 1383 2693 1397 2716; x_wconf 74' lang='grc' dir='ltr'><strong>ΙΔ</strong></span> 
     </span>
    </p>
   </div>
  </div>
 </body>
</html>
