1846 3078
559 266 601 293 IN
622 264 821 294 CANTch
845 265 994 293 SERMO
1020 265 1159 293 van.

1522 275 1575 303 571

148 321 306 359 conlutis,
323 328 392 358 quae
408 327 426 349 a
441 320 545 349 maire
571 320 683 349 abesse
701 328 764 349 non
778 327 850 358 pos-
884 319 1003 350 sentiat
1033 319 1280 350 detrimentum.
1317 322 1479 356 Interdum
1521 336 1580 357 nec

145 369 240 405 sunt,
256 367 310 396 ubi
333 366 516 395 discesserit
539 374 684 403 sponsus.
700 366 763 395 Sed
779 373 850 394 me·
886 365 985 395 verba
1018 365 1176 404 requirit,
1205 366 1369 396 interdum
1403 378 1460 400 nec
1488 380 1582 401 voces

147 412 209 442 lius
225 412 278 451 (ut
289 411 421 450 opinor)
437 411 594 441 sentimus
606 419 716 440 secum
729 411 848 449 potius,

143 459 179 486 et
205 465 268 486 non
291 465 364 486 cum
391 457 493 486 altero
516 456 561 486 sic
585 457 744 493 locutam,
766 463 850 493 prae-

144 502 257 531 sertim
273 502 357 540 quod
383 502 494 532 trunca
511 503 544 532 ct
557 502 666 531 minus
681 501 849 530 continens

144 547 333 576 inveniatur
373 548 443 585 ipsa
479 547 600 577 locutio
614 568 624 583 ,
651 546 849 576 insufficiens

143 592 240 630 plane
256 593 295 622 ad
311 593 450 623 dandam
481 592 731 629 intelligentiam
756 591 849 621 audi-

142 638 225 675 tori,
243 638 283 667 ob
299 647 394 676 quam
411 640 465 668 vel
480 639 623 668 maxime
643 638 786 667 invicem
800 637 849 666 lo-

142 684 286 721 quimur.
318 686 452 715 Dilectus
486 694 571 715 meus
602 685 697 720 milii,
722 683 846 721 inquit,

143 731 171 757 el
193 738 245 767 eqo
275 731 330 760 illi.
359 730 426 759 Non
450 729 548 768 plus?
576 729 700 759 Pendet
726 729 846 766 oratio,

144 775 243 805 immo
259 784 321 805 non
339 776 477 814 pendet,
493 776 549 806 sed
564 775 687 804 delicit.
704 775 847 813 Suspen-

142 821 230 850 dilur
252 821 397 858 auditor,
418 829 480 851 nec
506 821 675 859 eruditur,
698 821 757 851 sed
780 821 847 851 eri-

137 865 238 901 gitur.

180 912 211 941 5.
229 911 311 949 Quid
332 912 380 941 est
395 912 455 942 hoc
470 912 555 951 quod
572 912 672 950 dicit,
688 913 736 943 ille
750 913 844 949 mihi,

140 956 173 986 et
188 966 239 995 cqo
253 956 317 986 illi?
332 958 498 987 Nescimus
509 957 586 995 quid
599 958 757 996 loquitur,
770 958 843 996 quia

139 1009 204 1031 non
219 1002 378 1032 sentimus
393 1003 477 1041 quod
493 1003 604 1032 sentit.
618 1003 641 1032 Ο
654 1003 762 1032 sancta
777 1004 846 1032 ani-

140 1055 211 1086 ma,
226 1048 306 1086 quid
331 1049 404 1078 tuus
427 1049 482 1079 ille
509 1049 588 1086 tibi,
614 1049 692 1087 quid
717 1050 753 1078 tu
776 1048 845 1078 illi?

139 1093 310 1132 Quaenam,
340 1103 466 1133 quaeso,
492 1095 562 1125 haec
586 1096 673 1126 inter
697 1103 755 1125 vos
779 1096 843 1125 tam

139 1139 344 1169 familiariter
359 1139 644 1178 favorabiliterque
661 1141 844 1171 discurrens

138 1185 313 1223 exhibitio,
323 1186 354 1215 et
364 1186 642 1216 1·edhibitio?Tibi
659 1187 728 1225 ille,
743 1187 843 1225 tuque

139 1229 283 1259 vicissim
312 1231 373 1260 illi.
390 1231 453 1261 Sed
476 1231 572 1269 quid?
584 1233 726 1270 ldipsum
742 1233 772 1262 ei
788 1234 822 1263 tu
834 1256 842 1272 ,

138 1276 224 1313 quod
239 1276 298 1306 tibi
314 1277 390 1315 ille,
407 1285 447 1307 an
462 1278 551 1307 aliud
562 1278 574 1307 ?
586 1278 618 1308 Si
634 1279 744 1317 nobis,
761 1279 787 1308 si
804 1280 843 1309 ad

137 1323 278 1352 nostram
302 1324 445 1361 loqueris
474 1324 742 1363 intelligentiam,
772 1325 843 1355 evi-

137 1368 253 1398 denter
280 1369 363 1406 quod
392 1370 492 1398 sentis
522 1369 653 1399 edicito.
670 1370 841 1408 Quousque

137 1414 261 1444 animas
293 1416 417 1444 nostras
445 1416 531 1445 tollis
546 1415 558 1445 ἓ
588 1416 634 1445 An
664 1417 841 1446 secundum

882 412 1012 441 omnino
1037 412 1138 450 ullas,
1164 412 1242 442 solis
1263 412 1303 442 ad
1328 413 1388 443 hoc
1415 417 1581 446 contentus

881 457 1039 494 suspiriis.
1055 457 1132 487 Inde
1148 458 1215 496 est,
1231 458 1316 496 quod
1341 466 1455 496 sponsa
1475 464 1582 491 sancto

881 509 988 532 amore
1001 502 1138 541 flagrans
1148 526 1156 541 ,
1168 503 1266 542 idque
1276 503 1464 534 incredibili
1478 507 1583 543 modo,

881 555 957 577 sane
968 556 1025 585 pro
1034 549 1191 587 captanda
1203 550 1375 588 quantulae
1381 558 1496 587 umque
1507 558 1584 579 eve-

880 593 1047 629 poratione
1072 594 1195 624 ardoris
1222 603 1320 633 quem
1348 595 1489 633 patitur,
1519 603 1582 624 non

881 640 1063 669 considerat
1089 641 1185 678 quid,
1215 642 1356 679 qualiter
1384 641 1580 679 eloquatur:

879 684 936 713 sed
951 685 1106 723 quicquid
1118 686 1152 715 in
1166 686 1300 716 buccam
1316 687 1462 724 venerit,
1476 695 1585 717 amore

879 731 1014 768 urgente
1049 739 1114 760 non
1153 733 1319 770 enuntiat,
1348 733 1405 763 sed
1445 733 1582 762 eructat.

877 775 998 812 Quidni
1028 777 1154 807 eructet
1178 777 1224 807 sic
1251 777 1390 813 refecta,
1413 778 1507 808 etsie
1533 786 1587 808 re-

878 821 984 859 pleta?

917 866 947 897 [ι.
967 869 1112 899 Revolve
1124 869 1253 899 textum
1271 869 1473 908 epithalamii
1485 869 1584 906 hujus

879 913 1002 952 abipso
1029 915 1162 944 exordio
1188 923 1290 953 usque
1312 915 1395 952 huc,
1412 914 1446 944 et
1461 915 1536 944 vide
1556 916 1583 945 si

878 959 965 989 tanta
990 959 1115 998 uspIam
1141 960 1207 998 illi,
1223 961 1342 998 quanta
1367 961 1427 990 hac
1449 960 1521 990 vice
1548 961 1582 990 in

878 1006 1002 1035 cunctis
1019 1006 1259 1036 visitationibus
1272 1006 1303 1035 et
1319 1006 1579 1037 allocutionibus,

877 1050 990 1087 Sponsi
1008 1051 1098 1089 copia
1124 1051 1194 1088 ejus
1219 1051 1344 1081 indulta
1369 1052 1488 1090 fuerit,
1505 1053 1580 1082 etsi

878 1105 1029 1134 umquam
1047 1106 1088 1126 ex
1112 1105 1165 1127 ore
1186 1097 1304 1136 ipsius,
1320 1106 1384 1127 non
1405 1098 1499 1128 modo
1514 1099 1579 1128 tam

878 1143 994 1172 multos
1007 1165 1015 1180 ,
1032 1143 1089 1172 scd
1106 1144 1138 1173 et
1160 1143 1226 1173 tam
1239 1143 1399 1180 jucundos
1414 1152 1581 1174 sermones

876 1189 1049 1226 acceperit.
1066 1189 1142 1226 Quae
1168 1198 1243 1228 ergo
1269 1191 1452 1228 repleverat
1472 1190 1508 1220 in
1523 1190 1581 1220 bo—

875 1233 925 1262 nis
950 1234 1148 1264 desiderium
1173 1244 1287 1272 suum,
1303 1236 1382 1274 quid
1405 1236 1524 1266 mirum
1553 1236 1580 1265 si

875 1281 1002 1309 ructum
1019 1281 1126 1319 potius
1139 1303 1148 1319 ,
1165 1290 1259 1319 quam
1276 1281 1414 1311 verbum
1430 1282 1523 1312 fecit!
1542 1282 1581 1312 Et

874 1326 901 1355 si
917 1326 1054 1355 verbum
1078 1326 1193 1357 fecisse
1210 1327 1270 1356 tibi
1285 1327 1434 1365 videtur,
1451 1329 1581 1359 eructa-

876 1372 943 1401 tum
970 1373 1071 1411 puta,
1102 1375 1135 1403 et
1162 1381 1227 1403 non
1262 1373 1494 1412 subornatum,
1524 1378 1580 1404 aut

874 1418 1136 1454 praeordinatum.
1153 1419 1217 1448 Nec
1244 1418 1331 1447 enim
1353 1427 1467 1456 sponsa
1492 1421 1581 1457 rapi-

136 1459 330 1497 Proplietam
345 1463 507 1491 secretum
519 1463 611 1491 tuum
625 1461 761 1491 tibi?lta
775 1463 839 1491 est:
858 1397 946 1490 lnam
976 1463 1152 1492 arbitratur
1180 1462 1242 1492 sihi
1270 1464 1380 1500 aptare
1408 1463 1579 1502 Prophetas

137 1505 276 1535 affectus
290 1507 417 1536 locutus
433 1509 499 1544 est,
513 1515 578 1536 non
591 1507 796 1545 intellectus,
810 1508 841 1537 et
857 1492 860 1550 J
874 1507 994 1536 dictum
1006 1529 1015 1545 ,
1040 1509 1201 1538 Eructavit
1229 1517 1281 1537 cor
1305 1517 1407 1537 utcum-
1432 1510 1556 1539 verbum
1569 1532 1578 1546 ‚

137 1551 209 1581 ideo
223 1560 285 1581 non
303 1552 341 1581 ad
358 1553 573 1582 intellectum.
592 1553 639 1582 Ad
653 1553 731 1590 quid
747 1552 841 1590 ergo?

136 1597 183 1627 Ad
199 1598 300 1636 nihil,
317 1599 379 1628 nisi
403 1599 487 1637 quod
512 1600 708 1629 mirabiliter
731 1600 840 1630 delec-

135 1644 200 1673 tata
211 1666 219 1682 ,
244 1645 276 1674 et
292 1645 405 1674 ali'ecta
420 1645 636 1675 vehementer
659 1645 698 1674 ad
714 1645 840 1676 deside-

136 1689 220 1719 ratos
247 1689 382 1728 affatus,
407 1690 505 1719 finem
531 1690 586 1720 illo
612 1690 752 1721 faciente
778 1699 839 1721 nec

135 1737 242 1764 tacere
259 1736 389 1765 omnino
403 1736 528 1774 quivit,
545 1744 604 1765 nec
621 1738 729 1766 tamen
754 1737 839 1774 quod

134 1781 235 1809 sensit
249 1781 447 1818 exprimere.
456 1782 566 1820 Neque
583 1782 671 1811 enim
683 1783 719 1812 ut
731 1783 840 1821 expri-

135 1827 238 1856 meret
250 1827 294 1856 sic
311 1828 417 1856 locuta
432 1829 498 1865 est,
515 1828 571 1858 sed
586 1836 627 1857 ne
643 1830 777 1859 taceret.
792 1830 838 1859 Ex

132 1872 330 1902 abundantia
354 1873 458 1903 cordis
482 1882 517 1904 os
541 1875 684 1904 locutum
700 1875 766 1913 est,
782 1876 838 1905 sed

133 1925 196 1947 non
210 1926 266 1956 pro
282 1919 489 1949 abundantia.
499 1920 642 1950 HABENT
655 1929 728 1950 suas
742 1930 837 1952 voces

132 1964 287 2002 affectus,
305 1973 363 2002 per
387 1974 466 2004 quas
488 1974 540 2003 se,
557 1966 656 1996 etiam
683 1975 757 1996 cum
780 1977 837 1998 no-

133 2010 224 2047 lunt,
252 2011 391 2048 produnt
418 2020 426 2039 :
453 2012 551 2041 timor
580 2011 693 2051 (verbi
723 2013 835 2054 causa)

132 2055 357 2094 meticulosaS,
383 2057 473 2086 dolor
494 2058 733 2097 gemebundas,
749 2067 837 2089 amor

129 2100 299 2138 jucundas.
330 2103 493 2141 Numquid
521 2103 702 2134 dolentium
728 2106 838 2143 planc—

131 2149 200 2184 ωε,
215 2149 467 2178 moerentiumve
489 2149 648 2187 singultus
663 2152 715 2181 vel
734 2152 837 2188 gemi-

129 2193 197 2231 tus,
214 2201 456 2232 percussorum,
476 2195 621 2234 itemque
646 2199 834 2234 paventium

131 2239 253 2268 subitas
277 2242 310 2269 et
334 2241 481 2270 efferatas
506 2243 760 2281 clamitationes,
777 2253 835 2274 seu

131 2284 229 2313 etiam
258 2286 472 2316 saturatorum
501 2290 638 2325 ructus,
667 2288 723 2318 aut
758 2298 834 2320 usus

131 2331 238 2368 creat,
256 2331 311 2360 aut
326 2332 406 2361 ratio
420 2333 558 2370 excitat,
575 2335 630 2363 aut
643 2335 834 2366 deliberatio

131 2375 275 2413 ordinat,
285 2377 339 2405 aut
352 2378 589 2413 praemeditatio
602 2379 778 2417 seruiat?Ej
785 2391 834 2411 us-

131 2421 216 2451 modi
252 2422 377 2451 certum
405 2424 471 2459 est,
503 2432 566 2452 non
594 2426 675 2453 nutu
702 2426 832 2462 prodire

130 2468 247 2505 animi,
261 2468 316 2498 sed
330 2477 501 2507 erumpere
514 2472 614 2500 motu.
629 2471 681 2500 Sic
694 2471 832 2510 flagrans

129 2522 165 2543 ae
181 2514 358 2544 vehemens
370 2523 458 2545 amor
469 2537 478 2553 ,
492 2517 673 2553 praesertim
689 2517 831 2558 divinus,

129 2567 202 2588 cum
231 2568 264 2589 se
290 2560 374 2589 intra
398 2569 431 2590 se
459 2561 611 2591 cohibere
638 2571 701 2592 non
725 2564 831 2602 valet,

127 2612 193 2635 non
219 2605 374 2643 attendIt,
400 2615 464 2644 quo
490 2607 622 2646 ordine,
650 2616 712 2646 qua
740 2610 830 2649 lege,

128 2658 232 2688 quave
261 2653 347 2681 serie
378 2660 435 2682 seu
463 2654 627 2691 paucitate
658 2654 829 2685 verborum

126 2696 281 2735 ebulliat,
298 2697 470 2728 dummodo
492 2707 531 2728 ex
557 2699 614 2730 boc
637 2701 763 2729 nullum
779 2701 827 2730 sui

872 1552 993 1591 quippe
1012 1554 1126 1583 eodem
1150 1554 1276 1592 repleta
1301 1554 1428 1592 spiritu.
1445 1556 1580 1586 Dilectus

872 1608 956 1629 meus
971 1600 1049 1629 vu't'n'
1057 1622 1066 1637 ‚
1089 1602 1117 1630 et
1131 1609 1185 1638 eqo
1206 1600 1260 1630 illi.
1276 1600 1364 1629 Nihil
1380 1609 1580 1639 consequen*

873 1646 925 1674 tiae
950 1646 1068 1683 habet,
1085 1645 1177 1676 deest
1204 1645 1354 1675 orationi.
1371 1646 1455 1682 Quid
1481 1647 1578 1677 inde?

872 1690 994 1721 Ructus
1024 1692 1083 1721 est.
1113 1691 1198 1728 Quid
1225 1692 1260 1720 tu
1275 1690 1308 1720 in
1334 1691 1430 1721 ructu
1458 1694 1577 1730 quaeris

871 1736 1054 1766 orationum
1067 1737 1236 1774 juncturas
1249 1758 1258 1773 ,
1275 1736 1430 1766 solemnia
1459 1737 1578 1768 dictio-

871 1782 968 1812 num?
983 1784 1067 1820 Quas
1083 1784 1118 1812 tu
1130 1784 1184 1813 tuo
1200 1783 1307 1813 ructui
1323 1784 1412 1820 leges
1423 1783 1576 1823 imponis,

871 1829 923 1858 vel
938 1828 1092 1867 regulas?
1107 1830 1175 1859 Non
1189 1828 1308 1866 recipit
1322 1829 1412 1858 tuam
1428 1829 1576 1860 modera-

870 1873 1012 1913 tionem,
1038 1883 1104 1904 non
1125 1882 1142 1903 a
1167 1875 1200 1905 te
1227 1874 1495 1913 compositionem
1520 1884 1575 1905 ex-

870 1921 1013 1959 spectat,
1039 1929 1104 1950 non
1128 1920 1410 1958 commoditatem,
1437 1929 1501 1950 non
1517 1930 1575 1960 op-

870 1966 1105 2003 portunitatem
1132 1966 1358 2004 requirit.Per
1372 1974 1406 1996 se
1428 1975 1471 1996 ex
1494 1967 1573 1998 inti-

869 2012 948 2050 mis,
973 2021 1037 2042 non
1063 2012 1157 2042 modo
1185 2020 1258 2042 cum
1284 2020 1349 2041 non
1374 2011 1516 2049 vis,sed
1540 2014 1575 2043 et

869 2066 941 2087 cum
970 2059 1077 2088 nescis
1089 2080 1097 2095 ,
1126 2058 1285 2095 erumpit,
1312 2058 1441 2087 evulsus
1466 2058 1574 2096 potius

868 2112 964 2141 quam
993 2104 1138 2134 emissus,
1165 2104 1286 2132 Tamen
1313 2103 1444 2133 odorem
1466 2105 1575 2141 portat

867 2150 995 2187 ructus,
1012 2150 1204 2188 quandoque
1221 2150 1338 2178 bonum
1353 2170 1362 2186 ,
1380 2149 1573 2188 quandoque

868 2196 989 2225 malum
1001 2219 1009 2233 ,
1024 2204 1082 2234 pro
1105 2203 1254 2225 vasorum
1265 2217 1274 2232 ,
1292 2203 1309 2224 e
1325 2195 1443 2233 quibus
1459 2203 1573 2225 ascen-

867 2241 932 2278 dit,
963 2242 1133 2271 ‹rontrariis
1169 2241 1392 2279 qualitatibus.
1424 2241 1572 2279 Denique

867 2286 968 2318 bonus
982 2287 1076 2317 bomo
1093 2287 1132 2317 de
1148 2287 1231 2316 bono
1248 2287 1399 2316 thesauro
1422 2295 1478 2316 suo
1497 2295 1571 2325 pro-

867 2336 930 2365 fert
953 2336 1094 2371 bonum,
1112 2334 1146 2363 et
1168 2333 1272 2363 malus
1297 2333 1430 2362 malum.
1448 2333 1570 2362 Bonum

866 2391 921 2411 vas
936 2389 1051 2419 sponsa
1072 2380 1201 2410 Domini
1217 2379 1301 2416 mei,
1318 2380 1351 2408 et
1366 2379 1468 2408 bonus
1487 2378 1567 2407 milii

866 2428 942 2457 odor
955 2436 996 2457 ex
1014 2427 1081 2455 illa.

875 2464 885 2480 ”
905 2474 936 2503 5.
962 2473 1087 2502 Gratias
1113 2480 1170 2509 ago
1195 2470 1275 2506 tibi,
1304 2468 1441 2498 Domine
1469 2468 1563 2505 Jesu,

864 2519 918 2558 qui
935 2528 988 2549 me
1004 2519 1152 2556 dignatus
1165 2526 1198 2547 es
1211 2515 1381 2546 admittere
1396 2513 1511 2542 saltem
1527 2513 1566 2540 ad

865 2565 1074 2595 adorandum.
1092 2564 1137 2593 Ita
1152 2561 1287 2592 Domine
1298 2581 1306 2596 ,
1322 2566 1395 2587 nam
1409 2559 1442 2586 et
1457 2557 1564 2586 catelli

865 2610 963 2640 edunt
979 2610 1018 2640 de
1040 2609 1154 2644 micis,
1171 2615 1242 2645 quae
1265 2604 1384 2633 cadunt
1399 2602 1437 2631 de
1455 2610 1565 2630 mensa

864 2654 1067 2692 dominorum
1083 2660 1226 2683 suorum.
1240 2650 1316 2679 Mihi
1328 2671 1336 2686 ,
1348 2648 1467 2685 fateor,
1480 2649 1563 2677 bene.

864 2702 990 2731 redolet
1017 2701 1129 2731 ructus
1150 2697 1277 2726 dilectae
1293 2695 1425 2762 tumbali·
1439 2693 1478 2724 de
1495 2695 1566 2733 ple—
