1846 3078
265 220 326 250 574

263 281 334 306 ⁴tum
349 276 410 314 est,
425 276 558 313 gratiam
574 276 690 307 cedere
700 276 747 306 illi
759 283 891 306 necesse
904 273 964 303 est.

262 322 363 352 Deest
376 322 665 361 gratiae,quicquid
675 322 802 351 meritis
817 320 963 357 deputas.

263 367 356 398 Νοιο
370 368 537 407 meritum,
549 368 635 406 quod
646 367 782 406 gratiam
798 364 962 395 excludat.

263 414 386 443 Horreo
414 413 571 453 quicquid
596 413 637 443 de
662 419 736 441 meo
762 410 882 448 est‚ut
903 410 964 439 sim

262 466 381 489 meus:
397 458 462 489 nisi
492 459 577 497 quod
595 457 678 487 illud
703 456 805 493 magis
830 455 964 485 forsitan

262 512 371 534 meum
383 505 444 543 est,
459 504 544 543 quod
563 511 616 532 me
628 510 737 531 meum
750 500 840 530 facit.
856 500 965 530 Gratia
982 527 984 548 ;

261 549 368 581 reddit
389 558 443 580 me
465 549 546 579 mihi
560 547 772 586 justificatum
793 547 892 584 gratis
906 568 915 583 ,
933 547 965 576 et

261 595 308 624 sic
323 595 497 625 liberatum
521 602 539 624 a
561 593 720 622 servitute
742 593 880 630 peccati.
902 593 966 621 De-

260 640 361 678 nique
375 641 431 670 ubi
448 639 593 677 spiritus,
609 638 655 667 ibi
671 637 818 667 libertas.

301 687 352 716 Η.
381 686 405 714 O
434 685 557 714 fatuam
581 691 730 722 sponsam
752 683 964 720 Synagogam‚

260 740 333 770 quae
348 732 558 760 contemnens
573 729 634 759 Dei
657 729 819 766 justitiam
832 750 842 765 ,
858 727 892 756 id
918 727 966 755 est
982 732 984 772 J,

260 777 396 815 gratiam
408 775 518 813 sponsi
534 775 598 812 sui,
614 776 648 805 et
661 783 751 805 suam
763 774 876 804 volens
889 780 966 802 con-
982 778 983 783 ¹

259 823 408 859 stituere,
422 821 560 858 justitiae
583 821 642 850 Dei
656 829 721 850 nou
738 821 786 850 est
805 819 963 856 subjecta.

260 868 306 896 (lb
322 867 382 897 hoc
395 867 691 904 miserarepudiata
705 867 766 903 est,
779 866 811 895 et
823 865 888 902 jam
900 871 964 893 nou
980 890 983 916 4

261 914 308 943 e2t
331 921 464 951 sponsa,
487 912 545 942 sed
566 912 728 949 Ecclesia,
745 912 796 941 cui
819 911 963 940 dicitur:

259 961 449 997 Desponsavi
474 961 500 988 te
524 959 603 988 milii
629 959 660 987 in
687 958 743 994 fide
758 967 767 994 ‚-
790 956 968 994 desponsavi

260 1009 286 1035 re
304 1005 380 1034 milti
400 1005 557 1043 injudicio
575 1006 603 1034 et
626 1004 767 1041 justitia3
791 1001 968 1040 desponsavi

259 1054 287 1080 ie
301 1051 418 1080 4ηιιἸιίὶη
433 1050 645 1080 misericordia
659 1051 686 1079 et
702 1047 964 1079 miserationibus.

258 1097 323 1126 Nec
345 1097 382 1126 tu
407 1104 460 1126 me
480 1096 629 1134 elegisti,
650 1095 707 1125 sed
733 1103 791 1132 ego
812 1093 896 1131 elegi
910 1094 963 1122 te:

260 1151 322 1172 nec
337 1144 374 1172 ut
389 1144 422 1173 te
439 1142 596 1180 eligerem
609 1163 618 1179 ‚
635 1142 690 1171 tua
706 1140 818 1170 inveni
835 1139 965 1175 merita,

259 1188 317 1218 sed
329 1189 487 1226 praeveni.
503 1189 551 1218 lta
566 1196 640 1226 ergo
653 1187 686 1217 in
697 1187 758 1216 {ide
773 1185 966 1224 desponsavi

259 1237 293 1263 te
311 1234 407 1270 mihi,
425 1234 459 1264 et
474 1242 538 1263 non
564 1234 598 1262 in
617 1233 771 1271 operibus
795 1232 877 1269 legis
890 1239 898 1268 ς
912 1230 967 1260 de·

260 1281 477 1318 sponsavique
491 1280 523 1309 in
536 1280 675 1317 justitia,
691 1278 747 1308 sed
756 1277 883 1315 justitia
893 1285 966 1315 quae

261 1326 310 1354 est
326 1333 368 1354 ex
381 1324 534 1362 fide,non
549 1325 687 1362 exlege.
705 1324 818 1353 Restat
832 1321 967 1359 utjudi-

259 1379 315 1400 ces
341 1370 502 1407 judicium
516 1372 643 1400 rectum
671 1369 758 1399 iuter
785 1376 837 1398 me
861 1368 894 1397 et
918 1369 964 1404 te,

258 1416 441 1453 judicium,
466 1416 501 1445 in
522 1424 585 1454 quo
608 1417 641 1445 te
668 1413 878 1453 desponsavi,
908 1413 965 1443 ubi

260 1462 388 1491 constat
411 1461 631 1491 intervenisse
656 1469 721 1490 non
748 1461 840 1489 tuum
866 1459 966 1488 meri-

258 1509 330 1536 tum
342 1527 352 1543 ,
368 1506 425 1535 sed
441 1514 551 1535 meum
566 1505 734 1543 placitum.
755 1505 823 1533 Hoc
845 1505 894 1533 est
908 1512 967 1533 au-

260 1557 327 1582 tem
351 1551 531 1590 judicium,
560 1552 598 1581 ut
613 1552 667 1580 tua
683 1550 802 1579 merita
826 1558 890 1579 non
907 1558 966 1580 ex-

259 1598 376 1634 tollas,
404 1605 469 1626 non
489 1596 643 1635 praet'eras
665 1604 763 1633 opera
786 1596 888 1633 legis,
901 1603 966 1624 non

257 1643 361 1679 jactes
375 1642 502 1680 pondus
518 1642 584 1671 diei
599 1642 632 1671 et
648 1643 745 1671 aestus
756 1663 766 1678 ,
781 1650 852 1678 quae
864 1640 966 1677 magis

259 1689 292 1717 iu
308 1688 370 1717 tide
388 1688 421 1717 et
445 1688 481 1717 iu
505 1687 635 1724 justitia
659 1695 731 1724 quae
757 1687 806 1715 est
827 1694 869 1715 ex
889 1686 964 1723 fide,

258 1742 387 1763 necnon
403 1734 437 1763 in
452 1732 677 1762 misericordia
696 1732 730 1762 et
743 1731 966 1762 miserationi-

258 1780 319 1810 bus
330 1779 474 1809 nosceris
486 1780 692 1816 desponsata.

300 1826 351 1856 12.
377 1827 454 1863 Quae
480 1833 559 1855 vere
588 1832 705 1862 sponsa
734 1824 796 1861 est,
823 1822 966 1861 agnoscit

258 1873 340 1909 ista,
360 1872 393 1901 et
408 1872 579 1908 utramque
604 1870 743 1908 gratiam
769 1869 963 1899 confitetur:

259 1917 365 1955 primo
380 1917 514 1955 quidem
531 1924 602 1946 eam
618 1924 688 1954 quae
701 1916 806 1954 prima
822 1916 889 1953 est,
902 1924 965 1954 qua

259 1965 291 1992 et
308 1963 476 2001 praeventa
498 1964 547 1992 est
563 1963 696 2000 :postea
709 1970 788 1992 vero
807 1962 839 1992 et
852 1962 966 1991 subse-

259 2009 428 2046 quentem.
456 2008 511 2038 Ait
540 2008 654 2046 itaque
688 2016 775 2037 nunc
790 2029 799 2045 ,
828 2009 965 2038 Dilectus

263 2062 344 2083 meus
360 2053 448 2090 onim,
459 2054 486 2082 et
499 2053 622 2090 eqoitli3
638 2052 837 2090 principium
846 2052 965 2082 dilecto

259 2098 419 2128 tribuens.
444 2099 480 2127 Iu
500 2098 778 2136 consequentibus
789 2120 798 2136 ,
814 2100 901 2137 Ego,
914 2098 966 2128 in—

261 2143 349 2180 quit,
366 2145 470 2174 dilecto
484 2153 568 2180 meo,
591 2146 618 2174 et
634 2145 757 2174 dilectus
769 2153 853 2175 meus
871 2144 964 2183 milii,-

261 2190 570 2219 cousummationem
590 2190 641 2218 illi
656 2198 747 2227 aeque
771 2190 963 2220 concedens.

259 2234 350 2263 ‘Nunc
364 2234 431 2271 J'am
454 2235 622 2266 videamus
644 2236 722 2274 quid
743 2236 829 2266 dicat
842 2258 850 2274 ,
866 2238 965 2267 Dilec-
981 2236 983 2268 Ξ

261 2281 310 2309 tus
324 2289 407 2309 nicus
421 2281 507 2310 milei.
526 2282 557 2310 Si
571 2282 659 2310 enim
677 2282 737 2311 hoc
755 2283 914 2321 recipitur
929 2284 966 2313 ut
981 2286 983 2290 ⁴

260 2324 505 2361 subaudiamuS,
518 2325 678 2365 intendit,
694 2328 778 2357 sicut
797 2328 862 2365 jam
878 2328 966 2358 dixi·
980 2335 983 2380 Ι

260 2378 333 2399 mus
343 2391 353 2406 ,
366 2370 400 2399 et
414 2370 499 2399 sieut
512 2371 673 2408 Propheta
695 2373 758 2410 ait,
773 2375 966 2412 Erspectans

261 2417 435 2453 exspectavi·
454 2417 623 2446 Dominum
637 2439 647 2454 ,
667 2420 694 2448 et
715 2420 844 2449 intemlz‘t
865 2421 964 2450 mihi:

262 2469 322 2498 ego
338 2460 371 2490 in
386 2460 486 2490 verbo
500 2461 560 2490 isto
574 2462 678 2492 sentio
690 2464 798 2493 nescio
810 2465 890 2502 quid
903 2474 965 2495 non

262 2507 360 2543 plane
378 2507 549 2544 exiguum,
562 2515 623 2536 nec
652 2508 826 2538 mediocris
847 2519 967 2548 praero-

263 2552 391 2590 gativae.
407 2552 470 2582 Sed
486 2561 552 2582 non
567 2553 616 2583 est
630 2553 807 2592 ingerenda
824 2555 966 2593 fatigatis

982 2488 984 2498 l

735 222 766 249 5.
786 222 900 249 BERN
913 220 1019 248 amm
1038 220 1232 247 ABssATls

1000 273 1035 301 in
1049 273 1181 310 longum
1197 281 1205 302 ε
1219 274 1378 304 crastinus
1393 274 1468 305 iude
1483 274 1617 313 incipiat
1631 284 1698 306 ser-

997 325 1062 346 mo.
1091 318 1230 347 Tantum
1257 320 1417 357 orate,ut
1437 320 1477 350 ab
1498 320 1700 350 irruentibus

997 363 1262 401 occupationibus
1290 364 1422 395 interim
1451 366 1612 396 custodiat
1641 374 1700 396 nos

996 408 1098 445 gratia
1118 409 1151 438 et
1171 409 1392 441 misericordia
1409 412 1525 450 Sponsi
1550 411 1701 442 Ecclesiae

996 454 1072 483 Jesu
1096 455 1215 484 Christi
1253 456 1383 486 Domini
1410 458 1529 496 nostri,
1559 457 1616 495 qui
1650 459 1701 488 est

996 507 1095 537 super
1109 501 1218 531 omnia
1239 502 1327 532 Deus
1340 503 1531 534 benedictus
1549 504 1584 533 in
1597 512 1700 534 saecu·

996 545 1045 584 la,
1062 553 1170 576 amen.

1152 635 1322 669 SERMO
1357 636 1542 669 LXVIII.

997 703 1147 734 Quomodo
1167 704 1287 736 Sponsus
1307 705 1436 730 Christus
1456 705 1577 730 intendit
1597 713 1700 737 sponsae

1025 741 1171 770 Ecclesiae,
1192 744 1218 765 et
1240 742 1301 765 haec
1319 743 1385 766 illi:
1406 745 1432 765 et
1451 742 1485 766 de
1506 749 1591 772 cura,
1613 750 1699 773 quam

1026 776 1108 800 habet
1129 778 1204 801 Deus
1223 777 1256 801 de
1279 779 1380 803 electis.
1397 778 1471 802 Item
1493 778 1527 802 de
1547 780 1651 804 merito
1672 782 1701 803 ek

1026 812 1131 836 fiducia
1143 813 1281 838 Ecclesiae.

1036 868 1066 897 1.
1080 868 1210 898 AumTE
1225 868 1293 906 jam
1308 869 1394 907 quod
1409 868 1480 899 heri
1496 869 1699 909 distulimus,

996 914 1106 943 audite
1128 914 1280 951 gaudium
1306 923 1415 944 meum
1439 916 1523 953 quod
1544 917 1643 946 sensi.
1660 918 1699 947 Et

996 960 1140 988 vestrum
1153 962 1201 989 est
1218 968 1225 988 :
1244 959 1355 990 audite
1371 961 1561 998 gaudentes.
1583 962 1620 991 In
1633 971 1700 992 uno

997 1004 1095 1034 verbo
1117 1012 1242 1042 sponsae
1265 1005 1351 1034 sensi
1369 1005 1429 1034 hoc
1442 1027 1451 1042 ,
1469 1006 1503 1035 et
1513 1007 1605 1043 quasi
1621 1007 1700 1037 odo-

995 1051 1083 1080 ratus
1095 1050 1262 1087 abscondi,
1276 1059 1314 1080 eo
1327 1050 1421 1080 vobis
1436 1051 1534 1081 hodie
1551 1051 1699 1083 festivius

996 1096 1218 1126 exhibendum
1229 1118 1239 1133 ,
1251 1105 1314 1134 quo
1326 1096 1564 1134 tempestivius.
1578 1097 1699 1136 Sponsa

996 1143 1101 1172 locuta
1117 1143 1185 1179 est,
1202 1144 1235 1172 et
1254 1143 1340 1172 dixit
1355 1143 1513 1180 Sponsum
1528 1143 1701 1174 intendero

995 1188 1068 1217 sibi.
1085 1189 1162 1225 Quae
1179 1190 1227 1218 est
1241 1188 1362 1226 Sponsa
1373 1210 1382 1226 ,
1399 1190 1431 1218 et
1443 1188 1515 1226 quis
1531 1189 1578 1218 est
1596 1189 1700 1227 Spon-

995 1233 1066 1263 sus?
1079 1234 1139 1263 Hic
1155 1235 1240 1264 Deus
1252 1235 1362 1264 noster
1377 1235 1425 1264 est
1441 1243 1448 1263 :
1466 1235 1565 1264 etilla
1583 1233 1629 1273 (si
1640 1243 1699 1265 au-

996 1280 1054 1309 deo
1075 1279 1185 1310 dicere
1201 1279 1211 1319 )
1228 1289 1286 1309 nos
1310 1288 1440 1317 sumus,
1468 1288 1542 1309 cum
1573 1281 1699 1319 reliqua

995 1325 1128 1363 quidem
1144 1326 1355 1356 multitudine
1382 1325 1601 1364 captivorum,
1618 1335 1698 1364 quos

996 1372 1064 1409 ipse
1087 1372 1191 1401 novit.
1223 1371 1428 1401 Gaudeamus
1444 1371 1566 1408 :gloria
1589 1377 1699 1401 nostra

996 1418 1064 1448 haec
1093 1418 1141 1447 est
1156 1426 1165 1447 ε
1182 1426 1240 1448 nos
1257 1426 1366 1447 sumus
1391 1417 1426 1446 in
1452 1425 1531 1455 quos
1558 1417 1700 1447 intendit.

994 1464 1094 1493 Deus.
1120 1464 1247 1500 Quanta
1272 1464 1381 1493 tamen
1407 1462 1589 1500 disparitas.
1613 1463 1700 1500 Quid

994 1509 1166 1547 terrigenae
1182 1510 1215 1538 et
1237 1508 1295 1538 filii
1318 1508 1486 1537 hominum
1502 1516 1608 1538 coram
1621 1508 1701 1538 illo?

995 1554 1179 1583 Secundum
1200 1553 1414 1591 Prophetam,
1439 1555 1481 1583 sic
1505 1550 1593 1590 sunt,
1610 1555 1702 1591 quasi

995 1608 1055 1629 non
1071 1601 1149 1636 sint,
1165 1602 1192 1629 et
1208 1601 1297 1637 quasi
1311 1599 1441 1628 nihilum
1457 1600 1484 1628 et
1499 1600 1590 1628 inane
1608 1609 1700 1637 repu-

995 1645 1053 1673 tati
1061 1646 1131 1673 sunt
1143 1646 1180 1673 ei.
1197 1643 1282 1680 Quid
1297 1643 1357 1672 sibi
1375 1651 1451 1681 ergo
1462 1644 1531 1672 vult
1544 1643 1699 1674 istainter

980 1690 1059 1719 ,tam
1090 1689 1234 1726 dispares
1260 1688 1476 1726 comparatio?
1493 1689 1555 1717 Aut
1582 1689 1638 1718 illa
1663 1690 1698 1719 in

995 1733 1190 1763 immensum
1207 1733 1381 1771 gloriatur,
1397 1734 1452 1762 aut
1467 1733 1492 1762 is
1513 1733 1546 1762 in
1559 1733 1699 1764 immen-

994 1788 1065 1808 sum
1081 1781 1178 1809 amat.
1203 1780 1305 1816 Quam
1328 1779 1518 1808 admirabile
1531 1781 1597 1816 est,
1612 1780 1698 1817 quod

995 1825 1083 1854 illius
1105 1824 1323 1854 intentionem
1345 1824 1406 1854 ista
1428 1824 1491 1854 sibi
1516 1825 1607 1862 quasi
1622 1834 1698 1863 pro-

994 1870 1098 1908 priam
1126 1870 1289 1907 vindicat,
1305 1869 1417 1899 dicens
1433 1878 1441 1899 :
1458 1871 1593 1900 Dilectus
1614 1880 1698 1900 meus

995 1916 1090 1945 mihi?
1113 1917 1178 1946 Nec
1203 1924 1241 1945 eo
1265 1916 1416 1945 contenta
1442 1916 1570 1953 tamen,
1592 1917 1698 1954 pergit

994 1962 1131 2000 amplius
1144 1963 1287 2001 gloriari,
1297 1962 1491 1999 respondere
1505 1970 1538 1991 se
1548 1962 1596 1991 illi
1606 1962 1696 2000 quasi

995 2016 1037 2037 ex
1063 2016 1172 2046 aequo,
1203 2016 1328 2038 morem
1357 2015 1492 2045 gerere,
1515 2008 1698 2044 rependere

994 2054 1114 2084 vicem.
1127 2054 1280 2092 Sequitur
1294 2053 1382 2083 enim
1399 2062 1406 2082 :
1420 2054 1460 2083 Et
1475 2062 1527 2091 eqo
1541 2054 1595 2082 illi.
1609 2054 1699 2083 Inso-

995 2101 1064 2130 lens
1079 2101 1216 2130 verbum
1230 2121 1240 2137 ,
1254 2101 1283 2129 ct
1298 2108 1351 2137 eqo
1370 2100 1424 2128 illi.
1442 2099 1508 2129 Nec
1525 2099 1633 2128 minus
1646 2099 1700 2128 in-

995 2147 1118 2184 solens,
1147 2147 1272 2176 dilectus
1296 2154 1382 2175 mens
1407 2143 1584 2174 miltz':nisi
1611 2143 1696 2182 quod

995 2193 1132 2230 utroque
1161 2191 1355 2221 insolentius
1382 2190 1556 2227 utrumque
1585 2189 1694 2219 simul.

1034 2239 1064 2268 2.
1083 2239 1107 2267 O
1124 2238 1203 2276 quid
1217 2237 1317 2266 audet
1341 2244 1396 2265 cor
1410 2243 1529 2273 purum
1540 2257 1549 2272 ,
1571 2236 1603 2264 ot
1620 2243 1697 2264 con·-

996 2282 1132 2312 scientia
1152 2282 1253 2318 bona,
1270 2282 1301 2310 et
1314 2280 1393 2310 fides
1407 2287 1472 2309 non
1497 2279 1587 2308 ficta!
1605 2279 1696 2316 Mihi,

997 2329 1115 2367 inquit,
1132 2328 1283 2358 intendit.
1301 2327 1391 2355 Itane
1409 2325 1485 2355 huic
1505 2325 1632 2354 intenta
1648 2326 1698 2355 est:

996 2376 1051 2405 illa
1067 2375 1229 2412 majestas,
1243 2373 1295 2403 cui
1307 2372 1500 2410 gubernatio
1516 2371 1640 2409 pariter
1663 2371 1698 2401 et

996 2420 1234 2451 administratio
1264 2418 1490 2449 universitatis
1516 2416 1694 2454 incumbit3

997 2470 1030 2498 et
1045 2476 1120 2498 cura
1136 2467 1326 2497 saeculorum
1351 2465 1390 2494 ad
1412 2465 1478 2494 sola
1500 2463 1698 2493 transfertur

997 2513 1139 2551 negotia,
1156 2512 1252 2541 immo
1268 2511 1333 2540 otia
1355 2509 1473 2540 amoris
1489 2510 1521 2538 et
1541 2507 1696 2537 desiderii

999 2557 1116 2594 hujus?
1132 2558 1178 2587 Ita
1190 2557 1298 2595 plane.
1315 2557 1385 2594 Ipsa
1394 2555 1441 2585 est
1456 2554 1542 2583 enim
1554 2551 1695 2581 Ecclesia

264 2598 396 2628 auribus
411 2599 444 2628 et
454 2598 620 2629 mentibus
632 2607 684 2629 res
698 2599 785 2629 omni
798 2600 965 2632 alacritate
1001 2604 1194 2640 electorum,
1221 2602 1261 2632 de
1283 2602 1400 2639 quibus
1414 2599 1581 2638 Apostolus
1597 2605 1605 2625 :
1623 2597 1697 2626 Om-

263 2644 374 2683 digna.
392 2644 424 2675 Si
437 2653 500 2675 non
515 2645 642 2684 gravat,
656 2645 836 2684 differatur,
852 2648 885 2677 et
902 2655 966 2677 non
1001 2651 1052 2679 nia.
1064 2671 1073 2686 ,
1090 2649 1217 2687 inquit,
1232 2650 1356 2687 propter
1371 2648 1487 2678 electos.
1509 2644 1547 2674 Et
1568 2643 1619 2674 cui
1639 2642 1697 2673 du<-
