<?xml version="1.0" encoding="UTF-8"?>
<!DOCTYPE html PUBLIC "-//W3C//DTD XHTML 1.0 Transitional//EN"
    "http://www.w3.org/TR/xhtml1/DTD/xhtml1-transitional.dtd">
<html xmlns="http://www.w3.org/1999/xhtml" xml:lang="en" lang="en">
 <head>
  <title>
</title>
<meta http-equiv="Content-Type" content="text/html;charset=utf-8" />
  <meta name='ocr-system' content='tesseract 3.04.00' />
  <meta name='ocr-capabilities' content='ocr_page ocr_carea ocr_par ocr_line ocrx_word'/>
</head>
<body>
  <div class='ocr_page' id='page_1' title='image "./operagenuinajuxt03bernuoft/operagenuinajuxt03bernuoft_0436.png"; bbox 0 0 1846 3078; ppageno 0'>
   <div class='ocr_carea' id='block_1_1' title="bbox 259 220 319 251">
    <p class='ocr_par' dir='ltr' id='par_1_1' title="bbox 259 220 319 251">
     <span class='ocr_line' id='line_1_1' title="bbox 259 220 319 251; baseline 0.033 -2"><span class='ocrx_word' id='word_1_1' title='bbox 259 220 319 251; x_wconf 64' lang='lat'>1226</span> 
     </span>
    </p>
   </div>
   <div class='ocr_carea' id='block_1_2' title="bbox 725 223 1237 252">
    <p class='ocr_par' dir='ltr' id='par_1_2' title="bbox 725 223 1237 252">
     <span class='ocr_line' id='line_1_2' title="bbox 725 223 1237 252; baseline -0.002 0"><span class='ocrx_word' id='word_1_2' title='bbox 725 224 756 252; x_wconf 85' lang='grc'>8.</span> <span class='ocrx_word' id='word_1_3' title='bbox 776 223 1019 252; x_wconf 75' lang='lat' dir='ltr'><strong>BERNARDI</strong></span> <span class='ocrx_word' id='word_1_4' title='bbox 1042 224 1237 251; x_wconf 64' lang='lat' dir='ltr'>ABBATlS</span> 
     </span>
    </p>
   </div>
   <div class='ocr_carea' id='block_1_3' title="bbox 258 276 1697 364">
    <p class='ocr_par' dir='ltr' id='par_1_3' title="bbox 258 276 1697 364">
     <span class='ocr_line' id='line_1_3' title="bbox 258 276 1697 321; baseline 0.003 -15"><span class='ocrx_word' id='word_1_5' title='bbox 258 286 344 307; x_wconf 85' lang='lat' dir='ltr'>mam</span> <span class='ocrx_word' id='word_1_6' title='bbox 356 276 474 317; x_wconf 88' lang='lat' dir='ltr'>verbo,</span> <span class='ocrx_word' id='word_1_7' title='bbox 490 285 564 308; x_wconf 88' lang='lat' dir='ltr'>cum</span> <span class='ocrx_word' id='word_1_8' title='bbox 589 277 642 308; x_wconf 90' lang='lat' dir='ltr'>cui</span> <span class='ocrx_word' id='word_1_9' title='bbox 664 278 820 308; x_wconf 83' lang='lat' dir='ltr'>videlicet</span> <span class='ocrx_word' id='word_1_10' title='bbox 845 276 960 305; x_wconf 83' lang='lat' dir='ltr'>similis</span> <span class='ocrx_word' id='word_1_11' title='bbox 997 276 1033 306; x_wconf 89' lang='lat' dir='ltr'>ut</span> <span class='ocrx_word' id='word_1_12' title='bbox 1048 277 1222 315; x_wconf 83' lang='lat' dir='ltr'>Dominus,</span> <span class='ocrx_word' id='word_1_13' title='bbox 1247 277 1397 308; x_wconf 83' lang='lat' dir='ltr'>honorari</span> <span class='ocrx_word' id='word_1_14' title='bbox 1420 279 1453 309; x_wconf 87' lang='lat' dir='ltr'>ut</span> <span class='ocrx_word' id='word_1_15' title='bbox 1478 279 1571 310; x_wconf 84' lang='lat' dir='ltr'>Pater</span> <span class='ocrx_word' id='word_1_16' title='bbox 1582 302 1595 321; x_wconf 26' lang='grc' dir='ltr'>,ι</span> <span class='ocrx_word' id='word_1_17' title='bbox 1614 280 1647 311; x_wconf 85' lang='lat' dir='ltr'>et</span> <span class='ocrx_word' id='word_1_18' title='bbox 1663 280 1697 310; x_wconf 82' lang='lat' dir='ltr'>ut</span> 
     </span>
     <span class='ocr_line' id='line_1_4' title="bbox 259 321 1697 364; baseline 0.002 -11"><span class='ocrx_word' id='word_1_19' title='bbox 259 323 309 353; x_wconf 70' lang='lat' dir='ltr'>est</span> <span class='ocrx_word' id='word_1_20' title='bbox 323 332 383 362; x_wconf 89' lang='lat' dir='ltr'>per</span> <span class='ocrx_word' id='word_1_21' title='bbox 396 324 564 362; x_wconf 84' lang='lat' dir='ltr'>naturam,</span> <span class='ocrx_word' id='word_1_22' title='bbox 580 324 721 354; x_wconf 80' lang='lat' dir='ltr'>similem</span> <span class='ocrx_word' id='word_1_23' title='bbox 745 322 961 352; x_wconf 84' lang='lat' dir='ltr'>nihilominus</span> <span class='ocrx_word' id='word_1_24' title='bbox 996 321 1138 359; x_wconf 84' lang='lat' dir='ltr'>Sponsus</span> <span class='ocrx_word' id='word_1_25' title='bbox 1163 322 1276 352; x_wconf 78' lang='lat' dir='ltr'>amari.</span> <span class='ocrx_word' id='word_1_26' title='bbox 1300 325 1384 361; x_wconf 87' lang='lat' dir='ltr'>Quid</span> <span class='ocrx_word' id='word_1_27' title='bbox 1412 324 1445 354; x_wconf 90' lang='grc'>111</span> <span class='ocrx_word' id='word_1_28' title='bbox 1473 325 1523 355; x_wconf 89' lang='grc'>1115</span> <span class='ocrx_word' id='word_1_29' title='bbox 1546 327 1697 364; x_wconf 85' lang='lat' dir='ltr'>praestat,</span> 
     </span>
    </p>
   </div>
   <div class='ocr_carea' id='block_1_4' title="bbox 255 365 961 678">
    <p class='ocr_par' dir='ltr' id='par_1_4' title="bbox 255 365 961 678">
     <span class='ocr_line' id='line_1_5' title="bbox 259 365 961 406; baseline -0.006 -9"><span class='ocrx_word' id='word_1_30' title='bbox 259 367 321 406; x_wconf 85' lang='lat' dir='ltr'>ipsi</span> <span class='ocrx_word' id='word_1_31' title='bbox 347 375 381 397; x_wconf 89' lang='lat' dir='ltr'>se</span> <span class='ocrx_word' id='word_1_32' title='bbox 405 368 541 398; x_wconf 83' lang='lat' dir='ltr'>exhibet</span> <span class='ocrx_word' id='word_1_33' title='bbox 565 376 625 406; x_wconf 90' lang='lat' dir='ltr'>per</span> <span class='ocrx_word' id='word_1_34' title='bbox 646 367 866 402; x_wconf 84' lang='lat' dir='ltr'>voluntatem,</span> <span class='ocrx_word' id='word_1_35' title='bbox 885 365 961 394; x_wconf 85' lang='lat' dir='ltr'>dili-</span> 
     </span>
     <span class='ocr_line' id='line_1_6' title="bbox 260 409 960 451; baseline -0.004 -9"><span class='ocrx_word' id='word_1_36' title='bbox 260 421 336 451; x_wconf 85' lang='lat' dir='ltr'>gens</span> <span class='ocrx_word' id='word_1_37' title='bbox 350 414 434 444; x_wconf 88' lang='lat' dir='ltr'>sicut</span> <span class='ocrx_word' id='word_1_38' title='bbox 455 413 574 443; x_wconf 84' lang='lat' dir='ltr'>dilecta</span> <span class='ocrx_word' id='word_1_39' title='bbox 592 414 651 443; x_wconf 89' lang='lat' dir='ltr'>est.</span> <span class='ocrx_word' id='word_1_40' title='bbox 667 413 746 449; x_wconf 79' lang='lat' dir='ltr'>Ergo</span> <span class='ocrx_word' id='word_1_41' title='bbox 772 411 799 441; x_wconf 86' lang='lat' dir='ltr'>si</span> <span class='ocrx_word' id='word_1_42' title='bbox 814 409 960 448; x_wconf 80' lang='lat' dir='ltr'>perfecte</span> 
     </span>
     <span class='ocr_line' id='line_1_7' title="bbox 259 456 960 498; baseline -0.006 -9"><span class='ocrx_word' id='word_1_43' title='bbox 259 459 385 498; x_wconf 82' lang='lat' dir='ltr'>diligit,</span> <span class='ocrx_word' id='word_1_44' title='bbox 400 460 523 497; x_wconf 83' lang='lat' dir='ltr'>nupsit.</span> <span class='ocrx_word' id='word_1_45' title='bbox 539 458 623 496; x_wconf 85' lang='lat' dir='ltr'>Quid</span> <span class='ocrx_word' id='word_1_46' title='bbox 644 458 703 486; x_wconf 85' lang='lat' dir='ltr'>hac</span> <span class='ocrx_word' id='word_1_47' title='bbox 731 456 960 486; x_wconf 82' lang='lat' dir='ltr'>conformitate</span> 
     </span>
     <span class='ocr_line' id='line_1_8' title="bbox 255 502 961 543; baseline -0.006 -8"><span class='ocrx_word' id='word_1_48' title='bbox 255 505 535 543; x_wconf 64' lang='lat' dir='ltr'>jucundius2quid</span> <span class='ocrx_word' id='word_1_49' title='bbox 548 503 724 542; x_wconf 81' lang='lat' dir='ltr'>optabilius</span> <span class='ocrx_word' id='word_1_50' title='bbox 737 502 885 540; x_wconf 85' lang='lat' dir='ltr'>caritate,</span> <span class='ocrx_word' id='word_1_51' title='bbox 898 510 961 540; x_wconf 89' lang='lat' dir='ltr'>qua</span> 
     </span>
     <span class='ocr_line' id='line_1_9' title="bbox 257 549 959 588; baseline -0.006 -7"><span class='ocrx_word' id='word_1_52' title='bbox 257 550 316 588; x_wconf 79' lang='lat' dir='ltr'>fit,</span> <span class='ocrx_word' id='word_1_53' title='bbox 341 551 379 580; x_wconf 86' lang='lat' dir='ltr'>ut</span> <span class='ocrx_word' id='word_1_54' title='bbox 404 552 544 580; x_wconf 88' lang='lat' dir='ltr'>humano</span> <span class='ocrx_word' id='word_1_55' title='bbox 574 549 761 585; x_wconf 79' lang='lat' dir='ltr'>magisterio</span> <span class='ocrx_word' id='word_1_56' title='bbox 786 556 852 578; x_wconf 93' lang='lat' dir='ltr'>non</span> <span class='ocrx_word' id='word_1_57' title='bbox 882 556 959 577; x_wconf 88' lang='lat' dir='ltr'>con-</span> 
     </span>
     <span class='ocr_line' id='line_1_10' title="bbox 256 594 961 634; baseline -0.004 -8"><span class='ocrx_word' id='word_1_58' title='bbox 256 596 345 626; x_wconf 89' lang='lat' dir='ltr'>tenta</span> <span class='ocrx_word' id='word_1_59' title='bbox 359 619 367 634; x_wconf 72' lang='grc'>.</span> <span class='ocrx_word' id='word_1_60' title='bbox 384 605 442 633; x_wconf 79' lang='lat' dir='ltr'>per</span> <span class='ocrx_word' id='word_1_61' title='bbox 457 595 575 632; x_wconf 86' lang='lat' dir='ltr'>temet,</span> <span class='ocrx_word' id='word_1_62' title='bbox 588 603 606 624; x_wconf 94' lang='lat' dir='ltr'>o</span> <span class='ocrx_word' id='word_1_63' title='bbox 621 594 727 624; x_wconf 85' lang='lat' dir='ltr'>anima</span> <span class='ocrx_word' id='word_1_64' title='bbox 739 616 748 632; x_wconf 88' lang='lat'>,</span> <span class='ocrx_word' id='word_1_65' title='bbox 763 594 961 624; x_wconf 87' lang='lat' dir='ltr'>fiducialiter</span> 
     </span>
     <span class='ocr_line' id='line_1_11' title="bbox 255 640 961 678; baseline -0.004 -6"><span class='ocrx_word' id='word_1_66' title='bbox 255 642 387 672; x_wconf 79' lang='lat' dir='ltr'>accedas</span> <span class='ocrx_word' id='word_1_67' title='bbox 406 641 445 670; x_wconf 85' lang='lat' dir='ltr'>ad</span> <span class='ocrx_word' id='word_1_68' title='bbox 460 640 601 670; x_wconf 65' lang='lat' dir='ltr'>Verbum</span> <span class='ocrx_word' id='word_1_69' title='bbox 613 662 622 678; x_wconf 87' lang='lat'>,</span> <span class='ocrx_word' id='word_1_70' title='bbox 644 640 751 669; x_wconf 70' lang='lat' dir='ltr'>Verbo</span> <span class='ocrx_word' id='word_1_71' title='bbox 776 641 961 670; x_wconf 81' lang='lat' dir='ltr'>constanter</span> 
     </span>
    </p>
   </div>
   <div class='ocr_carea' id='block_1_5' title="bbox 995 367 1699 590">
    <p class='ocr_par' dir='ltr' id='par_1_5' title="bbox 995 367 1699 590">
     <span class='ocr_line' id='line_1_12' title="bbox 996 367 1697 409; baseline 0.009 -14"><span class='ocrx_word' id='word_1_72' title='bbox 996 367 1074 404; x_wconf 85' lang='lat' dir='ltr'>quid</span> <span class='ocrx_word' id='word_1_73' title='bbox 1090 368 1232 398; x_wconf 76' lang='lat' dir='ltr'>eminet?</span> <span class='ocrx_word' id='word_1_74' title='bbox 1247 369 1366 406; x_wconf 67' lang='lat' dir='ltr'>Nempe</span> <span class='ocrx_word' id='word_1_75' title='bbox 1379 378 1477 400; x_wconf 88' lang='lat' dir='ltr'>amor.</span> <span class='ocrx_word' id='word_1_76' title='bbox 1494 370 1621 409; x_wconf 87' lang='lat' dir='ltr'>Absque</span> <span class='ocrx_word' id='word_1_77' title='bbox 1637 371 1697 401; x_wconf 87' lang='lat' dir='ltr'>hoc</span> 
     </span>
     <span class='ocr_line' id='line_1_13' title="bbox 997 412 1695 453; baseline 0.007 -12"><span class='ocrx_word' id='word_1_78' title='bbox 997 412 1030 441; x_wconf 85' lang='lat' dir='ltr'>et</span> <span class='ocrx_word' id='word_1_79' title='bbox 1049 412 1148 442; x_wconf 88' lang='lat' dir='ltr'>timor</span> <span class='ocrx_word' id='word_1_80' title='bbox 1171 422 1300 451; x_wconf 80' lang='lat' dir='ltr'>poenam</span> <span class='ocrx_word' id='word_1_81' title='bbox 1317 414 1434 453; x_wconf 79' lang='lat' dir='ltr'>habet,</span> <span class='ocrx_word' id='word_1_82' title='bbox 1450 416 1483 446; x_wconf 86' lang='lat' dir='ltr'>et</span> <span class='ocrx_word' id='word_1_83' title='bbox 1508 416 1610 446; x_wconf 90' lang='lat' dir='ltr'>honor</span> <span class='ocrx_word' id='word_1_84' title='bbox 1632 425 1695 446; x_wconf 91' lang='lat' dir='ltr'>nou</span> 
     </span>
     <span class='ocr_line' id='line_1_14' title="bbox 996 457 1699 500; baseline 0.006 -14"><span class='ocrx_word' id='word_1_85' title='bbox 996 457 1094 487; x_wconf 83' lang='lat' dir='ltr'>habet</span> <span class='ocrx_word' id='word_1_86' title='bbox 1103 459 1251 496; x_wconf 80' lang='lat' dir='ltr'>gratiam.</span> <span class='ocrx_word' id='word_1_87' title='bbox 1260 460 1395 489; x_wconf 77' lang='lat' dir='ltr'>servilis</span> <span class='ocrx_word' id='word_1_88' title='bbox 1411 462 1458 491; x_wconf 88' lang='lat' dir='ltr'>est</span> <span class='ocrx_word' id='word_1_89' title='bbox 1470 462 1578 500; x_wconf 86' lang='lat' dir='ltr'>timor,</span> <span class='ocrx_word' id='word_1_90' title='bbox 1588 470 1699 500; x_wconf 79' lang='lat' dir='ltr'>quam-</span> 
     </span>
     <span class='ocr_line' id='line_1_15' title="bbox 995 503 1698 537; baseline 0.007 -5"><span class='ocrx_word' id='word_1_91' title='bbox 995 503 1052 532; x_wconf 88' lang='lat' dir='ltr'>diu</span> <span class='ocrx_word' id='word_1_92' title='bbox 1074 504 1113 533; x_wconf 89' lang='lat' dir='ltr'>ab</span> <span class='ocrx_word' id='word_1_93' title='bbox 1145 512 1254 535; x_wconf 86' lang='lat' dir='ltr'>amore</span> <span class='ocrx_word' id='word_1_94' title='bbox 1279 513 1344 534; x_wconf 91' lang='lat' dir='ltr'>non</span> <span class='ocrx_word' id='word_1_95' title='bbox 1382 507 1633 537; x_wconf 79' lang='lat' dir='ltr'>manumittitur.</span> <span class='ocrx_word' id='word_1_96' title='bbox 1659 508 1698 536; x_wconf 87' lang='lat' dir='ltr'>Et</span> 
     </span>
     <span class='ocr_line' id='line_1_16' title="bbox 995 549 1697 590; baseline 0.006 -12"><span class='ocrx_word' id='word_1_97' title='bbox 995 549 1052 587; x_wconf 89' lang='lat' dir='ltr'>qui</span> <span class='ocrx_word' id='word_1_98' title='bbox 1065 549 1104 579; x_wconf 90' lang='lat' dir='ltr'>de</span> <span class='ocrx_word' id='word_1_99' title='bbox 1122 558 1231 580; x_wconf 87' lang='lat' dir='ltr'>amore</span> <span class='ocrx_word' id='word_1_100' title='bbox 1245 559 1309 580; x_wconf 91' lang='lat' dir='ltr'>non</span> <span class='ocrx_word' id='word_1_101' title='bbox 1324 551 1415 581; x_wconf 85' lang='lat' dir='ltr'>venit</span> <span class='ocrx_word' id='word_1_102' title='bbox 1427 552 1540 590; x_wconf 87' lang='lat' dir='ltr'>honor,</span> <span class='ocrx_word' id='word_1_103' title='bbox 1557 561 1621 582; x_wconf 90' lang='lat' dir='ltr'>nou</span> <span class='ocrx_word' id='word_1_104' title='bbox 1636 553 1697 582; x_wconf 87' lang='lat' dir='ltr'>ho-</span> 
     </span>
    </p>
   </div>
   <div class='ocr_carea' id='block_1_6' title="bbox 974 596 1698 699">
    <p class='ocr_par' dir='ltr' id='par_1_6' title="bbox 974 596 1698 699">
     <span class='ocr_line' id='line_1_17' title="bbox 974 596 1696 651; baseline 0.007 -28"><span class='ocrx_word' id='word_1_105' title='bbox 974 599 977 651; x_wconf 55' lang='lat'>4*</span> <span class='ocrx_word' id='word_1_106' title='bbox 995 602 1070 633; x_wconf 88' lang='lat' dir='ltr'>nor,</span> <span class='ocrx_word' id='word_1_107' title='bbox 1086 596 1143 625; x_wconf 89' lang='lat' dir='ltr'>sed</span> <span class='ocrx_word' id='word_1_108' title='bbox 1171 596 1397 648; x_wconf 37' lang='lat' dir='ltr'>adulatio-est.</span> <span class='ocrx_word' id='word_1_109' title='bbox 1421 598 1460 626; x_wconf 89' lang='lat' dir='ltr'>Et</span> <span class='ocrx_word' id='word_1_110' title='bbox 1478 598 1611 635; x_wconf 90' lang='lat' dir='ltr'>quidem</span> <span class='ocrx_word' id='word_1_111' title='bbox 1636 598 1696 628; x_wconf 89' lang='lat' dir='ltr'>soli</span> 
     </span>
     <span class='ocr_line' id='line_1_18' title="bbox 974 641 1698 699; baseline 0.006 -30"><span class='ocrx_word' id='word_1_112' title='bbox 974 655 976 699; x_wconf 49' lang='lat'><strong><em>⁴</em></strong></span> <span class='ocrx_word' id='word_1_113' title='bbox 994 641 1062 670; x_wconf 87' lang='lat' dir='ltr'>Deo</span> <span class='ocrx_word' id='word_1_114' title='bbox 1087 641 1190 671; x_wconf 91' lang='lat' dir='ltr'>honor</span> <span class='ocrx_word' id='word_1_115' title='bbox 1205 643 1237 672; x_wconf 90' lang='lat' dir='ltr'>et</span> <span class='ocrx_word' id='word_1_116' title='bbox 1251 643 1353 680; x_wconf 78' lang='lat' dir='ltr'>gloria</span> <span class='ocrx_word' id='word_1_117' title='bbox 1369 651 1377 672; x_wconf 72' lang='grc' dir='ltr'>ε</span> <span class='ocrx_word' id='word_1_118' title='bbox 1404 642 1460 672; x_wconf 85' lang='lat' dir='ltr'>sed</span> <span class='ocrx_word' id='word_1_119' title='bbox 1475 643 1591 673; x_wconf 88' lang='lat' dir='ltr'>horum</span> <span class='ocrx_word' id='word_1_120' title='bbox 1615 651 1698 673; x_wconf 89' lang='lat' dir='ltr'>neu-</span> 
     </span>
    </p>
   </div>
   <div class='ocr_carea' id='block_1_7' title="bbox 255 685 1698 832">
    <p class='ocr_par' dir='ltr' id='par_1_7' title="bbox 255 685 1698 832">
     <span class='ocr_line' id='line_1_19' title="bbox 256 685 1698 736; baseline 0.001 -18"><span class='ocrx_word' id='word_1_121' title='bbox 256 689 432 724; x_wconf 73' lang='lat' dir='ltr'>iuhaereas,</span> <span class='ocrx_word' id='word_1_122' title='bbox 466 686 608 716; x_wconf 61' lang='lat' dir='ltr'>Verbum</span> <span class='ocrx_word' id='word_1_123' title='bbox 643 685 851 715; x_wconf 80' lang='lat' dir='ltr'>familiariter</span> <span class='ocrx_word' id='word_1_124' title='bbox 884 694 977 736; x_wconf 77' lang='lat' dir='ltr'>per·l</span> <span class='ocrx_word' id='word_1_125' title='bbox 994 687 1081 717; x_wconf 88' lang='lat' dir='ltr'>trum</span> <span class='ocrx_word' id='word_1_126' title='bbox 1099 689 1281 726; x_wconf 81' lang='lat' dir='ltr'>acceptabit</span> <span class='ocrx_word' id='word_1_127' title='bbox 1295 689 1400 726; x_wconf 79' lang='lat' dir='ltr'>Deus,</span> <span class='ocrx_word' id='word_1_128' title='bbox 1416 689 1443 718; x_wconf 87' lang='lat' dir='ltr'>si</span> <span class='ocrx_word' id='word_1_129' title='bbox 1459 689 1558 719; x_wconf 86' lang='lat' dir='ltr'>melle</span> <span class='ocrx_word' id='word_1_130' title='bbox 1579 690 1698 720; x_wconf 82' lang='lat' dir='ltr'>amoris</span> 
     </span>
     <span class='ocr_line' id='line_1_20' title="bbox 256 731 1696 790; baseline 0.001 -27"><span class='ocrx_word' id='word_1_131' title='bbox 256 733 435 770; x_wconf 83' lang='lat' dir='ltr'>cuncteris,</span> <span class='ocrx_word' id='word_1_132' title='bbox 467 732 693 770; x_wconf 82' lang='lat' dir='ltr'>consultesque</span> <span class='ocrx_word' id='word_1_133' title='bbox 719 731 759 761; x_wconf 91' lang='lat' dir='ltr'>de</span> <span class='ocrx_word' id='word_1_134' title='bbox 785 731 873 760; x_wconf 84' lang='lat' dir='ltr'>omni</span> <span class='ocrx_word' id='word_1_135' title='bbox 902 739 958 770; x_wconf 78' lang='lat' dir='ltr'>re,</span> <span class='ocrx_word' id='word_1_136' title='bbox 974 737 977 790; x_wconf 49' lang='grc' dir='ltr'>Ι</span> <span class='ocrx_word' id='word_1_137' title='bbox 995 733 1122 764; x_wconf 89' lang='lat' dir='ltr'>condita</span> <span class='ocrx_word' id='word_1_138' title='bbox 1138 742 1203 764; x_wconf 89' lang='lat' dir='ltr'>nou</span> <span class='ocrx_word' id='word_1_139' title='bbox 1220 734 1353 764; x_wconf 84' lang='lat' dir='ltr'>suerint.</span> <span class='ocrx_word' id='word_1_140' title='bbox 1370 736 1399 764; x_wconf 89' lang='lat' dir='ltr'>ls</span> <span class='ocrx_word' id='word_1_141' title='bbox 1422 743 1482 773; x_wconf 90' lang='lat' dir='ltr'>per</span> <span class='ocrx_word' id='word_1_142' title='bbox 1502 743 1537 765; x_wconf 90' lang='lat' dir='ltr'>se</span> <span class='ocrx_word' id='word_1_143' title='bbox 1557 734 1696 773; x_wconf 81' lang='lat' dir='ltr'>sufficit,</span> 
     </span>
     <span class='ocr_line' id='line_1_21' title="bbox 255 777 1696 832; baseline 0.001 -24"><span class='ocrx_word' id='word_1_144' title='bbox 255 779 412 817; x_wconf 86' lang='lat' dir='ltr'>quantum</span> <span class='ocrx_word' id='word_1_145' title='bbox 427 778 596 808; x_wconf 85' lang='lat' dir='ltr'>intellectu</span> <span class='ocrx_word' id='word_1_146' title='bbox 618 786 740 816; x_wconf 81' lang='lat' dir='ltr'>capax,</span> <span class='ocrx_word' id='word_1_147' title='bbox 755 777 883 807; x_wconf 74' lang='lat' dir='ltr'>tantum</span> <span class='ocrx_word' id='word_1_148' title='bbox 902 785 976 832; x_wconf 29' lang='lat' dir='ltr'>:au-ff</span> <span class='ocrx_word' id='word_1_149' title='bbox 994 779 1020 808; x_wconf 91' lang='lat' dir='ltr'>is</span> <span class='ocrx_word' id='word_1_150' title='bbox 1040 788 1100 817; x_wconf 90' lang='lat' dir='ltr'>per</span> <span class='ocrx_word' id='word_1_151' title='bbox 1121 788 1154 810; x_wconf 89' lang='lat' dir='ltr'>se</span> <span class='ocrx_word' id='word_1_152' title='bbox 1182 781 1312 818; x_wconf 87' lang='lat' dir='ltr'>placet,</span> <span class='ocrx_word' id='word_1_153' title='bbox 1341 781 1374 810; x_wconf 87' lang='lat' dir='ltr'>et</span> <span class='ocrx_word' id='word_1_154' title='bbox 1394 781 1527 819; x_wconf 88' lang='lat' dir='ltr'>propter</span> <span class='ocrx_word' id='word_1_155' title='bbox 1551 789 1597 811; x_wconf 90' lang='lat' dir='ltr'>se.</span> <span class='ocrx_word' id='word_1_156' title='bbox 1624 781 1696 818; x_wconf 84' lang='lat' dir='ltr'>Ipse</span> 
     </span>
    </p>
   </div>
   <div class='ocr_carea' id='block_1_8' title="bbox 255 823 975 869">
    <p class='ocr_par' dir='ltr' id='par_1_8' title="bbox 255 823 975 869">
     <span class='ocr_line' id='line_1_22' title="bbox 255 823 975 869; baseline -0.001 -15"><span class='ocrx_word' id='word_1_157' title='bbox 255 825 319 854; x_wconf 79' lang='lat' dir='ltr'>dax</span> <span class='ocrx_word' id='word_1_158' title='bbox 331 823 511 854; x_wconf 76' lang='lat' dir='ltr'>desiderio?</span> <span class='ocrx_word' id='word_1_159' title='bbox 527 825 611 853; x_wconf 64' lang='lat' dir='ltr'>Vere</span> <span class='ocrx_word' id='word_1_160' title='bbox 628 824 825 861; x_wconf 88' lang='lat' dir='ltr'>spiritualis,</span> <span class='ocrx_word' id='word_1_161' title='bbox 840 823 960 853; x_wconf 82' lang='lat' dir='ltr'>sancti·</span> <span class='ocrx_word' id='word_1_162' title='bbox 974 864 975 869; x_wconf 17' lang='grc'>1</span> 
     </span>
    </p>
   </div>
   <div class='ocr_carea' id='block_1_9' title="bbox 253 869 959 1046">
    <p class='ocr_par' dir='ltr' id='par_1_9' title="bbox 253 869 959 1046">
     <span class='ocr_line' id='line_1_23' title="bbox 253 869 957 908; baseline -0.001 -9"><span class='ocrx_word' id='word_1_163' title='bbox 253 879 316 908; x_wconf 89' lang='lat' dir='ltr'>que</span> <span class='ocrx_word' id='word_1_164' title='bbox 329 870 483 900; x_wconf 89' lang='lat' dir='ltr'>connubii</span> <span class='ocrx_word' id='word_1_165' title='bbox 495 870 678 900; x_wconf 86' lang='lat' dir='ltr'>contractus</span> <span class='ocrx_word' id='word_1_166' title='bbox 689 870 737 899; x_wconf 85' lang='lat' dir='ltr'>est</span> <span class='ocrx_word' id='word_1_167' title='bbox 754 869 828 898; x_wconf 87' lang='lat' dir='ltr'>iste.</span> <span class='ocrx_word' id='word_1_168' title='bbox 841 870 957 898; x_wconf 88' lang='lat' dir='ltr'>Parum</span> 
     </span>
     <span class='ocr_line' id='line_1_24' title="bbox 254 915 959 953; baseline -0.003 -8"><span class='ocrx_word' id='word_1_169' title='bbox 254 916 345 953; x_wconf 82' lang='lat' dir='ltr'>dixi,</span> <span class='ocrx_word' id='word_1_170' title='bbox 363 916 545 946; x_wconf 87' lang='lat' dir='ltr'>contractus</span> <span class='ocrx_word' id='word_1_171' title='bbox 562 924 570 944; x_wconf 89' lang='lat'>:</span> <span class='ocrx_word' id='word_1_172' title='bbox 584 915 773 953; x_wconf 73' lang='lat' dir='ltr'>complexus</span> <span class='ocrx_word' id='word_1_173' title='bbox 790 915 849 944; x_wconf 86' lang='lat' dir='ltr'>est.</span> <span class='ocrx_word' id='word_1_174' title='bbox 866 915 959 944; x_wconf 91' lang='lat' dir='ltr'>Com—</span> 
     </span>
     <span class='ocr_line' id='line_1_25' title="bbox 253 960 957 1000; baseline -0.001 -10"><span class='ocrx_word' id='word_1_175' title='bbox 253 963 371 1000; x_wconf 78' lang='lat' dir='ltr'>plexus</span> <span class='ocrx_word' id='word_1_176' title='bbox 386 962 482 1000; x_wconf 88' lang='lat' dir='ltr'>plane</span> <span class='ocrx_word' id='word_1_177' title='bbox 496 982 505 998; x_wconf 94' lang='lat'>,</span> <span class='ocrx_word' id='word_1_178' title='bbox 521 961 579 990; x_wconf 89' lang='lat' dir='ltr'>ubi</span> <span class='ocrx_word' id='word_1_179' title='bbox 594 960 682 990; x_wconf 90' lang='lat' dir='ltr'>idem</span> <span class='ocrx_word' id='word_1_180' title='bbox 696 961 782 990; x_wconf 83' lang='lat' dir='ltr'>velle</span> <span class='ocrx_word' id='word_1_181' title='bbox 793 981 802 998; x_wconf 92' lang='lat'>,</span> <span class='ocrx_word' id='word_1_182' title='bbox 823 960 857 989; x_wconf 91' lang='lat' dir='ltr'>et</span> <span class='ocrx_word' id='word_1_183' title='bbox 870 961 957 990; x_wconf 90' lang='lat' dir='ltr'>nolle</span> 
     </span>
     <span class='ocr_line' id='line_1_26' title="bbox 254 1005 955 1046; baseline -0.004 -8"><span class='ocrx_word' id='word_1_184' title='bbox 254 1008 343 1038; x_wconf 91' lang='lat' dir='ltr'>idem</span> <span class='ocrx_word' id='word_1_185' title='bbox 356 1029 366 1046; x_wconf 85' lang='lat'>,</span> <span class='ocrx_word' id='word_1_186' title='bbox 381 1016 483 1038; x_wconf 90' lang='lat' dir='ltr'>unum</span> <span class='ocrx_word' id='word_1_187' title='bbox 495 1007 574 1037; x_wconf 81' lang='lat' dir='ltr'>facit</span> <span class='ocrx_word' id='word_1_188' title='bbox 589 1006 739 1045; x_wconf 86' lang='lat' dir='ltr'>spiritum</span> <span class='ocrx_word' id='word_1_189' title='bbox 759 1006 799 1036; x_wconf 92' lang='lat' dir='ltr'>de</span> <span class='ocrx_word' id='word_1_190' title='bbox 819 1005 955 1036; x_wconf 87' lang='lat' dir='ltr'>duobus.</span> 
     </span>
    </p>
   </div>
   <div class='ocr_carea' id='block_1_10' title="bbox 252 1055 975 1139">
    <p class='ocr_par' dir='ltr' id='par_1_10' title="bbox 252 1055 975 1139">
     <span class='ocr_line' id='line_1_27' title="bbox 253 1055 975 1094; baseline -0.004 -7"><span class='ocrx_word' id='word_1_191' title='bbox 253 1057 318 1087; x_wconf 66' lang='lat' dir='ltr'>Nec</span> <span class='ocrx_word' id='word_1_192' title='bbox 343 1056 522 1087; x_wconf 79' lang='lat' dir='ltr'>verendum</span> <span class='ocrx_word' id='word_1_193' title='bbox 545 1064 587 1086; x_wconf 91' lang='lat' dir='ltr'>ne</span> <span class='ocrx_word' id='word_1_194' title='bbox 610 1055 782 1093; x_wconf 85' lang='lat' dir='ltr'>disparitas</span> <span class='ocrx_word' id='word_1_195' title='bbox 805 1062 975 1094; x_wconf 69' lang='lat' dir='ltr'>persona-v</span> 
     </span>
     <span class='ocr_line' id='line_1_28' title="bbox 252 1101 975 1139; baseline -0.003 -7"><span class='ocrx_word' id='word_1_196' title='bbox 252 1111 325 1133; x_wconf 87' lang='lat' dir='ltr'>rum</span> <span class='ocrx_word' id='word_1_197' title='bbox 342 1103 524 1132; x_wconf 85' lang='lat' dir='ltr'>claudicare</span> <span class='ocrx_word' id='word_1_198' title='bbox 538 1102 570 1131; x_wconf 91' lang='lat' dir='ltr'>in</span> <span class='ocrx_word' id='word_1_199' title='bbox 585 1101 693 1139; x_wconf 87' lang='lat' dir='ltr'>aliquo</span> <span class='ocrx_word' id='word_1_200' title='bbox 718 1101 818 1131; x_wconf 81' lang='lat' dir='ltr'>faciat</span> <span class='ocrx_word' id='word_1_201' title='bbox 839 1110 958 1131; x_wconf 84' lang='lat' dir='ltr'>conve·</span> <span class='ocrx_word' id='word_1_202' title='bbox 973 1126 975 1137; x_wconf 63' lang='lat'>·,</span> 
     </span>
    </p>
   </div>
   <div class='ocr_carea' id='block_1_11' title="bbox 250 1147 958 1688">
    <p class='ocr_par' dir='ltr' id='par_1_11' title="bbox 250 1147 958 1688">
     <span class='ocr_line' id='line_1_29' title="bbox 253 1147 958 1185; baseline -0.001 -7"><span class='ocrx_word' id='word_1_203' title='bbox 253 1149 412 1179; x_wconf 88' lang='lat' dir='ltr'>nientiam</span> <span class='ocrx_word' id='word_1_204' title='bbox 426 1149 631 1178; x_wconf 75' lang='lat' dir='ltr'>voluntatum</span> <span class='ocrx_word' id='word_1_205' title='bbox 641 1169 650 1185; x_wconf 92' lang='lat'>,</span> <span class='ocrx_word' id='word_1_206' title='bbox 666 1147 743 1185; x_wconf 86' lang='lat' dir='ltr'>quia</span> <span class='ocrx_word' id='word_1_207' title='bbox 758 1155 849 1177; x_wconf 89' lang='lat' dir='ltr'>amor</span> <span class='ocrx_word' id='word_1_208' title='bbox 862 1156 958 1177; x_wconf 75' lang='lat' dir='ltr'>reve-</span> 
     </span>
     <span class='ocr_line' id='line_1_30' title="bbox 254 1192 955 1231; baseline -0.001 -7"><span class='ocrx_word' id='word_1_209' title='bbox 254 1194 393 1224; x_wconf 85' lang='lat' dir='ltr'>rentiam</span> <span class='ocrx_word' id='word_1_210' title='bbox 427 1194 543 1224; x_wconf 89' lang='lat' dir='ltr'>nescit.</span> <span class='ocrx_word' id='word_1_211' title='bbox 573 1193 620 1222; x_wconf 74' lang='lat' dir='ltr'>Ab</span> <span class='ocrx_word' id='word_1_212' title='bbox 657 1192 793 1222; x_wconf 87' lang='lat' dir='ltr'>amando</span> <span class='ocrx_word' id='word_1_213' title='bbox 834 1192 955 1231; x_wconf 90' lang='lat' dir='ltr'>quippe</span> 
     </span>
     <span class='ocr_line' id='line_1_31' title="bbox 251 1238 954 1277; baseline -0.003 -8"><span class='ocrx_word' id='word_1_214' title='bbox 251 1248 360 1277; x_wconf 81' lang='lat' dir='ltr'>amor,</span> <span class='ocrx_word' id='word_1_215' title='bbox 375 1248 439 1269; x_wconf 91' lang='lat' dir='ltr'>non</span> <span class='ocrx_word' id='word_1_216' title='bbox 454 1239 493 1269; x_wconf 89' lang='lat' dir='ltr'>ab</span> <span class='ocrx_word' id='word_1_217' title='bbox 511 1239 698 1269; x_wconf 86' lang='lat' dir='ltr'>honorando</span> <span class='ocrx_word' id='word_1_218' title='bbox 715 1238 954 1268; x_wconf 85' lang='lat' dir='ltr'>denominatur.</span> 
     </span>
     <span class='ocr_line' id='line_1_32' title="bbox 253 1285 954 1324; baseline 0 -10"><span class='ocrx_word' id='word_1_219' title='bbox 253 1286 396 1315; x_wconf 84' lang='lat' dir='ltr'>llouoret</span> <span class='ocrx_word' id='word_1_220' title='bbox 417 1294 493 1316; x_wconf 87' lang='lat' dir='ltr'>sane</span> <span class='ocrx_word' id='word_1_221' title='bbox 518 1286 574 1324; x_wconf 87' lang='lat' dir='ltr'>qui</span> <span class='ocrx_word' id='word_1_222' title='bbox 600 1285 728 1323; x_wconf 89' lang='lat' dir='ltr'>horret,</span> <span class='ocrx_word' id='word_1_223' title='bbox 748 1285 804 1322; x_wconf 90' lang='lat' dir='ltr'>qui</span> <span class='ocrx_word' id='word_1_224' title='bbox 825 1286 954 1322; x_wconf 76' lang='lat' dir='ltr'>stupet,</span> 
     </span>
     <span class='ocr_line' id='line_1_33' title="bbox 251 1330 954 1370; baseline -0.003 -9"><span class='ocrx_word' id='word_1_225' title='bbox 251 1332 308 1370; x_wconf 82' lang='lat' dir='ltr'>qui</span> <span class='ocrx_word' id='word_1_226' title='bbox 323 1332 464 1369; x_wconf 90' lang='lat' dir='ltr'>metuit,</span> <span class='ocrx_word' id='word_1_227' title='bbox 484 1331 541 1370; x_wconf 90' lang='lat' dir='ltr'>qui</span> <span class='ocrx_word' id='word_1_228' title='bbox 561 1331 698 1360; x_wconf 88' lang='lat' dir='ltr'>miratur</span> <span class='ocrx_word' id='word_1_229' title='bbox 720 1339 728 1360; x_wconf 76' lang='lat' dir='ltr'>z</span> <span class='ocrx_word' id='word_1_230' title='bbox 751 1330 869 1361; x_wconf 82' lang='lat' dir='ltr'>vacant</span> <span class='ocrx_word' id='word_1_231' title='bbox 887 1330 954 1360; x_wconf 79' lang='lat' dir='ltr'>haec</span> 
     </span>
     <span class='ocr_line' id='line_1_34' title="bbox 252 1376 956 1416; baseline -0.003 -9"><span class='ocrx_word' id='word_1_232' title='bbox 252 1377 359 1407; x_wconf 89' lang='lat' dir='ltr'>omnia</span> <span class='ocrx_word' id='word_1_233' title='bbox 371 1386 471 1416; x_wconf 90' lang='lat' dir='ltr'>penes</span> <span class='ocrx_word' id='word_1_234' title='bbox 486 1378 765 1407; x_wconf 47' lang='lat' dir='ltr'>amantemaxmor</span> <span class='ocrx_word' id='word_1_235' title='bbox 780 1376 842 1406; x_wconf 86' lang='lat' dir='ltr'>sibi</span> <span class='ocrx_word' id='word_1_236' title='bbox 855 1376 956 1406; x_wconf 86' lang='lat' dir='ltr'>abun-</span> 
     </span>
     <span class='ocr_line' id='line_1_35' title="bbox 252 1423 954 1460; baseline 0.001 -8"><span class='ocrx_word' id='word_1_237' title='bbox 252 1423 326 1460; x_wconf 87' lang='lat' dir='ltr'>dat,</span> <span class='ocrx_word' id='word_1_238' title='bbox 349 1432 439 1453; x_wconf 88' lang='lat' dir='ltr'>amor</span> <span class='ocrx_word' id='word_1_239' title='bbox 454 1424 512 1453; x_wconf 90' lang='lat' dir='ltr'>ubi</span> <span class='ocrx_word' id='word_1_240' title='bbox 533 1423 681 1460; x_wconf 85' lang='lat' dir='ltr'>venerit,</span> <span class='ocrx_word' id='word_1_241' title='bbox 704 1424 837 1453; x_wconf 80' lang='lat' dir='ltr'>caeteros</span> <span class='ocrx_word' id='word_1_242' title='bbox 863 1423 897 1452; x_wconf 90' lang='lat' dir='ltr'>in</span> <span class='ocrx_word' id='word_1_243' title='bbox 922 1432 954 1453; x_wconf 83' lang='lat' dir='ltr'>se</span> 
     </span>
     <span class='ocr_line' id='line_1_36' title="bbox 253 1468 954 1506; baseline 0.001 -10"><span class='ocrx_word' id='word_1_244' title='bbox 253 1474 365 1496; x_wconf 82' lang='lat' dir='ltr'>omnes</span> <span class='ocrx_word' id='word_1_245' title='bbox 394 1468 536 1497; x_wconf 86' lang='lat' dir='ltr'>traducit</span> <span class='ocrx_word' id='word_1_246' title='bbox 566 1468 599 1497; x_wconf 92' lang='lat' dir='ltr'>et</span> <span class='ocrx_word' id='word_1_247' title='bbox 632 1468 775 1506; x_wconf 79' lang='lat' dir='ltr'>captivat</span> <span class='ocrx_word' id='word_1_248' title='bbox 808 1468 954 1499; x_wconf 77' lang='lat' dir='ltr'>affectus.</span> 
     </span>
     <span class='ocr_line' id='line_1_37' title="bbox 251 1513 956 1552; baseline 0.001 -10"><span class='ocrx_word' id='word_1_249' title='bbox 251 1513 424 1550; x_wconf 83' lang='lat' dir='ltr'>Propterea</span> <span class='ocrx_word' id='word_1_250' title='bbox 449 1522 521 1552; x_wconf 86' lang='lat' dir='ltr'>quae</span> <span class='ocrx_word' id='word_1_251' title='bbox 548 1514 652 1551; x_wconf 88' lang='lat' dir='ltr'>amat,</span> <span class='ocrx_word' id='word_1_252' title='bbox 674 1514 780 1550; x_wconf 87' lang='lat' dir='ltr'>amat,</span> <span class='ocrx_word' id='word_1_253' title='bbox 806 1515 840 1543; x_wconf 91' lang='lat' dir='ltr'>et</span> <span class='ocrx_word' id='word_1_254' title='bbox 867 1514 956 1544; x_wconf 88' lang='lat' dir='ltr'>aliud</span> 
     </span>
     <span class='ocr_line' id='line_1_38' title="bbox 251 1559 955 1598; baseline 0.001 -10"><span class='ocrx_word' id='word_1_255' title='bbox 251 1559 344 1588; x_wconf 80' lang='lat' dir='ltr'>novit</span> <span class='ocrx_word' id='word_1_256' title='bbox 367 1559 463 1589; x_wconf 92' lang='lat' dir='ltr'>nihil.</span> <span class='ocrx_word' id='word_1_257' title='bbox 491 1560 562 1598; x_wconf 83' lang='lat' dir='ltr'>Ipse</span> <span class='ocrx_word' id='word_1_258' title='bbox 588 1559 643 1598; x_wconf 90' lang='lat' dir='ltr'>qui</span> <span class='ocrx_word' id='word_1_259' title='bbox 673 1559 789 1589; x_wconf 90' lang='lat' dir='ltr'>honori</span> <span class='ocrx_word' id='word_1_260' title='bbox 814 1560 955 1598; x_wconf 87' lang='lat' dir='ltr'>merito,</span> 
     </span>
     <span class='ocr_line' id='line_1_39' title="bbox 251 1605 954 1643; baseline 0.003 -10"><span class='ocrx_word' id='word_1_261' title='bbox 251 1605 369 1634; x_wconf 86' lang='lat' dir='ltr'>merito</span> <span class='ocrx_word' id='word_1_262' title='bbox 381 1606 503 1643; x_wconf 84' lang='lat' dir='ltr'>stupori</span> <span class='ocrx_word' id='word_1_263' title='bbox 530 1606 563 1635; x_wconf 90' lang='lat' dir='ltr'>et</span> <span class='ocrx_word' id='word_1_264' title='bbox 577 1605 734 1635; x_wconf 89' lang='lat' dir='ltr'>miraculo</span> <span class='ocrx_word' id='word_1_265' title='bbox 756 1605 805 1635; x_wconf 87' lang='lat' dir='ltr'>est</span> <span class='ocrx_word' id='word_1_266' title='bbox 827 1606 954 1635; x_wconf 83' lang='lat' dir='ltr'>:amari</span> 
     </span>
     <span class='ocr_line' id='line_1_40' title="bbox 250 1650 956 1688; baseline 0.003 -10"><span class='ocrx_word' id='word_1_267' title='bbox 250 1650 361 1678; x_wconf 89' lang='lat' dir='ltr'>tamen</span> <span class='ocrx_word' id='word_1_268' title='bbox 386 1650 460 1688; x_wconf 89' lang='lat' dir='ltr'>plus</span> <span class='ocrx_word' id='word_1_269' title='bbox 476 1650 573 1679; x_wconf 90' lang='lat' dir='ltr'>amat.</span> <span class='ocrx_word' id='word_1_270' title='bbox 588 1650 749 1687; x_wconf 84' lang='lat' dir='ltr'>SponsuS‚</span> <span class='ocrx_word' id='word_1_271' title='bbox 779 1651 813 1680; x_wconf 88' lang='lat' dir='ltr'>et</span> <span class='ocrx_word' id='word_1_272' title='bbox 839 1659 956 1688; x_wconf 89' lang='lat' dir='ltr'>sponsa</span> 
     </span>
    </p>
   </div>
   <div class='ocr_carea' id='block_1_12' title="bbox 250 1694 1692 1823">
    <p class='ocr_par' dir='ltr' id='par_1_12' title="bbox 250 1694 1692 1823">
     <span class='ocr_line' id='line_1_41' title="bbox 250 1694 971 1733; baseline 0.003 -10"><span class='ocrx_word' id='word_1_273' title='bbox 250 1694 336 1724; x_wconf 82' lang='lat' dir='ltr'>sunt.</span> <span class='ocrx_word' id='word_1_274' title='bbox 353 1694 455 1731; x_wconf 86' lang='lat' dir='ltr'>Quam</span> <span class='ocrx_word' id='word_1_275' title='bbox 471 1694 588 1732; x_wconf 85' lang='lat' dir='ltr'>quaeris</span> <span class='ocrx_word' id='word_1_276' title='bbox 603 1694 700 1724; x_wconf 89' lang='lat' dir='ltr'>aliam</span> <span class='ocrx_word' id='word_1_277' title='bbox 720 1694 806 1724; x_wconf 90' lang='lat' dir='ltr'>inter</span> <span class='ocrx_word' id='word_1_278' title='bbox 823 1702 956 1733; x_wconf 88' lang='lat' dir='ltr'>sponsos</span> <span class='ocrx_word' id='word_1_279' title='bbox 970 1707 971 1711; x_wconf 52' lang='lat'>¹</span> 
     </span>
     <span class='ocr_line' id='line_1_42' title="bbox 970 1738 1689 1788; baseline 0.001 -22"><span class='ocrx_word' id='word_1_280' title='bbox 970 1739 1131 1788; x_wconf 26' lang='lat' dir='ltr'>lvicissim</span> <span class='ocrx_word' id='word_1_281' title='bbox 1153 1741 1227 1779; x_wconf 85' lang='lat' dir='ltr'>eget</span> <span class='ocrx_word' id='word_1_282' title='bbox 1257 1741 1297 1770; x_wconf 89' lang='lat' dir='ltr'>ab</span> <span class='ocrx_word' id='word_1_283' title='bbox 1318 1741 1427 1778; x_wconf 88' lang='lat' dir='ltr'>aliquo</span> <span class='ocrx_word' id='word_1_284' title='bbox 1454 1739 1609 1777; x_wconf 90' lang='lat' dir='ltr'>liberari,</span> <span class='ocrx_word' id='word_1_285' title='bbox 1634 1738 1689 1776; x_wconf 93' lang='lat' dir='ltr'>qui</span> 
     </span>
     <span class='ocr_line' id='line_1_43' title="bbox 989 1784 1692 1823; baseline 0.001 -10"><span class='ocrx_word' id='word_1_286' title='bbox 989 1784 1105 1816; x_wconf 80' lang='lat' dir='ltr'>liberat</span> <span class='ocrx_word' id='word_1_287' title='bbox 1117 1795 1239 1817; x_wconf 85' lang='grc'>0111005.</span> <span class='ocrx_word' id='word_1_288' title='bbox 1250 1786 1282 1816; x_wconf 85' lang='lat' dir='ltr'>Si</span> <span class='ocrx_word' id='word_1_289' title='bbox 1296 1786 1491 1823; x_wconf 87' lang='lat' dir='ltr'>dominatur,</span> <span class='ocrx_word' id='word_1_290' title='bbox 1500 1793 1552 1815; x_wconf 90' lang='lat' dir='ltr'>me</span> <span class='ocrx_word' id='word_1_291' title='bbox 1565 1785 1692 1823; x_wconf 84' lang='lat' dir='ltr'>oportet</span> 
     </span>
    </p>
   </div>
   <div class='ocr_carea' id='block_1_13' title="bbox 245 1740 955 2698">
    <p class='ocr_par' dir='ltr' id='par_1_13' title="bbox 245 1740 955 2149">
     <span class='ocr_line' id='line_1_44' title="bbox 249 1740 955 1780; baseline 0 -10"><span class='ocrx_word' id='word_1_292' title='bbox 249 1741 525 1770; x_wconf 83' lang='lat' dir='ltr'>necessitudinem</span> <span class='ocrx_word' id='word_1_293' title='bbox 540 1741 594 1770; x_wconf 85' lang='lat' dir='ltr'>vel</span> <span class='ocrx_word' id='word_1_294' title='bbox 606 1740 856 1779; x_wconf 81' lang='lat' dir='ltr'>connexionem,</span> <span class='ocrx_word' id='word_1_295' title='bbox 872 1749 955 1780; x_wconf 83' lang='lat' dir='ltr'>prae-</span> 
     </span>
     <span class='ocr_line' id='line_1_45' title="bbox 251 1786 955 1824; baseline 0.001 -9"><span class='ocrx_word' id='word_1_296' title='bbox 251 1788 302 1816; x_wconf 89' lang='lat' dir='ltr'>ter</span> <span class='ocrx_word' id='word_1_297' title='bbox 316 1787 417 1816; x_wconf 84' lang='lat' dir='ltr'>amari</span> <span class='ocrx_word' id='word_1_298' title='bbox 431 1808 440 1824; x_wconf 86' lang='lat'><strong>‚</strong></span> <span class='ocrx_word' id='word_1_299' title='bbox 458 1788 491 1817; x_wconf 89' lang='lat' dir='ltr'>et</span> <span class='ocrx_word' id='word_1_300' title='bbox 506 1786 633 1816; x_wconf 77' lang='lat' dir='ltr'>amare?</span> <span class='ocrx_word' id='word_1_301' title='bbox 648 1786 708 1816; x_wconf 84' lang='grc'>1110</span> <span class='ocrx_word' id='word_1_302' title='bbox 728 1795 835 1816; x_wconf 82' lang='lat' dir='ltr'>nexus</span> <span class='ocrx_word' id='word_1_303' title='bbox 852 1787 955 1817; x_wconf 80' lang='lat' dir='ltr'>vincit</span> 
     </span>
     <span class='ocr_line' id='line_1_46' title="bbox 251 1832 955 1871; baseline 0.001 -10"><span class='ocrx_word' id='word_1_304' title='bbox 251 1832 351 1862; x_wconf 86' lang='lat' dir='ltr'>etiam</span> <span class='ocrx_word' id='word_1_305' title='bbox 364 1832 449 1871; x_wconf 88' lang='lat' dir='ltr'>quod</span> <span class='ocrx_word' id='word_1_306' title='bbox 463 1834 579 1863; x_wconf 87' lang='lat' dir='ltr'>natura</span> <span class='ocrx_word' id='word_1_307' title='bbox 593 1832 714 1863; x_wconf 88' lang='lat' dir='ltr'>arctius</span> <span class='ocrx_word' id='word_1_308' title='bbox 738 1832 866 1871; x_wconf 81' lang='lat' dir='ltr'>vinxit,</span> <span class='ocrx_word' id='word_1_309' title='bbox 882 1833 955 1862; x_wconf 87' lang='lat' dir='ltr'>vin-</span> 
     </span>
     <span class='ocr_line' id='line_1_47' title="bbox 251 1878 953 1917; baseline 0.001 -9"><span class='ocrx_word' id='word_1_310' title='bbox 251 1879 362 1908; x_wconf 84' lang='lat' dir='ltr'>culum</span> <span class='ocrx_word' id='word_1_311' title='bbox 393 1880 565 1917; x_wconf 88' lang='lat' dir='ltr'>parentum</span> <span class='ocrx_word' id='word_1_312' title='bbox 600 1878 641 1908; x_wconf 84' lang='lat' dir='ltr'>ad</span> <span class='ocrx_word' id='word_1_313' title='bbox 676 1879 771 1908; x_wconf 88' lang='lat' dir='ltr'>filios.</span> <span class='ocrx_word' id='word_1_314' title='bbox 806 1879 953 1917; x_wconf 87' lang='lat' dir='ltr'>Denique</span> 
     </span>
     <span class='ocr_line' id='line_1_48' title="bbox 247 1924 953 1964; baseline -0.001 -10"><span class='ocrx_word' id='word_1_315' title='bbox 247 1928 373 1964; x_wconf 80' lang='lat' dir='ltr'>propter</span> <span class='ocrx_word' id='word_1_316' title='bbox 391 1926 447 1955; x_wconf 82' lang='lat' dir='ltr'>hoc</span> <span class='ocrx_word' id='word_1_317' title='bbox 459 1947 469 1962; x_wconf 88' lang='lat'>,</span> <span class='ocrx_word' id='word_1_318' title='bbox 482 1926 545 1962; x_wconf 85' lang='grc'>311,</span> <span class='ocrx_word' id='word_1_319' title='bbox 567 1925 715 1963; x_wconf 80' lang='lat' dir='ltr'>relinquet</span> <span class='ocrx_word' id='word_1_320' title='bbox 731 1924 821 1954; x_wconf 85' lang='lat' dir='ltr'>homo</span> <span class='ocrx_word' id='word_1_321' title='bbox 834 1926 953 1962; x_wconf 76' lang='lat' dir='ltr'>patrem</span> 
     </span>
     <span class='ocr_line' id='line_1_49' title="bbox 248 1970 955 2009; baseline -0.004 -7"><span class='ocrx_word' id='word_1_322' title='bbox 248 1981 339 2002; x_wconf 79' lang='lat' dir='ltr'>suum</span> <span class='ocrx_word' id='word_1_323' title='bbox 353 1974 381 2002; x_wconf 81' lang='lat' dir='ltr'>et</span> <span class='ocrx_word' id='word_1_324' title='bbox 394 1974 524 2002; x_wconf 80' lang='lat' dir='ltr'>matrem</span> <span class='ocrx_word' id='word_1_325' title='bbox 536 1980 637 2008; x_wconf 78' lang='lat' dir='ltr'>suam,</span> <span class='ocrx_word' id='word_1_326' title='bbox 651 1972 678 2001; x_wconf 89' lang='lat' dir='ltr'>et</span> <span class='ocrx_word' id='word_1_327' title='bbox 693 1970 955 2009; x_wconf 80' lang='lat' dir='ltr'>adhoerebitspon-</span> 
     </span>
     <span class='ocr_line' id='line_1_50' title="bbox 245 2016 954 2056; baseline -0.003 -8"><span class='ocrx_word' id='word_1_328' title='bbox 245 2027 302 2048; x_wconf 66' lang='grc' dir='ltr'>διε.</span> <span class='ocrx_word' id='word_1_329' title='bbox 315 2018 413 2048; x_wconf 67' lang='lat' dir='ltr'>Vides</span> <span class='ocrx_word' id='word_1_330' title='bbox 428 2019 489 2048; x_wconf 90' lang='lat' dir='ltr'>iste</span> <span class='ocrx_word' id='word_1_331' title='bbox 505 2017 638 2048; x_wconf 83' lang='lat' dir='ltr'>affectus</span> <span class='ocrx_word' id='word_1_332' title='bbox 647 2024 743 2056; x_wconf 86' lang='lat' dir='ltr'>quam</span> <span class='ocrx_word' id='word_1_333' title='bbox 759 2016 802 2046; x_wconf 90' lang='lat' dir='ltr'>sit</span> <span class='ocrx_word' id='word_1_334' title='bbox 816 2016 850 2046; x_wconf 91' lang='lat' dir='ltr'>in</span> <span class='ocrx_word' id='word_1_335' title='bbox 861 2025 954 2055; x_wconf 89' lang='lat' dir='ltr'>spon-</span> 
     </span>
     <span class='ocr_line' id='line_1_51' title="bbox 250 2062 954 2102; baseline -0.001 -8"><span class='ocrx_word' id='word_1_336' title='bbox 250 2064 310 2102; x_wconf 80' lang='lat' dir='ltr'>sis,</span> <span class='ocrx_word' id='word_1_337' title='bbox 327 2072 391 2094; x_wconf 93' lang='lat' dir='ltr'>non</span> <span class='ocrx_word' id='word_1_338' title='bbox 407 2064 533 2094; x_wconf 73' lang='lat' dir='ltr'>caeteris</span> <span class='ocrx_word' id='word_1_339' title='bbox 549 2064 675 2093; x_wconf 84' lang='lat' dir='ltr'>tantum</span> <span class='ocrx_word' id='word_1_340' title='bbox 695 2062 882 2101; x_wconf 79' lang='lat' dir='ltr'>affectibus,</span> <span class='ocrx_word' id='word_1_341' title='bbox 897 2063 954 2093; x_wconf 90' lang='lat' dir='ltr'>sed</span> 
     </span>
     <span class='ocr_line' id='line_1_52' title="bbox 249 2109 657 2149; baseline -0.002 -9"><span class='ocrx_word' id='word_1_342' title='bbox 249 2111 349 2140; x_wconf 86' lang='lat' dir='ltr'>etiam</span> <span class='ocrx_word' id='word_1_343' title='bbox 363 2111 469 2149; x_wconf 90' lang='lat' dir='ltr'>seipso</span> <span class='ocrx_word' id='word_1_344' title='bbox 484 2109 657 2148; x_wconf 84' lang='lat' dir='ltr'>potentior.</span> 
     </span>
    </p>

    <p class='ocr_par' dir='ltr' id='par_1_14' title="bbox 247 2154 954 2698">
     <span class='ocr_line' id='line_1_53' title="bbox 289 2154 952 2194; baseline 0.002 -10"><span class='ocrx_word' id='word_1_345' title='bbox 289 2154 321 2184; x_wconf 78' lang='grc'>[1.</span> <span class='ocrx_word' id='word_1_346' title='bbox 338 2156 426 2186; x_wconf 84' lang='lat' dir='ltr'>Adde</span> <span class='ocrx_word' id='word_1_347' title='bbox 442 2155 528 2194; x_wconf 88' lang='lat' dir='ltr'>quod</span> <span class='ocrx_word' id='word_1_348' title='bbox 543 2155 605 2185; x_wconf 88' lang='lat' dir='ltr'>iste</span> <span class='ocrx_word' id='word_1_349' title='bbox 627 2161 761 2193; x_wconf 90' lang='lat' dir='ltr'>sponsus</span> <span class='ocrx_word' id='word_1_350' title='bbox 776 2161 842 2184; x_wconf 87' lang='lat' dir='ltr'>non</span> <span class='ocrx_word' id='word_1_351' title='bbox 857 2154 952 2185; x_wconf 88' lang='lat' dir='ltr'>modo</span> 
     </span>
     <span class='ocr_line' id='line_1_54' title="bbox 250 2200 954 2238; baseline 0 -8"><span class='ocrx_word' id='word_1_352' title='bbox 250 2208 362 2230; x_wconf 86' lang='lat' dir='ltr'>amans</span> <span class='ocrx_word' id='word_1_353' title='bbox 373 2223 381 2238; x_wconf 91' lang='lat'>,</span> <span class='ocrx_word' id='word_1_354' title='bbox 399 2202 456 2231; x_wconf 89' lang='lat' dir='ltr'>scd</span> <span class='ocrx_word' id='word_1_355' title='bbox 471 2209 559 2231; x_wconf 89' lang='lat' dir='ltr'>amor</span> <span class='ocrx_word' id='word_1_356' title='bbox 574 2200 633 2231; x_wconf 86' lang='grc'>051.</span> <span class='ocrx_word' id='word_1_357' title='bbox 647 2200 812 2238; x_wconf 87' lang='lat' dir='ltr'>Numquid</span> <span class='ocrx_word' id='word_1_358' title='bbox 834 2200 954 2231; x_wconf 79' lang='lat' dir='ltr'>honor?</span> 
     </span>
     <span class='ocr_line' id='line_1_55' title="bbox 250 2246 950 2285; baseline -0.001 -9"><span class='ocrx_word' id='word_1_359' title='bbox 250 2246 429 2277; x_wconf 88' lang='lat' dir='ltr'>Contendat</span> <span class='ocrx_word' id='word_1_360' title='bbox 445 2247 517 2285; x_wconf 85' lang='lat' dir='ltr'>quis</span> <span class='ocrx_word' id='word_1_361' title='bbox 529 2255 620 2277; x_wconf 87' lang='lat' dir='ltr'>esse:</span> <span class='ocrx_word' id='word_1_362' title='bbox 638 2254 696 2284; x_wconf 80' lang='lat' dir='ltr'>ego</span> <span class='ocrx_word' id='word_1_363' title='bbox 708 2254 773 2276; x_wconf 91' lang='lat' dir='ltr'>non</span> <span class='ocrx_word' id='word_1_364' title='bbox 785 2246 862 2285; x_wconf 82' lang='lat' dir='ltr'>legi.</span> <span class='ocrx_word' id='word_1_365' title='bbox 874 2247 950 2285; x_wconf 78' lang='lat' dir='ltr'>Legi</span> 
     </span>
     <span class='ocr_line' id='line_1_56' title="bbox 250 2292 952 2332; baseline 0 -10"><span class='ocrx_word' id='word_1_366' title='bbox 250 2293 359 2322; x_wconf 89' lang='lat' dir='ltr'>autem</span> <span class='ocrx_word' id='word_1_367' title='bbox 376 2292 451 2330; x_wconf 86' lang='lat' dir='ltr'>quia</span> <span class='ocrx_word' id='word_1_368' title='bbox 458 2295 541 2323; x_wconf 81' lang='lat' dir='ltr'>Deus</span> <span class='ocrx_word' id='word_1_369' title='bbox 551 2294 666 2323; x_wconf 76' lang='lat' dir='ltr'>caritas</span> <span class='ocrx_word' id='word_1_370' title='bbox 681 2294 724 2323; x_wconf 80' lang='lat' dir='ltr'>est</span> <span class='ocrx_word' id='word_1_371' title='bbox 730 2303 741 2332; x_wconf 88' lang='grc'>,-</span> <span class='ocrx_word' id='word_1_372' title='bbox 754 2293 787 2322; x_wconf 90' lang='lat' dir='ltr'>et</span> <span class='ocrx_word' id='word_1_373' title='bbox 801 2300 865 2322; x_wconf 90' lang='lat' dir='ltr'>non</span> <span class='ocrx_word' id='word_1_374' title='bbox 876 2293 952 2331; x_wconf 86' lang='lat' dir='ltr'>quia</span> 
     </span>
     <span class='ocr_line' id='line_1_57' title="bbox 251 2338 952 2377; baseline 0.003 -10"><span class='ocrx_word' id='word_1_375' title='bbox 251 2338 354 2367; x_wconf 88' lang='grc'>1101101·</span> <span class='ocrx_word' id='word_1_376' title='bbox 376 2338 426 2368; x_wconf 83' lang='grc'>051</span> <span class='ocrx_word' id='word_1_377' title='bbox 437 2359 446 2375; x_wconf 82' lang='grc'>,</span> <span class='ocrx_word' id='word_1_378' title='bbox 472 2338 526 2368; x_wconf 90' lang='lat' dir='ltr'>vel</span> <span class='ocrx_word' id='word_1_379' title='bbox 542 2338 682 2375; x_wconf 78' lang='lat' dir='ltr'>dignitas</span> <span class='ocrx_word' id='word_1_380' title='bbox 696 2338 774 2377; x_wconf 80' lang='lat' dir='ltr'>legi.</span> <span class='ocrx_word' id='word_1_381' title='bbox 791 2339 860 2368; x_wconf 85' lang='lat' dir='ltr'>Non</span> <span class='ocrx_word' id='word_1_382' title='bbox 875 2339 952 2377; x_wconf 90' lang='lat' dir='ltr'>quia</span> 
     </span>
     <span class='ocr_line' id='line_1_58' title="bbox 250 2384 951 2424; baseline 0.001 -10"><span class='ocrx_word' id='word_1_383' title='bbox 250 2385 406 2415; x_wconf 89' lang='lat' dir='ltr'>honorem</span> <span class='ocrx_word' id='word_1_384' title='bbox 420 2391 484 2413; x_wconf 90' lang='lat' dir='ltr'>non</span> <span class='ocrx_word' id='word_1_385' title='bbox 496 2384 565 2413; x_wconf 84' lang='lat' dir='ltr'>vult</span> <span class='ocrx_word' id='word_1_386' title='bbox 578 2385 682 2423; x_wconf 89' lang='lat' dir='ltr'>Deus,</span> <span class='ocrx_word' id='word_1_387' title='bbox 698 2385 755 2423; x_wconf 90' lang='lat' dir='ltr'>qui</span> <span class='ocrx_word' id='word_1_388' title='bbox 768 2385 813 2415; x_wconf 88' lang='lat' dir='ltr'>ait</span> <span class='ocrx_word' id='word_1_389' title='bbox 829 2393 837 2414; x_wconf 73' lang='grc' dir='ltr'><strong><em>ε</em></strong></span> <span class='ocrx_word' id='word_1_390' title='bbox 851 2386 885 2416; x_wconf 82' lang='lat' dir='ltr'>Si</span> <span class='ocrx_word' id='word_1_391' title='bbox 899 2394 951 2424; x_wconf 71' lang='lat' dir='ltr'>eqo</span> 
     </span>
     <span class='ocr_line' id='line_1_59' title="bbox 247 2430 951 2470; baseline 0 -9"><span class='ocrx_word' id='word_1_392' title='bbox 247 2433 355 2470; x_wconf 71' lang='lat' dir='ltr'>pater,</span> <span class='ocrx_word' id='word_1_393' title='bbox 380 2430 436 2460; x_wconf 79' lang='lat' dir='ltr'>ubi</span> <span class='ocrx_word' id='word_1_394' title='bbox 458 2431 502 2460; x_wconf 87' lang='lat' dir='ltr'>est</span> <span class='ocrx_word' id='word_1_395' title='bbox 526 2430 624 2459; x_wconf 81' lang='lat' dir='ltr'>honor</span> <span class='ocrx_word' id='word_1_396' title='bbox 648 2430 754 2461; x_wconf 79' lang='lat' dir='ltr'>meus?</span> <span class='ocrx_word' id='word_1_397' title='bbox 774 2431 895 2461; x_wconf 75' lang='lat' dir='ltr'>Verum</span> <span class='ocrx_word' id='word_1_398' title='bbox 918 2430 951 2461; x_wconf 91' lang='lat' dir='ltr'>id</span> 
     </span>
     <span class='ocr_line' id='line_1_60' title="bbox 250 2475 949 2516; baseline 0.001 -10"><span class='ocrx_word' id='word_1_399' title='bbox 250 2477 356 2507; x_wconf 84' lang='lat' dir='ltr'>Pater.</span> <span class='ocrx_word' id='word_1_400' title='bbox 371 2476 436 2506; x_wconf 90' lang='lat' dir='ltr'>Sed</span> <span class='ocrx_word' id='word_1_401' title='bbox 454 2475 482 2506; x_wconf 89' lang='lat' dir='ltr'>si</span> <span class='ocrx_word' id='word_1_402' title='bbox 501 2483 652 2514; x_wconf 84' lang='lat' dir='ltr'>sponsum</span> <span class='ocrx_word' id='word_1_403' title='bbox 674 2476 848 2516; x_wconf 73' lang='lat' dir='ltr'>exhibeat,</span> <span class='ocrx_word' id='word_1_404' title='bbox 870 2478 949 2515; x_wconf 84' lang='lat' dir='ltr'>puto</span> 
     </span>
     <span class='ocr_line' id='line_1_61' title="bbox 251 2520 950 2560; baseline 0.003 -10"><span class='ocrx_word' id='word_1_405' title='bbox 251 2520 328 2559; x_wconf 87' lang='lat' dir='ltr'>quia</span> <span class='ocrx_word' id='word_1_406' title='bbox 351 2520 490 2550; x_wconf 85' lang='lat' dir='ltr'>mutabit</span> <span class='ocrx_word' id='word_1_407' title='bbox 508 2528 642 2557; x_wconf 85' lang='lat' dir='ltr'>vocem,</span> <span class='ocrx_word' id='word_1_408' title='bbox 663 2521 696 2550; x_wconf 92' lang='lat' dir='ltr'>et</span> <span class='ocrx_word' id='word_1_409' title='bbox 709 2520 820 2551; x_wconf 86' lang='lat' dir='ltr'>dicet:</span> <span class='ocrx_word' id='word_1_410' title='bbox 843 2521 878 2551; x_wconf 91' lang='lat' dir='ltr'>Si</span> <span class='ocrx_word' id='word_1_411' title='bbox 893 2529 950 2560; x_wconf 77' lang='lat' dir='ltr'>ego</span> 
     </span>
     <span class='ocr_line' id='line_1_62' title="bbox 252 2565 950 2605; baseline 0.001 -9"><span class='ocrx_word' id='word_1_412' title='bbox 252 2575 408 2605; x_wconf 83' lang='lat' dir='ltr'>sponsus,</span> <span class='ocrx_word' id='word_1_413' title='bbox 430 2565 489 2596; x_wconf 88' lang='lat' dir='ltr'>ubi</span> <span class='ocrx_word' id='word_1_414' title='bbox 513 2566 563 2596; x_wconf 89' lang='lat' dir='ltr'>est</span> <span class='ocrx_word' id='word_1_415' title='bbox 583 2573 673 2596; x_wconf 88' lang='lat' dir='ltr'>amor</span> <span class='ocrx_word' id='word_1_416' title='bbox 693 2565 806 2596; x_wconf 77' lang='lat' dir='ltr'>meus?</span> <span class='ocrx_word' id='word_1_417' title='bbox 825 2566 904 2596; x_wconf 88' lang='lat' dir='ltr'>Nam</span> <span class='ocrx_word' id='word_1_418' title='bbox 919 2569 950 2597; x_wconf 92' lang='lat' dir='ltr'>et</span> 
     </span>
     <span class='ocr_line' id='line_1_63' title="bbox 252 2611 952 2651; baseline 0 -9"><span class='ocrx_word' id='word_1_419' title='bbox 252 2613 328 2643; x_wconf 83' lang='lat' dir='ltr'>aute</span> <span class='ocrx_word' id='word_1_420' title='bbox 337 2612 382 2642; x_wconf 87' lang='lat' dir='ltr'>ita</span> <span class='ocrx_word' id='word_1_421' title='bbox 393 2611 519 2643; x_wconf 87' lang='lat' dir='ltr'>locutus</span> <span class='ocrx_word' id='word_1_422' title='bbox 530 2611 579 2642; x_wconf 86' lang='lat' dir='ltr'>est</span> <span class='ocrx_word' id='word_1_423' title='bbox 590 2620 599 2641; x_wconf 77' lang='lat' dir='ltr'>t</span> <span class='ocrx_word' id='word_1_424' title='bbox 610 2613 644 2643; x_wconf 84' lang='lat' dir='ltr'>Si</span> <span class='ocrx_word' id='word_1_425' title='bbox 656 2620 708 2651; x_wconf 75' lang='grc'>090</span> <span class='ocrx_word' id='word_1_426' title='bbox 722 2613 886 2649; x_wconf 79' lang='lat' dir='ltr'>Dominus,</span> <span class='ocrx_word' id='word_1_427' title='bbox 899 2613 952 2642; x_wconf 71' lang='lat' dir='ltr'>ubi</span> 
     </span>
     <span class='ocr_line' id='line_1_64' title="bbox 252 2657 946 2698; baseline -0.004 -7"><span class='ocrx_word' id='word_1_428' title='bbox 252 2661 297 2691; x_wconf 73' lang='lat' dir='ltr'>est</span> <span class='ocrx_word' id='word_1_429' title='bbox 316 2660 408 2690; x_wconf 83' lang='lat' dir='ltr'>timor</span> <span class='ocrx_word' id='word_1_430' title='bbox 418 2657 525 2691; x_wconf 79' lang='lat' dir='ltr'>meus?</span> <span class='ocrx_word' id='word_1_431' title='bbox 538 2657 645 2698; x_wconf 82' lang='lat' dir='ltr'>Exigit</span> <span class='ocrx_word' id='word_1_432' title='bbox 657 2666 732 2698; x_wconf 84' lang='lat' dir='ltr'>ergo</span> <span class='ocrx_word' id='word_1_433' title='bbox 742 2658 828 2688; x_wconf 87' lang='lat' dir='ltr'>Deus</span> <span class='ocrx_word' id='word_1_434' title='bbox 838 2657 946 2688; x_wconf 89' lang='lat' dir='ltr'>timeri</span> 
     </span>
    </p>
   </div>
   <div class='ocr_carea' id='block_1_14' title="bbox 969 1303 976 2089">
    <p class='ocr_par' dir='ltr' id='par_1_15' title="bbox 969 1303 976 2089">
     <span class='ocr_line' id='line_1_65' title="bbox 969 1303 976 2089; baseline 0 0"><span class='ocrx_word' id='word_1_435' title='bbox 969 1303 976 2089; x_wconf 95' lang='lat' dir='ltr'> </span> 
     </span>
    </p>
   </div>
   <div class='ocr_carea' id='block_1_15' title="bbox 990 825 1697 1275">
    <p class='ocr_par' dir='ltr' id='par_1_16' title="bbox 990 825 1697 1275">
     <span class='ocr_line' id='line_1_66' title="bbox 994 825 1697 864; baseline 0.004 -11"><span class='ocrx_word' id='word_1_436' title='bbox 994 825 1146 854; x_wconf 84' lang='lat' dir='ltr'>meritum</span> <span class='ocrx_word' id='word_1_437' title='bbox 1156 826 1247 863; x_wconf 83' lang='lat' dir='ltr'>,ipse</span> <span class='ocrx_word' id='word_1_438' title='bbox 1259 826 1430 864; x_wconf 81' lang='lat' dir='ltr'>praemium</span> <span class='ocrx_word' id='word_1_439' title='bbox 1446 827 1495 856; x_wconf 89' lang='lat' dir='ltr'>est</span> <span class='ocrx_word' id='word_1_440' title='bbox 1509 826 1697 857; x_wconf 71' lang='lat' dir='ltr'>sibi.Amon</span> 
     </span>
     <span class='ocr_line' id='line_1_67' title="bbox 992 872 1695 909; baseline 0.003 -9"><span class='ocrx_word' id='word_1_441' title='bbox 992 872 1109 908; x_wconf 72' lang='lat' dir='ltr'>praeter</span> <span class='ocrx_word' id='word_1_442' title='bbox 1121 879 1227 901; x_wconf 89' lang='lat' dir='ltr'>senon</span> <span class='ocrx_word' id='word_1_443' title='bbox 1235 872 1373 909; x_wconf 84' lang='lat' dir='ltr'>requirit</span> <span class='ocrx_word' id='word_1_444' title='bbox 1387 880 1526 909; x_wconf 75' lang='lat' dir='ltr'>causam,</span> <span class='ocrx_word' id='word_1_445' title='bbox 1536 880 1599 902; x_wconf 92' lang='lat' dir='ltr'>non</span> <span class='ocrx_word' id='word_1_446' title='bbox 1609 872 1695 902; x_wconf 83' lang='lat' dir='ltr'>sruc-</span> 
     </span>
     <span class='ocr_line' id='line_1_68' title="bbox 992 917 1696 956; baseline 0.004 -12"><span class='ocrx_word' id='word_1_447' title='bbox 992 917 1073 945; x_wconf 87' lang='lat' dir='ltr'>tum.</span> <span class='ocrx_word' id='word_1_448' title='bbox 1084 917 1218 946; x_wconf 84' lang='lat' dir='ltr'>Fructus</span> <span class='ocrx_word' id='word_1_449' title='bbox 1232 917 1301 953; x_wconf 88' lang='lat' dir='ltr'>ejus</span> <span class='ocrx_word' id='word_1_450' title='bbox 1312 939 1321 954; x_wconf 95' lang='lat'>,</span> <span class='ocrx_word' id='word_1_451' title='bbox 1333 926 1410 947; x_wconf 86' lang='lat' dir='ltr'>usus</span> <span class='ocrx_word' id='word_1_452' title='bbox 1427 918 1508 954; x_wconf 85' lang='lat' dir='ltr'>ejus.</span> <span class='ocrx_word' id='word_1_453' title='bbox 1519 920 1611 954; x_wconf 85' lang='lat' dir='ltr'>Amo,</span> <span class='ocrx_word' id='word_1_454' title='bbox 1620 918 1696 956; x_wconf 84' lang='lat' dir='ltr'>quia</span> 
     </span>
     <span class='ocr_line' id='line_1_69' title="bbox 992 962 1696 1000; baseline 0.004 -10"><span class='ocrx_word' id='word_1_455' title='bbox 992 969 1081 998; x_wconf 82' lang='grc' dir='ltr'>3111ος</span> <span class='ocrx_word' id='word_1_456' title='bbox 1095 969 1178 998; x_wconf 83' lang='grc'>3010,</span> <span class='ocrx_word' id='word_1_457' title='bbox 1191 963 1228 991; x_wconf 92' lang='lat' dir='ltr'>ut</span> <span class='ocrx_word' id='word_1_458' title='bbox 1242 969 1359 991; x_wconf 87' lang='lat' dir='ltr'>amem.</span> <span class='ocrx_word' id='word_1_459' title='bbox 1368 962 1495 992; x_wconf 65' lang='grc' dir='ltr'>111ΛοοΑ</span> <span class='ocrx_word' id='word_1_460' title='bbox 1507 970 1568 993; x_wconf 61' lang='lat' dir='ltr'>mas</span> <span class='ocrx_word' id='word_1_461' title='bbox 1581 970 1696 1000; x_wconf 68' lang='lat' dir='ltr'>amon,</span> 
     </span>
     <span class='ocr_line' id='line_1_70' title="bbox 991 1006 1694 1045; baseline 0.001 -10"><span class='ocrx_word' id='word_1_462' title='bbox 991 1006 1018 1035; x_wconf 89' lang='lat' dir='ltr'>si</span> <span class='ocrx_word' id='word_1_463' title='bbox 1034 1006 1144 1036; x_wconf 87' lang='lat' dir='ltr'>tamen</span> <span class='ocrx_word' id='word_1_464' title='bbox 1159 1007 1198 1036; x_wconf 89' lang='lat' dir='ltr'>ad</span> <span class='ocrx_word' id='word_1_465' title='bbox 1214 1015 1308 1037; x_wconf 86' lang='lat' dir='ltr'>suum</span> <span class='ocrx_word' id='word_1_466' title='bbox 1324 1008 1468 1037; x_wconf 87' lang='lat' dir='ltr'>recurrat</span> <span class='ocrx_word' id='word_1_467' title='bbox 1484 1007 1694 1045; x_wconf 88' lang='lat' dir='ltr'>principium,</span> 
     </span>
     <span class='ocr_line' id='line_1_71' title="bbox 991 1051 1695 1090; baseline 0 -9"><span class='ocrx_word' id='word_1_468' title='bbox 991 1051 1017 1081; x_wconf 90' lang='lat' dir='ltr'>si</span> <span class='ocrx_word' id='word_1_469' title='bbox 1033 1061 1098 1082; x_wconf 86' lang='lat' dir='ltr'>suae</span> <span class='ocrx_word' id='word_1_470' title='bbox 1114 1053 1232 1090; x_wconf 79' lang='lat' dir='ltr'>origini</span> <span class='ocrx_word' id='word_1_471' title='bbox 1253 1053 1400 1083; x_wconf 89' lang='lat' dir='ltr'>redditus</span> <span class='ocrx_word' id='word_1_472' title='bbox 1415 1074 1424 1090; x_wconf 93' lang='lat'>,</span> <span class='ocrx_word' id='word_1_473' title='bbox 1441 1053 1468 1083; x_wconf 89' lang='lat' dir='ltr'>si</span> <span class='ocrx_word' id='word_1_474' title='bbox 1489 1052 1617 1083; x_wconf 82' lang='lat' dir='ltr'>refusus</span> <span class='ocrx_word' id='word_1_475' title='bbox 1638 1061 1695 1083; x_wconf 88' lang='lat' dir='ltr'>suo</span> 
     </span>
     <span class='ocr_line' id='line_1_72' title="bbox 992 1098 1696 1137; baseline 0 -9"><span class='ocrx_word' id='word_1_476' title='bbox 992 1098 1073 1129; x_wconf 83' lang='lat' dir='ltr'>fonti</span> <span class='ocrx_word' id='word_1_477' title='bbox 1089 1108 1218 1137; x_wconf 84' lang='lat' dir='ltr'>semper</span> <span class='ocrx_word' id='word_1_478' title='bbox 1229 1108 1271 1129; x_wconf 80' lang='lat' dir='ltr'>ex</span> <span class='ocrx_word' id='word_1_479' title='bbox 1284 1108 1321 1129; x_wconf 91' lang='lat' dir='ltr'>eo</span> <span class='ocrx_word' id='word_1_480' title='bbox 1333 1099 1462 1137; x_wconf 87' lang='lat' dir='ltr'>sumat,</span> <span class='ocrx_word' id='word_1_481' title='bbox 1474 1099 1561 1129; x_wconf 89' lang='lat' dir='ltr'>unde</span> <span class='ocrx_word' id='word_1_482' title='bbox 1574 1099 1696 1136; x_wconf 75' lang='lat' dir='ltr'>jugiter</span> 
     </span>
     <span class='ocr_line' id='line_1_73' title="bbox 990 1144 1695 1176; baseline 0 -2"><span class='ocrx_word' id='word_1_483' title='bbox 990 1144 1080 1175; x_wconf 86' lang='lat' dir='ltr'>fluat.</span> <span class='ocrx_word' id='word_1_484' title='bbox 1093 1145 1185 1176; x_wconf 90' lang='lat' dir='ltr'>Solus</span> <span class='ocrx_word' id='word_1_485' title='bbox 1200 1146 1249 1176; x_wconf 89' lang='lat' dir='ltr'>est</span> <span class='ocrx_word' id='word_1_486' title='bbox 1264 1153 1353 1175; x_wconf 91' lang='lat' dir='ltr'>amor</span> <span class='ocrx_word' id='word_1_487' title='bbox 1364 1154 1405 1175; x_wconf 85' lang='lat' dir='ltr'>ex</span> <span class='ocrx_word' id='word_1_488' title='bbox 1418 1145 1568 1175; x_wconf 90' lang='lat' dir='ltr'>omnibus</span> <span class='ocrx_word' id='word_1_489' title='bbox 1580 1146 1695 1174; x_wconf 71' lang='lat' dir='ltr'>animae</span> 
     </span>
     <span class='ocr_line' id='line_1_74' title="bbox 991 1190 1695 1230; baseline 0 -10"><span class='ocrx_word' id='word_1_490' title='bbox 991 1191 1149 1229; x_wconf 83' lang='lat' dir='ltr'>motibus,</span> <span class='ocrx_word' id='word_1_491' title='bbox 1166 1191 1315 1221; x_wconf 86' lang='lat' dir='ltr'>sensibus</span> <span class='ocrx_word' id='word_1_492' title='bbox 1337 1192 1433 1230; x_wconf 88' lang='lat' dir='ltr'>atque</span> <span class='ocrx_word' id='word_1_493' title='bbox 1456 1190 1646 1228; x_wconf 84' lang='lat' dir='ltr'>affectibus,</span> <span class='ocrx_word' id='word_1_494' title='bbox 1661 1191 1695 1220; x_wconf 91' lang='grc'>111</span> 
     </span>
     <span class='ocr_line' id='line_1_75' title="bbox 990 1237 1693 1275; baseline 0 -9"><span class='ocrx_word' id='word_1_495' title='bbox 990 1245 1053 1274; x_wconf 92' lang='lat' dir='ltr'>quo</span> <span class='ocrx_word' id='word_1_496' title='bbox 1066 1238 1172 1274; x_wconf 89' lang='lat' dir='ltr'>potest</span> <span class='ocrx_word' id='word_1_497' title='bbox 1187 1238 1335 1267; x_wconf 88' lang='lat' dir='ltr'>creatura</span> <span class='ocrx_word' id='word_1_498' title='bbox 1346 1259 1355 1275; x_wconf 92' lang='lat'>,</span> <span class='ocrx_word' id='word_1_499' title='bbox 1374 1237 1435 1267; x_wconf 88' lang='lat' dir='ltr'>etsi</span> <span class='ocrx_word' id='word_1_500' title='bbox 1448 1245 1512 1267; x_wconf 90' lang='lat' dir='ltr'>non</span> <span class='ocrx_word' id='word_1_501' title='bbox 1527 1244 1569 1266; x_wconf 86' lang='lat' dir='ltr'>ex</span> <span class='ocrx_word' id='word_1_502' title='bbox 1581 1244 1673 1274; x_wconf 86' lang='lat' dir='ltr'>aequo</span> <span class='ocrx_word' id='word_1_503' title='bbox 1684 1258 1693 1273; x_wconf 80' lang='grc'><em>,</em></span> 
     </span>
    </p>
   </div>
   <div class='ocr_carea' id='block_1_16' title="bbox 972 1278 1695 1320">
    <p class='ocr_par' dir='ltr' id='par_1_17' title="bbox 972 1278 1695 1320">
     <span class='ocr_line' id='line_1_76' title="bbox 972 1278 1695 1320; baseline -0.001 -9"><span class='ocrx_word' id='word_1_504' title='bbox 972 1278 973 1299; x_wconf 59' lang='lat'>³</span> <span class='ocrx_word' id='word_1_505' title='bbox 991 1282 1188 1320; x_wconf 89' lang='lat' dir='ltr'>respondere</span> <span class='ocrx_word' id='word_1_506' title='bbox 1215 1283 1360 1320; x_wconf 89' lang='lat' dir='ltr'>auctori,</span> <span class='ocrx_word' id='word_1_507' title='bbox 1376 1283 1430 1313; x_wconf 80' lang='lat' dir='ltr'>vel</span> <span class='ocrx_word' id='word_1_508' title='bbox 1450 1282 1491 1312; x_wconf 90' lang='lat' dir='ltr'>de</span> <span class='ocrx_word' id='word_1_509' title='bbox 1508 1282 1608 1312; x_wconf 87' lang='lat' dir='ltr'>simili</span> <span class='ocrx_word' id='word_1_510' title='bbox 1622 1290 1695 1311; x_wconf 89' lang='grc'>1011-</span> 
     </span>
    </p>
   </div>
   <div class='ocr_carea' id='block_1_17' title="bbox 989 1327 1693 1733">
    <p class='ocr_par' dir='ltr' id='par_1_18' title="bbox 989 1327 1693 1733">
     <span class='ocr_line' id='line_1_77' title="bbox 991 1327 1693 1367; baseline -0.001 -10"><span class='ocrx_word' id='word_1_511' title='bbox 991 1328 1079 1357; x_wconf 86' lang='lat' dir='ltr'>tuam</span> <span class='ocrx_word' id='word_1_512' title='bbox 1105 1328 1287 1367; x_wconf 87' lang='lat' dir='ltr'>rependere</span> <span class='ocrx_word' id='word_1_513' title='bbox 1312 1329 1429 1359; x_wconf 88' lang='lat' dir='ltr'>vicem.</span> <span class='ocrx_word' id='word_1_514' title='bbox 1445 1328 1545 1358; x_wconf 85' lang='lat' dir='ltr'>Verbi</span> <span class='ocrx_word' id='word_1_515' title='bbox 1570 1327 1693 1365; x_wconf 81' lang='lat' dir='ltr'>gratia,</span> 
     </span>
     <span class='ocr_line' id='line_1_78' title="bbox 990 1372 1690 1412; baseline -0.004 -9"><span class='ocrx_word' id='word_1_516' title='bbox 990 1374 1017 1403; x_wconf 86' lang='lat' dir='ltr'>si</span> <span class='ocrx_word' id='word_1_517' title='bbox 1031 1374 1115 1404; x_wconf 90' lang='lat' dir='ltr'>mihi</span> <span class='ocrx_word' id='word_1_518' title='bbox 1140 1374 1297 1405; x_wconf 84' lang='lat' dir='ltr'>irascatur</span> <span class='ocrx_word' id='word_1_519' title='bbox 1320 1375 1426 1412; x_wconf 86' lang='lat' dir='ltr'>Deus,</span> <span class='ocrx_word' id='word_1_520' title='bbox 1448 1382 1528 1404; x_wconf 89' lang='lat' dir='ltr'>num</span> <span class='ocrx_word' id='word_1_521' title='bbox 1556 1372 1606 1402; x_wconf 90' lang='lat' dir='ltr'>illi</span> <span class='ocrx_word' id='word_1_522' title='bbox 1631 1381 1690 1411; x_wconf 81' lang='lat' dir='ltr'>ego</span> 
     </span>
     <span class='ocr_line' id='line_1_79' title="bbox 990 1419 1693 1457; baseline -0.003 -7"><span class='ocrx_word' id='word_1_523' title='bbox 990 1420 1142 1451; x_wconf 84' lang='lat' dir='ltr'>similiter</span> <span class='ocrx_word' id='word_1_524' title='bbox 1165 1420 1343 1451; x_wconf 76' lang='lat' dir='ltr'>reirascar?</span> <span class='ocrx_word' id='word_1_525' title='bbox 1370 1421 1439 1450; x_wconf 83' lang='lat' dir='ltr'>Non</span> <span class='ocrx_word' id='word_1_526' title='bbox 1466 1419 1583 1457; x_wconf 89' lang='lat' dir='ltr'>utique</span> <span class='ocrx_word' id='word_1_527' title='bbox 1594 1441 1603 1457; x_wconf 87' lang='lat'>,</span> <span class='ocrx_word' id='word_1_528' title='bbox 1635 1419 1693 1448; x_wconf 88' lang='lat' dir='ltr'>sed</span> 
     </span>
     <span class='ocr_line' id='line_1_80' title="bbox 989 1464 1692 1504; baseline -0.004 -7"><span class='ocrx_word' id='word_1_529' title='bbox 989 1467 1114 1504; x_wconf 83' lang='lat' dir='ltr'>pavebo</span> <span class='ocrx_word' id='word_1_530' title='bbox 1125 1489 1134 1504; x_wconf 95' lang='lat'>,</span> <span class='ocrx_word' id='word_1_531' title='bbox 1149 1467 1206 1497; x_wconf 90' lang='lat' dir='ltr'>sed</span> <span class='ocrx_word' id='word_1_532' title='bbox 1218 1466 1464 1497; x_wconf 86' lang='lat' dir='ltr'>contremiscam</span> <span class='ocrx_word' id='word_1_533' title='bbox 1473 1488 1483 1504; x_wconf 97' lang='lat'>,</span> <span class='ocrx_word' id='word_1_534' title='bbox 1495 1465 1553 1495; x_wconf 89' lang='lat' dir='ltr'>sed</span> <span class='ocrx_word' id='word_1_535' title='bbox 1562 1464 1692 1495; x_wconf 86' lang='lat' dir='ltr'>veniam</span> 
     </span>
     <span class='ocr_line' id='line_1_81' title="bbox 990 1512 1693 1550; baseline 0 -9"><span class='ocrx_word' id='word_1_536' title='bbox 990 1512 1199 1550; x_wconf 83' lang='lat' dir='ltr'>deprecabor.</span> <span class='ocrx_word' id='word_1_537' title='bbox 1216 1514 1264 1543; x_wconf 85' lang='lat' dir='ltr'>lta</span> <span class='ocrx_word' id='word_1_538' title='bbox 1287 1513 1313 1543; x_wconf 91' lang='lat' dir='ltr'>si</span> <span class='ocrx_word' id='word_1_539' title='bbox 1335 1521 1388 1542; x_wconf 91' lang='lat' dir='ltr'>me</span> <span class='ocrx_word' id='word_1_540' title='bbox 1403 1512 1518 1550; x_wconf 81' lang='lat' dir='ltr'>arguat</span> <span class='ocrx_word' id='word_1_541' title='bbox 1529 1533 1540 1549; x_wconf 83' lang='lat'>,</span> <span class='ocrx_word' id='word_1_542' title='bbox 1558 1519 1623 1541; x_wconf 88' lang='lat' dir='ltr'>non</span> <span class='ocrx_word' id='word_1_543' title='bbox 1637 1519 1693 1541; x_wconf 86' lang='lat' dir='ltr'>re-</span> 
     </span>
     <span class='ocr_line' id='line_1_82' title="bbox 989 1555 1693 1596; baseline 0.001 -11"><span class='ocrx_word' id='word_1_544' title='bbox 989 1556 1166 1595; x_wconf 78' lang='lat' dir='ltr'>darguetur</span> <span class='ocrx_word' id='word_1_545' title='bbox 1177 1566 1195 1587; x_wconf 88' lang='lat' dir='ltr'>a</span> <span class='ocrx_word' id='word_1_546' title='bbox 1208 1566 1260 1588; x_wconf 91' lang='lat' dir='ltr'>me</span> <span class='ocrx_word' id='word_1_547' title='bbox 1273 1580 1282 1596; x_wconf 93' lang='lat'>,</span> <span class='ocrx_word' id='word_1_548' title='bbox 1303 1557 1361 1588; x_wconf 88' lang='lat' dir='ltr'>sed</span> <span class='ocrx_word' id='word_1_549' title='bbox 1376 1565 1420 1587; x_wconf 77' lang='lat' dir='ltr'>ex</span> <span class='ocrx_word' id='word_1_550' title='bbox 1434 1565 1487 1587; x_wconf 90' lang='lat' dir='ltr'>me</span> <span class='ocrx_word' id='word_1_551' title='bbox 1502 1557 1612 1595; x_wconf 87' lang='lat' dir='ltr'>potius</span> <span class='ocrx_word' id='word_1_552' title='bbox 1623 1555 1693 1593; x_wconf 86' lang='lat' dir='ltr'>jus-</span> 
     </span>
     <span class='ocr_line' id='line_1_83' title="bbox 989 1601 1690 1641; baseline 0 -10"><span class='ocrx_word' id='word_1_553' title='bbox 989 1603 1177 1634; x_wconf 87' lang='lat' dir='ltr'>tificabitur.</span> <span class='ocrx_word' id='word_1_554' title='bbox 1197 1604 1262 1634; x_wconf 84' lang='lat' dir='ltr'>Nec</span> <span class='ocrx_word' id='word_1_555' title='bbox 1285 1604 1312 1635; x_wconf 88' lang='lat' dir='ltr'>si</span> <span class='ocrx_word' id='word_1_556' title='bbox 1333 1612 1385 1633; x_wconf 91' lang='lat' dir='ltr'>me</span> <span class='ocrx_word' id='word_1_557' title='bbox 1398 1603 1580 1641; x_wconf 83' lang='lat' dir='ltr'>judicabit,</span> <span class='ocrx_word' id='word_1_558' title='bbox 1600 1601 1690 1639; x_wconf 80' lang='lat' dir='ltr'>judi-</span> 
     </span>
     <span class='ocr_line' id='line_1_84' title="bbox 989 1648 1692 1687; baseline 0 -11"><span class='ocrx_word' id='word_1_559' title='bbox 989 1648 1068 1678; x_wconf 90' lang='lat' dir='ltr'>cabo</span> <span class='ocrx_word' id='word_1_560' title='bbox 1085 1657 1143 1687; x_wconf 76' lang='grc' dir='ltr'>0ςο</span> <span class='ocrx_word' id='word_1_561' title='bbox 1159 1658 1253 1685; x_wconf 87' lang='lat' dir='ltr'>eum,</span> <span class='ocrx_word' id='word_1_562' title='bbox 1269 1649 1326 1679; x_wconf 91' lang='lat' dir='ltr'>sed</span> <span class='ocrx_word' id='word_1_563' title='bbox 1341 1649 1479 1678; x_wconf 89' lang='lat' dir='ltr'>adorabo</span> <span class='ocrx_word' id='word_1_564' title='bbox 1495 1657 1503 1678; x_wconf 70' lang='grc' dir='ltr'>ε</span> <span class='ocrx_word' id='word_1_565' title='bbox 1521 1648 1554 1678; x_wconf 83' lang='grc'>01</span> <span class='ocrx_word' id='word_1_566' title='bbox 1565 1648 1692 1678; x_wconf 85' lang='lat' dir='ltr'>salvans</span> 
     </span>
     <span class='ocr_line' id='line_1_85' title="bbox 989 1693 1691 1733; baseline 0 -11"><span class='ocrx_word' id='word_1_567' title='bbox 989 1701 1041 1723; x_wconf 89' lang='lat' dir='ltr'>me</span> <span class='ocrx_word' id='word_1_568' title='bbox 1055 1702 1120 1724; x_wconf 90' lang='lat' dir='ltr'>non</span> <span class='ocrx_word' id='word_1_569' title='bbox 1138 1695 1255 1733; x_wconf 86' lang='lat' dir='ltr'>quaerit</span> <span class='ocrx_word' id='word_1_570' title='bbox 1269 1703 1287 1724; x_wconf 84' lang='lat' dir='ltr'>a</span> <span class='ocrx_word' id='word_1_571' title='bbox 1302 1702 1354 1724; x_wconf 89' lang='lat' dir='ltr'>me</span> <span class='ocrx_word' id='word_1_572' title='bbox 1375 1694 1446 1732; x_wconf 89' lang='lat' dir='ltr'>ipse</span> <span class='ocrx_word' id='word_1_573' title='bbox 1468 1693 1587 1723; x_wconf 81' lang='lat' dir='ltr'>salvari</span> <span class='ocrx_word' id='word_1_574' title='bbox 1599 1715 1609 1731; x_wconf 85' lang='lat'>‚</span> <span class='ocrx_word' id='word_1_575' title='bbox 1629 1700 1691 1722; x_wconf 86' lang='lat' dir='ltr'>nec</span> 
     </span>
    </p>
   </div>
   <div class='ocr_carea' id='block_1_18' title="bbox 983 1831 1691 2696">
    <p class='ocr_par' dir='ltr' id='par_1_19' title="bbox 986 1831 1691 2183">
     <span class='ocr_line' id='line_1_86' title="bbox 987 1831 1690 1871; baseline -0.003 -9"><span class='ocrx_word' id='word_1_576' title='bbox 987 1833 1110 1862; x_wconf 79' lang='lat' dir='ltr'>servire</span> <span class='ocrx_word' id='word_1_577' title='bbox 1125 1842 1132 1862; x_wconf 93' lang='lat'>:</span> <span class='ocrx_word' id='word_1_578' title='bbox 1146 1833 1173 1863; x_wconf 88' lang='lat' dir='ltr'>si</span> <span class='ocrx_word' id='word_1_579' title='bbox 1190 1833 1340 1871; x_wconf 87' lang='lat' dir='ltr'>imperat,</span> <span class='ocrx_word' id='word_1_580' title='bbox 1354 1840 1405 1862; x_wconf 90' lang='lat' dir='ltr'>me</span> <span class='ocrx_word' id='word_1_581' title='bbox 1418 1831 1544 1870; x_wconf 88' lang='lat' dir='ltr'>oportet</span> <span class='ocrx_word' id='word_1_582' title='bbox 1555 1838 1690 1869; x_wconf 89' lang='lat' dir='ltr'>parere;</span> 
     </span>
     <span class='ocr_line' id='line_1_87' title="bbox 988 1875 1690 1908; baseline -0.003 -1"><span class='ocrx_word' id='word_1_583' title='bbox 988 1879 1021 1908; x_wconf 90' lang='lat' dir='ltr'>et</span> <span class='ocrx_word' id='word_1_584' title='bbox 1036 1887 1099 1908; x_wconf 93' lang='lat' dir='ltr'>non</span> <span class='ocrx_word' id='word_1_585' title='bbox 1115 1878 1258 1908; x_wconf 87' lang='lat' dir='ltr'>vicissim</span> <span class='ocrx_word' id='word_1_586' title='bbox 1271 1887 1289 1908; x_wconf 88' lang='lat' dir='ltr'>a</span> <span class='ocrx_word' id='word_1_587' title='bbox 1302 1878 1440 1908; x_wconf 90' lang='lat' dir='ltr'>Domino</span> <span class='ocrx_word' id='word_1_588' title='bbox 1453 1878 1505 1907; x_wconf 89' lang='lat' dir='ltr'>vel</span> <span class='ocrx_word' id='word_1_589' title='bbox 1520 1875 1690 1907; x_wconf 85' lang='lat' dir='ltr'>servitium</span> 
     </span>
     <span class='ocr_line' id='line_1_88' title="bbox 988 1922 1691 1963; baseline -0.004 -9"><span class='ocrx_word' id='word_1_590' title='bbox 988 1924 1118 1962; x_wconf 80' lang='lat' dir='ltr'>exigere</span> <span class='ocrx_word' id='word_1_591' title='bbox 1132 1947 1141 1963; x_wconf 90' lang='lat'>,</span> <span class='ocrx_word' id='word_1_592' title='bbox 1157 1925 1211 1954; x_wconf 81' lang='lat' dir='ltr'>vel</span> <span class='ocrx_word' id='word_1_593' title='bbox 1226 1924 1433 1962; x_wconf 87' lang='lat' dir='ltr'>obsequium.</span> <span class='ocrx_word' id='word_1_594' title='bbox 1449 1924 1540 1953; x_wconf 89' lang='lat' dir='ltr'>Nunc</span> <span class='ocrx_word' id='word_1_595' title='bbox 1555 1922 1623 1960; x_wconf 81' lang='lat' dir='ltr'>jam</span> <span class='ocrx_word' id='word_1_596' title='bbox 1639 1922 1691 1952; x_wconf 87' lang='lat' dir='ltr'>vi—</span> 
     </span>
     <span class='ocr_line' id='line_1_89' title="bbox 988 1970 1689 2009; baseline -0.004 -9"><span class='ocrx_word' id='word_1_597' title='bbox 988 1970 1065 2000; x_wconf 88' lang='lat' dir='ltr'>deas</span> <span class='ocrx_word' id='word_1_598' title='bbox 1076 1971 1115 2000; x_wconf 89' lang='lat' dir='ltr'>de</span> <span class='ocrx_word' id='word_1_599' title='bbox 1127 1978 1235 2001; x_wconf 90' lang='lat' dir='ltr'>amore</span> <span class='ocrx_word' id='word_1_600' title='bbox 1245 1978 1342 2009; x_wconf 89' lang='lat' dir='ltr'>quam</span> <span class='ocrx_word' id='word_1_601' title='bbox 1354 1970 1451 2000; x_wconf 89' lang='lat' dir='ltr'>aliter</span> <span class='ocrx_word' id='word_1_602' title='bbox 1461 1970 1516 1999; x_wconf 85' lang='lat' dir='ltr'>sit.</span> <span class='ocrx_word' id='word_1_603' title='bbox 1525 1970 1604 1998; x_wconf 84' lang='lat' dir='ltr'>Nam</span> <span class='ocrx_word' id='word_1_604' title='bbox 1615 1976 1689 1998; x_wconf 89' lang='lat' dir='ltr'>cum</span> 
     </span>
     <span class='ocr_line' id='line_1_90' title="bbox 987 2014 1687 2054; baseline -0.004 -9"><span class='ocrx_word' id='word_1_605' title='bbox 987 2016 1073 2046; x_wconf 80' lang='lat' dir='ltr'>amat</span> <span class='ocrx_word' id='word_1_606' title='bbox 1083 2017 1186 2054; x_wconf 86' lang='lat' dir='ltr'>Deus,</span> <span class='ocrx_word' id='word_1_607' title='bbox 1199 2024 1263 2047; x_wconf 90' lang='lat' dir='ltr'>non</span> <span class='ocrx_word' id='word_1_608' title='bbox 1276 2015 1364 2045; x_wconf 90' lang='lat' dir='ltr'>aliud</span> <span class='ocrx_word' id='word_1_609' title='bbox 1377 2014 1449 2045; x_wconf 86' lang='lat' dir='ltr'>vult</span> <span class='ocrx_word' id='word_1_610' title='bbox 1457 2021 1554 2053; x_wconf 85' lang='lat' dir='ltr'>quam</span> <span class='ocrx_word' id='word_1_611' title='bbox 1566 2014 1687 2043; x_wconf 87' lang='lat' dir='ltr'>amari:</span> 
     </span>
     <span class='ocr_line' id='line_1_91' title="bbox 987 2059 1688 2100; baseline 0 -10"><span class='ocrx_word' id='word_1_612' title='bbox 987 2070 1107 2100; x_wconf 82' lang='lat' dir='ltr'>quippe</span> <span class='ocrx_word' id='word_1_613' title='bbox 1124 2070 1188 2092; x_wconf 90' lang='lat' dir='ltr'>non</span> <span class='ocrx_word' id='word_1_614' title='bbox 1202 2061 1242 2091; x_wconf 90' lang='lat' dir='ltr'>ad</span> <span class='ocrx_word' id='word_1_615' title='bbox 1257 2060 1347 2091; x_wconf 88' lang='lat' dir='ltr'>aliud</span> <span class='ocrx_word' id='word_1_616' title='bbox 1362 2060 1449 2090; x_wconf 88' lang='lat' dir='ltr'>amat</span> <span class='ocrx_word' id='word_1_617' title='bbox 1459 2059 1523 2090; x_wconf 91' lang='lat' dir='ltr'>nisi</span> <span class='ocrx_word' id='word_1_618' title='bbox 1547 2059 1688 2090; x_wconf 79' lang='grc'>1113100-</span> 
     </span>
     <span class='ocr_line' id='line_1_92' title="bbox 988 2104 1688 2146; baseline -0.006 -8"><span class='ocrx_word' id='word_1_619' title='bbox 988 2110 1058 2146; x_wconf 87' lang='lat' dir='ltr'>tur,</span> <span class='ocrx_word' id='word_1_620' title='bbox 1084 2107 1188 2138; x_wconf 85' lang='lat' dir='ltr'>sciens</span> <span class='ocrx_word' id='word_1_621' title='bbox 1212 2107 1282 2146; x_wconf 90' lang='lat' dir='ltr'>ipso</span> <span class='ocrx_word' id='word_1_622' title='bbox 1307 2114 1416 2137; x_wconf 85' lang='lat' dir='ltr'>amore</span> <span class='ocrx_word' id='word_1_623' title='bbox 1440 2106 1552 2137; x_wconf 88' lang='lat' dir='ltr'>beatos</span> <span class='ocrx_word' id='word_1_624' title='bbox 1574 2104 1631 2144; x_wconf 91' lang='lat' dir='ltr'>qui</span> <span class='ocrx_word' id='word_1_625' title='bbox 1652 2112 1688 2135; x_wconf 85' lang='lat' dir='ltr'>se</span> 
     </span>
     <span class='ocr_line' id='line_1_93' title="bbox 986 2153 1179 2183; baseline -0.005 0"><span class='ocrx_word' id='word_1_626' title='bbox 986 2153 1179 2183; x_wconf 84' lang='lat' dir='ltr'>amaverint.</span> 
     </span>
    </p>

    <p class='ocr_par' dir='ltr' id='par_1_20' title="bbox 983 2193 1687 2696">
     <span class='ocr_line' id='line_1_94' title="bbox 1025 2193 1687 2235; baseline -0.006 -7"><span class='ocrx_word' id='word_1_627' title='bbox 1025 2199 1056 2228; x_wconf 84' lang='grc'>5.</span> <span class='ocrx_word' id='word_1_628' title='bbox 1072 2199 1183 2235; x_wconf 80' lang='lat' dir='ltr'>Magna</span> <span class='ocrx_word' id='word_1_629' title='bbox 1207 2205 1260 2227; x_wconf 86' lang='lat' dir='ltr'>res</span> <span class='ocrx_word' id='word_1_630' title='bbox 1282 2203 1391 2234; x_wconf 85' lang='lat' dir='ltr'>am0r3</span> <span class='ocrx_word' id='word_1_631' title='bbox 1407 2194 1465 2226; x_wconf 87' lang='lat' dir='ltr'>sed</span> <span class='ocrx_word' id='word_1_632' title='bbox 1486 2194 1564 2226; x_wconf 90' lang='grc'>51101</span> <span class='ocrx_word' id='word_1_633' title='bbox 1583 2193 1620 2224; x_wconf 84' lang='lat' dir='ltr'>in</span> <span class='ocrx_word' id='word_1_634' title='bbox 1647 2201 1687 2224; x_wconf 91' lang='lat' dir='ltr'>eo</span> 
     </span>
     <span class='ocr_line' id='line_1_95' title="bbox 985 2240 1687 2283; baseline -0.007 -9"><span class='ocrx_word' id='word_1_635' title='bbox 985 2244 1113 2283; x_wconf 83' lang='lat' dir='ltr'>gradus.</span> <span class='ocrx_word' id='word_1_636' title='bbox 1132 2243 1252 2281; x_wconf 82' lang='lat' dir='ltr'>Sponsa</span> <span class='ocrx_word' id='word_1_637' title='bbox 1275 2242 1310 2272; x_wconf 92' lang='lat' dir='ltr'>in</span> <span class='ocrx_word' id='word_1_638' title='bbox 1333 2248 1460 2272; x_wconf 90' lang='lat' dir='ltr'>summo</span> <span class='ocrx_word' id='word_1_639' title='bbox 1481 2240 1556 2271; x_wconf 89' lang='lat' dir='ltr'>stat.</span> <span class='ocrx_word' id='word_1_640' title='bbox 1571 2240 1687 2270; x_wconf 81' lang='lat' dir='ltr'>Amant</span> 
     </span>
     <span class='ocr_line' id='line_1_96' title="bbox 985 2286 1687 2326; baseline -0.007 -6"><span class='ocrx_word' id='word_1_641' title='bbox 985 2291 1073 2320; x_wconf 88' lang='lat' dir='ltr'>euim</span> <span class='ocrx_word' id='word_1_642' title='bbox 1092 2290 1125 2320; x_wconf 90' lang='lat' dir='ltr'>et</span> <span class='ocrx_word' id='word_1_643' title='bbox 1147 2289 1228 2326; x_wconf 90' lang='lat' dir='ltr'>filii,</span> <span class='ocrx_word' id='word_1_644' title='bbox 1251 2287 1309 2318; x_wconf 88' lang='lat' dir='ltr'>sed</span> <span class='ocrx_word' id='word_1_645' title='bbox 1325 2287 1365 2318; x_wconf 88' lang='lat' dir='ltr'>de</span> <span class='ocrx_word' id='word_1_646' title='bbox 1381 2286 1576 2318; x_wconf 88' lang='lat' dir='ltr'>baereditate</span> <span class='ocrx_word' id='word_1_647' title='bbox 1597 2286 1687 2325; x_wconf 85' lang='lat' dir='ltr'>cogi-</span> 
     </span>
     <span class='ocr_line' id='line_1_97' title="bbox 984 2332 1687 2374; baseline -0.006 -8"><span class='ocrx_word' id='word_1_648' title='bbox 984 2337 1053 2367; x_wconf 88' lang='lat' dir='ltr'>tant</span> <span class='ocrx_word' id='word_1_649' title='bbox 1069 2345 1076 2365; x_wconf 93' lang='lat'>:</span> <span class='ocrx_word' id='word_1_650' title='bbox 1091 2343 1186 2374; x_wconf 86' lang='lat' dir='ltr'>quam</span> <span class='ocrx_word' id='word_1_651' title='bbox 1199 2334 1274 2364; x_wconf 91' lang='lat' dir='ltr'>dum</span> <span class='ocrx_word' id='word_1_652' title='bbox 1286 2333 1443 2364; x_wconf 82' lang='lat' dir='ltr'>verentur</span> <span class='ocrx_word' id='word_1_653' title='bbox 1452 2340 1580 2371; x_wconf 82' lang='lat' dir='ltr'>quoquo</span> <span class='ocrx_word' id='word_1_654' title='bbox 1591 2332 1687 2363; x_wconf 88' lang='lat' dir='ltr'>modo</span> 
     </span>
     <span class='ocr_line' id='line_1_98' title="bbox 984 2378 1687 2420; baseline -0.006 -8"><span class='ocrx_word' id='word_1_655' title='bbox 984 2382 1134 2412; x_wconf 86' lang='lat' dir='ltr'>amittere</span> <span class='ocrx_word' id='word_1_656' title='bbox 1144 2404 1154 2420; x_wconf 93' lang='lat'>,</span> <span class='ocrx_word' id='word_1_657' title='bbox 1172 2381 1279 2420; x_wconf 87' lang='lat' dir='ltr'>ipsum</span> <span class='ocrx_word' id='word_1_658' title='bbox 1294 2388 1312 2410; x_wconf 89' lang='lat' dir='ltr'>a</span> <span class='ocrx_word' id='word_1_659' title='bbox 1323 2388 1386 2419; x_wconf 90' lang='lat' dir='ltr'>quo</span> <span class='ocrx_word' id='word_1_660' title='bbox 1402 2379 1610 2417; x_wconf 85' lang='lat' dir='ltr'>exspectatur</span> <span class='ocrx_word' id='word_1_661' title='bbox 1621 2378 1687 2409; x_wconf 72' lang='grc'>1130-</span> 
     </span>
     <span class='ocr_line' id='line_1_99' title="bbox 984 2424 1683 2466; baseline -0.007 -8"><span class='ocrx_word' id='word_1_662' title='bbox 984 2429 1104 2458; x_wconf 88' lang='lat' dir='ltr'>reditas</span> <span class='ocrx_word' id='word_1_663' title='bbox 1113 2450 1123 2466; x_wconf 75' lang='grc'>,</span> <span class='ocrx_word' id='word_1_664' title='bbox 1138 2428 1210 2466; x_wconf 86' lang='lat' dir='ltr'>plus</span> <span class='ocrx_word' id='word_1_665' title='bbox 1222 2426 1429 2463; x_wconf 85' lang='lat' dir='ltr'>reverentur,</span> <span class='ocrx_word' id='word_1_666' title='bbox 1443 2424 1552 2455; x_wconf 90' lang='grc'>11110115</span> <span class='ocrx_word' id='word_1_667' title='bbox 1562 2425 1683 2454; x_wconf 86' lang='grc'>301301.</span> 
     </span>
     <span class='ocr_line' id='line_1_100' title="bbox 983 2468 1685 2514; baseline -0.009 -8"><span class='ocrx_word' id='word_1_668' title='bbox 983 2475 1158 2514; x_wconf 86' lang='lat' dir='ltr'>Suspectus</span> <span class='ocrx_word' id='word_1_669' title='bbox 1173 2474 1223 2504; x_wconf 87' lang='lat' dir='ltr'>est</span> <span class='ocrx_word' id='word_1_670' title='bbox 1233 2472 1316 2503; x_wconf 88' lang='grc'>101111</span> <span class='ocrx_word' id='word_1_671' title='bbox 1327 2479 1428 2510; x_wconf 87' lang='lat' dir='ltr'>amor,</span> <span class='ocrx_word' id='word_1_672' title='bbox 1440 2470 1492 2501; x_wconf 87' lang='lat' dir='ltr'>cui</span> <span class='ocrx_word' id='word_1_673' title='bbox 1505 2469 1594 2500; x_wconf 88' lang='lat' dir='ltr'>aliud</span> <span class='ocrx_word' id='word_1_674' title='bbox 1604 2468 1685 2509; x_wconf 86' lang='lat' dir='ltr'>quid</span> 
     </span>
     <span class='ocr_line' id='line_1_101' title="bbox 983 2515 1685 2560; baseline -0.011 -8"><span class='ocrx_word' id='word_1_675' title='bbox 983 2520 1185 2560; x_wconf 88' lang='lat' dir='ltr'>adipiscendi</span> <span class='ocrx_word' id='word_1_676' title='bbox 1205 2527 1278 2557; x_wconf 89' lang='lat' dir='ltr'>spes</span> <span class='ocrx_word' id='word_1_677' title='bbox 1293 2515 1457 2556; x_wconf 78' lang='lat' dir='ltr'>suffragari</span> <span class='ocrx_word' id='word_1_678' title='bbox 1475 2515 1617 2546; x_wconf 85' lang='lat' dir='ltr'>videtur.</span> <span class='ocrx_word' id='word_1_679' title='bbox 1632 2515 1685 2545; x_wconf 91' lang='lat' dir='ltr'>In-</span> 
     </span>
     <span class='ocr_line' id='line_1_102' title="bbox 983 2561 1683 2605; baseline -0.01 -8"><span class='ocrx_word' id='word_1_680' title='bbox 983 2568 1094 2597; x_wconf 87' lang='lat' dir='ltr'>firmus</span> <span class='ocrx_word' id='word_1_681' title='bbox 1109 2567 1174 2604; x_wconf 84' lang='lat' dir='ltr'>est,</span> <span class='ocrx_word' id='word_1_682' title='bbox 1187 2565 1244 2605; x_wconf 88' lang='lat' dir='ltr'>qui</span> <span class='ocrx_word' id='word_1_683' title='bbox 1255 2564 1338 2595; x_wconf 83' lang='lat' dir='ltr'>forte</span> <span class='ocrx_word' id='word_1_684' title='bbox 1361 2571 1419 2602; x_wconf 91' lang='lat' dir='ltr'>spe</span> <span class='ocrx_word' id='word_1_685' title='bbox 1430 2561 1592 2593; x_wconf 87' lang='lat' dir='ltr'>subtracta</span> <span class='ocrx_word' id='word_1_686' title='bbox 1601 2583 1612 2599; x_wconf 89' lang='lat'>‚</span> <span class='ocrx_word' id='word_1_687' title='bbox 1626 2561 1683 2591; x_wconf 89' lang='lat' dir='ltr'>aut</span> 
     </span>
     <span class='ocr_line' id='line_1_103' title="bbox 984 2607 1681 2651; baseline -0.011 -8"><span class='ocrx_word' id='word_1_688' title='bbox 984 2612 1221 2651; x_wconf 79' lang='lat' dir='ltr'>exstinguitur,</span> <span class='ocrx_word' id='word_1_689' title='bbox 1251 2610 1306 2641; x_wconf 88' lang='lat' dir='ltr'>aut</span> <span class='ocrx_word' id='word_1_690' title='bbox 1335 2609 1509 2640; x_wconf 82' lang='lat' dir='ltr'>minuitur.</span> <span class='ocrx_word' id='word_1_691' title='bbox 1532 2607 1681 2645; x_wconf 89' lang='lat' dir='ltr'>Impurus</span> 
     </span>
     <span class='ocr_line' id='line_1_104' title="bbox 985 2653 1682 2696; baseline -0.01 -7"><span class='ocrx_word' id='word_1_692' title='bbox 985 2658 1055 2696; x_wconf 86' lang='lat' dir='ltr'>est,</span> <span class='ocrx_word' id='word_1_693' title='bbox 1083 2657 1140 2696; x_wconf 88' lang='lat' dir='ltr'>qui</span> <span class='ocrx_word' id='word_1_694' title='bbox 1171 2657 1204 2688; x_wconf 87' lang='lat' dir='ltr'>et</span> <span class='ocrx_word' id='word_1_695' title='bbox 1225 2654 1314 2687; x_wconf 83' lang='lat' dir='ltr'>aliud</span> <span class='ocrx_word' id='word_1_696' title='bbox 1341 2654 1443 2695; x_wconf 88' lang='lat' dir='ltr'>cupit.</span> <span class='ocrx_word' id='word_1_697' title='bbox 1469 2653 1569 2684; x_wconf 79' lang='lat' dir='ltr'>Purus</span> <span class='ocrx_word' id='word_1_698' title='bbox 1591 2659 1682 2683; x_wconf 83' lang='lat' dir='ltr'>amor</span> 
     </span>
    </p>
   </div>
  </div>
 </body>
</html>
