1830 3073
297 236 339 265 74

297 291 409 322 videre
431 299 440 321 ε
462 289 549 329 vidi,
575 290 609 321 et
635 289 809 329 liquefacta
825 291 874 319 est
889 289 996 318 anima

295 344 380 366 mea.
397 336 552 375 Repletus
566 344 637 366 sum
652 335 868 365 consolatione
879 356 888 372 ,
900 342 996 371 supe-

296 382 442 412 rabundo
467 381 597 419 gaudio,
614 380 722 411 omnia
751 379 906 409 interiora
924 386 996 407 mea

295 427 420 457 nomini
440 428 570 457 Domini
593 425 813 462 benedicunt,
837 424 869 453 et
890 423 996 452 omnia

294 480 365 502 ossa
377 481 449 502 mea
464 473 574 502 dicunt
600 481 608 500 :
634 471 783 506 Domine,
809 469 876 507 quis
891 469 998 498 similis

294 517 375 548 tibi?
402 520 523 556 Nempe
547 516 747 555 prospiciens
772 514 899 543 eminus
925 521 997 543 cum

294 563 497 601 accederem,
514 563 614 592 fateor
629 561 740 590 videre
751 560 834 589 mihi
849 567 998 597 corpora-

294 607 373 638 liter
386 609 474 638 visus
498 616 586 644 sum,
608 614 688 644 quos
710 606 743 636 in
758 605 875 643 spiritu
898 613 998 643 quon-

295 653 369 682 dam
391 654 550 690 Propheta
578 651 729 690 praevidit
751 661 759 680 :
786 652 819 681 et
843 651 996 680 continuo

294 698 394 727 subiit
405 698 567 735 animum,
583 696 669 735 quod
686 704 740 726 ore
757 697 812 726 ille
828 696 998 735 depromp-

293 744 391 780 serat,
415 745 451 773 ut
477 752 551 772 cum
580 751 618 772 eo
640 743 832 780 psallerem,
858 741 996 771 dicens:

292 790 365 818 Hoec
380 790 423 818 est
439 790 591 827 qencratio
607 788 996 826 quoerentiumDominum.

334 833 364 862 2.
373 834 480 864 Multae
494 835 567 864 sunt
578 833 804 871 generationes
816 833 996 870 hominum,

298 879 333 907 et
350 878 403 918 (ni
420 879 535 918 fallor)
549 879 647 909 teriia
661 879 722 909 ista
745 880 793 908 cst
812 879 997 916 generatio,

293 932 366 961 quae
391 933 478 955 nunc
502 925 593 962 viget
616 926 649 954 et
673 924 809 961 apparet
834 924 869 953 in
892 924 996 954 vobis.

292 969 398 1000 Prima
414 970 574 1008 siquidem
589 970 758 1008 generatio
772 977 833 999 nec
850 978 998 1007 quaerens

293 1014 399 1045 adhuc
412 1016 599 1052 Dominum,
615 1023 676 1044 nec
688 1015 823 1052 quaesita
836 1014 901 1044 fuit
912 1015 999 1044 aDo-

294 1059 400 1090 mino:
417 1069 491 1091 cum
505 1061 538 1090 in
551 1060 716 1090 oblivione
731 1059 850 1089 mentis
862 1060 896 1089 et
906 1060 999 1089 reatu

293 1104 477 1144 iniquitatis
486 1113 751 1143 unumquemque
767 1105 881 1143 genuit
895 1106 1000 1136 mater

293 1160 363 1182 sua.
381 1152 529 1182 Secunda
548 1151 686 1190 proinde
703 1151 811 1181 statim
825 1150 1000 1191 (sicutne-

294 1206 383 1228 cesse
405 1196 495 1235 erat)
522 1206 564 1227 ex
584 1204 666 1234 aqua
695 1197 727 1226 et
752 1197 871 1235 spiritu
893 1205 1001 1228 reme—

295 1244 385 1273 dium
414 1243 506 1272 nobis
534 1241 691 1272 exhibuit
718 1241 908 1272 festinatum
933 1251 941 1272 :
967 1244 1001 1273 et

293 1289 358 1319 fnit
373 1289 429 1318 illa
449 1288 616 1328 generatio
634 1287 778 1318 nondum
797 1288 929 1326 quidem
943 1297 1000 1327 ge-

294 1335 424 1364 neratio
449 1334 685 1372 quaerentium,
716 1333 774 1364 sed
800 1335 911 1364 tamen
933 1335 999 1370 jam

293 1381 522 1419 quaesitorum,
543 1379 629 1417 quod
649 1387 711 1408 nec
731 1379 873 1409 scientes
895 1379 1000 1409 adhuc

293 1433 439 1463 quaerere
464 1424 651 1461 Dominum,
667 1431 730 1453 nec
755 1424 902 1454 valentes
930 1423 1000 1462 ipse

293 1470 473 1508 quaesierit.
487 1469 753 1507 Quaesivit-igitur
766 1477 838 1507 nos,
848 1469 881 1499 et
889 1469 1002 1508 acqui-

294 1516 373 1545 sivit
394 1516 429 1545 in
449 1515 660 1554 generatione
676 1514 838 1551 secunda,
863 1515 900 1544 ut
915 1522 1002 1544 esse-

294 1567 367 1589 mus
380 1560 445 1597 Jam
462 1560 602 1598 populus
610 1558 845 1597 acquisitionis.
855 1559 1001 1590 Siadhuc

294 1604 378 1635 forte
392 1606 499 1635 senior
514 1605 613 1634 trater
627 1605 820 1642 murmurat,
834 1606 867 1634 et
877 1605 1001 1635 invidia

297 1651 508 1687 contabescit,
524 1649 645 1680 dicitur
659 1650 691 1679 ei
713 1658 722 1678 ε
749 1651 901 1688 Quoniam
929 1659 1002 1689 epu-

295 1696 359 1726 lari
371 1699 399 1727 et
415 1698 546 1735 qaudere
561 1696 732 1734 oportebat,
745 1697 819 1734 quia
841 1696 889 1725 Ιιίο
904 1697 1002 1734 frater

297 1743 368 1772 tuus
376 1744 523 1781 perierat,
536 1744 564 1772 et
575 1743 716 1772 im'entus
730 1743 786 1771 est.

337 1789 368 1816 5.
385 1788 546 1817 Caeterum
574 1787 615 1817 ad
639 1787 700 1817 hoc
722 1787 833 1817 statim
854 1787 1002 1825 quaesivit

296 1840 354 1863 nos
374 1833 545 1871 Dominus,
569 1834 608 1863 ut
630 1833 835 1870 quaereretur
856 1834 1002 1871 tempore

297 1880 489 1916 opportuno,
498 1887 570 1908 cum
579 1878 646 1915 jam
654 1879 762 1916 posset
775 1879 888 1916 quaeri,
897 1879 1003 1916 posset

298 1926 331 1953 ot
347 1925 504 1954 inveniri.
521 1925 576 1954 Vae
590 1924 696 1961 nobis,
712 1924 865 1961 quoniam
879 1925 1003 1954 tamdiu

299 1969 574 1999 dissimulavimus
589 1971 622 1998 et
636 1969 843 2006 negleximus
857 1977 1003 2006 quaerere

299 2015 423 2052 vitam,
438 2022 585 2052 quaerere
612 2021 687 2043 eum
709 2014 765 2051 qui
793 2014 878 2044 solus
901 2013 1004 2043 bonus

299 2061 349 2088 est
363 2059 585 2097 quaerentibus
600 2067 653 2096 se,
669 2059 785 2088 animae
807 2059 950 2096 speranti
968 2059 1003 2089 in

299 2112 333 2133 se
348 2105 355 2133 !
369 2106 424 2135 Vae
439 2105 502 2134 tibi
521 2104 686 2142 generatio
703 2112 804 2142 prava
819 2105 853 2134 et
868 2112 1005 2143 exaspe-

300 2157 386 2186 rans,
402 2151 485 2179 mala
506 2153 538 2180 et
553 2150 701 2180 adultera
713 2150 892 2188 generatio,
913 2159 1005 2180 men-

302 2194 432 2223 dacium
444 2204 548 2233 usque
560 2196 657 2225 hodie
673 2196 848 2233 quaeritans
858 2217 867 2233 ,
884 2196 916 2226 et
930 2195 1005 2225 dili-

299 2248 378 2275 gens
392 2241 583 2278 vanitatem,
596 2249 657 2271 nec
673 2249 806 2271 servans
820 2241 937 2271 fidem!
952 2241 1004 2271 cui

301 2285 495 2322 desponsata
529 2285 636 2315 fueras
669 2285 812 2316 veritati.
841 2286 1007 2324 Numquid

301 2338 367 2360 non
379 2330 565 2368 opushabet
574 2331 733 2367 ejusmodi
744 2331 909 2369 generatio
918 2331 1005 2361 nasci

300 2375 425 2413 denuo,
458 2375 579 2405 iterum
594 2376 766 2414 generari?
789 2377 828 2406 Et
849 2377 1004 2407 maxime.

301 2421 423 2459 Nempe
437 2421 604 2458 genimina
618 2420 805 2459 viperarum
819 2422 1006 2459 facti‚tanto

301 2467 402 2504 magis
415 2475 502 2496 nunc
517 2474 650 2496 necesse
664 2466 788 2497 habent
809 2467 844 2497 in
858 2468 1006 2498 ventrem

302 2512 416 2542 matris
427 2512 538 2550 gratiae
547 2512 664 2542 iterato
672 2512 805 2542 introire
819 2512 853 2543 et
867 2513 1005 2551 renasci,

303 2558 427 2595 quanto
452 2557 538 2588 facta
551 2557 729 2587 noscuntur
748 2557 928 2596 posteriora
952 2566 1007 2588 eo-

306 2610 382 2632 rum
405 2602 568 2634 deteriora
594 2603 769 2641 prioribus.
795 2603 920 2633 Gratias
944 2603 1005 2641 ipsi

306 2647 429 2686 gratim,
454 2648 487 2678 et
510 2647 560 2687 (si
585 2648 649 2679 dici
678 2647 807 2686 potest.)
836 2648 1005 2687 plusquam

761 237 791 265 S.
814 233 1053 265 BERNARDI
1079 233 1271 263 ABBATIS

1031 287 1180 324 gratuitae
1214 287 1432 327 miserationi,
1460 296 1531 327 quae
1560 283 1729 317 beneficiis

1031 332 1312 363 obruitnonmodo
1320 333 1510 371 immeritos,
1524 333 1581 364 sed
1590 332 1729 362 nimium

1031 378 1115 406 male
1127 377 1262 407 meritos
1269 379 1302 408 et
1312 378 1463 417 ingratos.
1472 378 1596 408 Gratias
1611 377 1661 415 ei,
1672 376 1730 415 qui

1032 422 1237 461 regeneravit
1246 431 1304 453 vos
1319 423 1419 453 etiam
1432 425 1494 454 hac
1508 424 1580 454 vice
1591 423 1626 453 in
1640 429 1730 461 spem

1032 469 1127 507 vitae,
1148 468 1187 498 ut
1211 468 1418 506 adoptionem
1444 470 1584 500 filiorum
1605 468 1733 506 recipe-

1032 514 1123 543 retis.
1145 513 1335 544 Voluntarie
1370 514 1459 544 enim
1484 523 1572 545 nunc
1600 513 1731 552 proprie

1032 560 1145 598 genuit
1156 568 1213 589 vos
1221 581 1231 596 ‚
1240 560 1342 589 verbo
1355 560 1469 598 utique
1480 560 1640 591 veritatis.
1651 559 1731 589 Nam

1032 605 1117 643 quod
1131 606 1222 644 prius
1236 614 1292 635 vos
1306 606 1418 643 genuit
1429 606 1628 636 sacramento
1640 603 1733 643 equi-

1033 651 1107 681 dem
1127 651 1273 690 pietatis,
1303 651 1365 681 etsi
1392 651 1613 681 voluntarium
1636 657 1734 687 gene-

1032 697 1115 726 ranti
1127 718 1137 735 ‚
1152 696 1271 734 genitis
1294 697 1405 726 tamen
1428 696 1649 726 voluntarium
1663 701 1734 724 esse

1033 750 1099 771 non
1112 742 1219 780 potuit
1229 763 1238 780 ,
1253 742 1288 771 in
1301 741 1419 780 quibus
1434 741 1540 771 adhuc
1553 741 1662 771 nullus
1675 746 1734 769 vo-

1033 787 1170 817 luntatis
1184 796 1280 826 usus,
1302 788 1431 817 nullum
1455 786 1591 817 rationis
1606 783 1735 816 exerci-

1033 833 1117 863 tium
1124 833 1204 871 fuit3
1221 841 1257 863 ac
1271 833 1407 871 proinde
1420 833 1508 862 nulla
1517 830 1735 870 generationis

1034 879 1136 917 ipsius
1150 878 1290 917 agnitio,
1306 878 1395 908 nulla
1410 877 1494 907 tanti
1513 876 1629 907 notitia
1643 875 1736 913 geni-

1033 925 1219 955 toris.Nunc
1235 925 1366 954 demum
1373 922 1555 954 voluntaria
1569 920 1736 961 generatio

1033 970 1253 1000 voluntarium
1268 969 1405 1000 exhibet
1418 967 1628 1005 sacrificium,
1639 965 1735 1004 juxta

1034 1015 1115 1045 illud
1127 1024 1135 1045 z
1155 1016 1338 1047 Voluntarie
1348 1013 1528 1051 sacrificabo
1541 1013 1613 1049 tibi,
1625 1013 1654 1042 et
1664 1019 1735 1042 con-

1032 1061 1139 1098 fitebor
1150 1061 1269 1090 nomini
1282 1061 1348 1096 zuo,
1362 1060 1507 1095 Domine,
1519 1058 1667 1097 quoniam
1681 1056 1736 1087 bo·

1035 1115 1108 1136 num
1123 1108 1177 1136 est.

1073 1151 1104 1181 ¹⁴.
1113 1152 1189 1190 [Hoec
1199 1152 1242 1181 est
1253 1151 1406 1189 qeneratz’o
1414 1149 1616 1188 quaerentium
1627 1148 1739 1179 Domi·

1035 1206 1120 1227 num.
1143 1196 1365 1234 Quaerentium
1375 1216 1384 1232 ,
1407 1203 1448 1224 an
1473 1194 1665 1224 habentium
1687 1192 1738 1222 di-

1035 1243 1124 1273 cam?
1133 1242 1331 1271 llabentium
1340 1241 1453 1279 utique
1463 1240 1496 1269 et
1502 1239 1717 1277 quaerentium
1725 1245 1736 1266 τ

1035 1288 1181 1326 alioquin
1195 1294 1260 1317 non
1278 1288 1411 1325 possent
1429 1292 1576 1323 quaerere
1599 1292 1664 1314 non
1681 1284 1738 1314 ha-

1035 1332 1160 1362 bentes.
1169 1331 1232 1361 Sed
1239 1330 1319 1368 quid
1326 1330 1496 1365 habenteS,
1505 1329 1560 1358 aut
1567 1328 1645 1367 quid
1652 1337 1739 1366 quae-

1035 1377 1168 1408 rentes?
1182 1377 1243 1406 Vel
1267 1376 1376 1414 potius
1393 1374 1551 1413 quomodo
1567 1374 1736 1412 habentes,

1035 1421 1193 1461 quomodo
1201 1419 1533 1459 requirente53Verlm
1546 1419 1648 1458 geniti
1661 1420 1739 1449 Ver-

1036 1469 1111 1498 bum
1121 1468 1254 1498 habent.
1264 1466 1428 1505 Numquid
1436 1465 1663 1496 non‘Verbum
1676 1465 1738 1495 Do-

1035 1514 1164 1545 minus?
1187 1514 1373 1543 Johannem
1393 1511 1489 1542 audi:
1516 1512 1558 1541 Et
1571 1513 1654 1541 Deus
1671 1513 1740 1541 erat

1038 1560 1184 1592 Verbum.
1200 1558 1286 1596 Quid
1294 1566 1370 1597 ergo
1386 1558 1454 1594 jam
1467 1556 1606 1594 amplius
1622 1555 1739 1594 quaerit

1035 1605 1201 1643 generatio
1209 1604 1426 1643 quaerentium
1434 1603 1607 1633 Dominum
1614 1601 1625 1631 ἓ
1633 1601 1740 1632 Consi-

1037 1652 1111 1681 dera
1123 1651 1203 1689 quid
1213 1650 1368 1689 sequatur
1379 1649 1415 1679 in
1431 1649 1553 1688 psalmo
1566 1657 1574 1677 :
1596 1649 1669 1678 Hoec
1683 1649 1738 1684 est,

1037 1697 1153 1735 inquit,
1175 1697 1329 1735 qencratzo
1343 1695 1545 1734 quoerentium
1557 1694 1738 1730 Dominum,

1036 1744 1238 1781 quoerentium
1251 1742 1361 1780 faciem
1375 1741 1434 1771 Dei
1454 1739 1562 1770 Jacob.
1583 1738 1739 1768 Eumdem

1038 1788 1172 1826 proinde
1199 1787 1323 1817 habent
1350 1785 1473 1824 pariter
1498 1785 1532 1814 et
1555 1783 1740 1823 requirunt,

1036 1834 1112 1873 quia
1126 1842 1212 1863 unus
1238 1833 1392 1870 idemque
1407 1831 1441 1861 et
1459 1830 1604 1860 Verbum
1617 1829 1740 1866 Patris,

1037 1880 1070 1910 et
1095 1878 1246 1917 splendor
1271 1878 1416 1916 paternae
1439 1876 1547 1914 gloriae
1578 1875 1638 1905 est.
1660 1876 1699 1904 Et
1713 1875 1741 1905 is

1037 1924 1168 1963 quidem
1193 1932 1259 1953 non
1286 1922 1440 1961 quaesitus
1467 1921 1581 1951 haberi
1605 1921 1742 1951 forsitan

1037 1971 1162 2009 potest3
1188 1977 1253 1998 non
1272 1968 1406 1998 habitus
1431 1968 1540 1997 autem
1555 1966 1657 2005 quaeri
1672 1974 1742 1996 om-

1037 2017 1116 2046 nino
1130 2024 1194 2045 non
1214 2014 1333 2053 potest.
1349 2013 1499 2051 Denique
1520 2012 1590 2051 ipsa
1606 2013 1655 2042 est
1669 2020 1743 2050 quae

1039 2062 1078 2092 de
1093 2069 1126 2091 se
1142 2060 1286 2099 loquitur
1301 2059 1467 2097 Sapientia
1481 2067 1490 2087 z
1508 2059 1568 2097 Qui
1591 2058 1651 2087 edit
1669 2066 1718 2087 ‘me
1730 2078 1741 2094 ,

1039 2108 1136 2138 adhuc
1151 2107 1273 2137 esuriet.
1293 2105 1414 2134 Potens
1435 2104 1505 2142 ipse
1523 2103 1570 2133 est
1584 2102 1742 2141 praestare

1039 2160 1073 2182 se
1095 2151 1195 2182 etiam
1210 2157 1275 2179 non
1291 2148 1471 2188 quaerenti,
1498 2147 1553 2186 qui
1576 2146 1632 2187 (ut
1647 2153 1743 2185 snpra

1039 2194 1256 2234 ostendimus)
1274 2194 1315 2224 de
1329 2194 1458 2224 cumulo
1469 2193 1581 2232 gratiae
1597 2192 1630 2222 et
1642 2192 1744 2222 bene-

1040 2243 1181 2273 dictione
1196 2240 1379 2271 dulcedinis
1393 2239 1521 2278 quaerit,
1537 2238 1570 2268 et
1583 2236 1746 2276 praevenit

1040 2288 1145 2318 adhuc
1160 2293 1304 2325 quaerere
1317 2292 1384 2315 non
1399 2284 1557 2314 valentes.
1571 2284 1671 2313 Nemo
1686 2290 1744 2313 au-

1041 2335 1106 2363 tem
1122 2333 1199 2362 ante
1221 2331 1359 2361 idoneus
1379 2337 1543 2368 quaerere,
1565 2336 1663 2367 quam
1683 2327 1744 2358 ha·-

1041 2380 1119 2409 bere
1134 2387 1142 2407 :
1159 2377 1234 2416 quia
1249 2386 1338 2407 nemo
1350 2397 1362 2414 ,
1376 2376 1506 2414 inquit,
1520 2376 1604 2406 venit
1623 2375 1664 2405 ad
1676 2382 1743 2411 me,

1040 2426 1101 2454 nisi
1114 2426 1209 2454 Pater
1223 2432 1308 2453 meus
1320 2423 1454 2452 traxerit
1469 2429 1549 2451 cum.
1560 2419 1656 2450 Adest
1667 2426 1743 2456 ergo

1041 2469 1096 2507 qui
1118 2468 1236 2506 trahit,
1259 2468 1293 2498 et
1318 2467 1458 2506 quodam
1484 2466 1581 2496 modo
1602 2463 1741 2494 necdum

1042 2514 1150 2551 adest,
1180 2513 1237 2551 qui
1262 2521 1327 2543 non
1359 2513 1423 2542 alio
1451 2510 1554 2541 trahit.
1582 2517 1679 2547 quam
1701 2507 1742 2538 ad

1041 2560 1197 2598 seipsum.
1211 2558 1394 2597 Numquam
1409 2557 1515 2594 enim,
1533 2563 1594 2585 nec
1607 2562 1739 2593 usquam

1041 2605 1113 2634 sine
1128 2604 1210 2633 Filio
1224 2604 1319 2633 Pater
1330 2602 1423 2633 adest
1444 2609 1503 2640 per
1520 2600 1618 2630 fidem
1631 2621 1641 2638 ,
1651 2599 1689 2630 ut
1702 2598 1743 2629 ad

1041 2650 1186 2687 speciem
1221 2649 1341 2679 trahat.
1363 2645 1525 2684 Quomodo
1551 2653 1626 2685 ergo
1655 2652 1742 2676 nnnc
