1846 3078
507 247 551 275 1N
576 241 775 275 CANTICA
799 240 948 271 SERMO
975 240 1103 270 LVIII.

129 305 163 336 2.
179 304 217 337 Et
228 303 276 336 est
286 296 481 335 desiderium
498 302 694 338 vehemens,
707 298 791 337 quod

92 357 163 380 eam
176 359 239 380 non
250 349 374 380 tantum
386 355 515 384 surgere
525 368 534 385 ,
547 346 604 375 sed
616 346 649 376 et
662 350 791 383 surgere

91 394 282 425 festinanter
296 392 520 424 sollicitat.Sic
535 392 655 430 quippe
670 391 791 421 habes:

92 443 188 479 Surqe
199 462 208 477 ,
240 449 393 478 propera,
418 441 446 469 et
479 439 559 468 veni.
585 438 650 467 Nec
680 443 794 474 parum

92 486 249 515 confortat
277 484 364 523 quod
391 484 501 521 audit,
532 484 623 520 veni,
652 482 686 512 et
710 488 773 510 non
785 501 794 517 ,

90 530 173 561 vade
190 538 274 568 :per
299 530 359 559 hoc
383 538 416 559 se
438 528 625 566 intelligens
649 533 714 556 non
730 526 796 563 tam

90 575 196 613 mitti,
223 583 321 613 quam
353 574 449 610 duci,
475 574 508 604 et
541 580 651 603 secum
675 569 798 609 pariter

91 628 243 658 sponsum
256 629 325 651 esse
340 620 527 651 venturum.
537 618 622 656 Quid
635 617 723 647 enim
737 615 798 645 dit-

90 664 177 694 ficile
193 666 255 695 sibi
272 666 326 695 illo
338 664 457 694 comite
472 661 624 701 reputet?
638 663 723 692 Pone
738 669 796 696 me,

91 709 320 748 inquit,jtwcla
343 712 387 745 le,
402 711 431 739 et
445 708 576 745 cujusvis
600 714 713 736 manus
721 713 800 743 paq-

92 756 144 785 net
160 757 268 785 contra
288 764 348 785 me.
374 755 477 784 Item:
495 754 530 783 Si
550 751 747 782 ambulavero
768 751 799 778 in

91 801 190 830 medio
212 801 329 831 umbroe
344 800 452 830 mortis
462 819 473 836 ,
489 806 552 827 non
567 795 677 827 timebo
693 795 778 825 mala
789 816 798 831 ,

91 847 240 883 quoniam
256 848 288 875 ta
299 852 417 874 mecum
429 852 474 873 cs.
488 843 558 872 Non
573 842 682 879 itaque
698 840 800 870 susci-

91 892 179 920 tatur
186 891 402 928 praeterquam
413 889 514 926 velit,
522 887 651 926 quando
666 886 701 916 fit
710 886 800 925 prius

93 935 129 965 ut
143 934 224 965 velit
239 943 248 963 τ
263 934 350 972 quod
361 941 425 963 non
437 933 487 964 est
500 931 608 970 aliud,
620 931 684 961 nisi
698 931 799 961 sancti

92 980 235 1020 quaestus
264 979 407 1010 immissa
441 977 593 1009 aviditas.
631 977 801 1007 Animatur

93 1026 193 1056 etiam
209 1025 250 1055 ad
270 1033 351 1064 opus
372 1024 566 1062 injunctum,
579 1023 612 1054 et
623 1022 663 1053 de
675 1022 802 1060 tempo-

93 1072 139 1101 ris
182 1071 426 1110 opportunitate
463 1069 611 1100 redditur
651 1068 800 1098 alacrior.

92 1118 235 1156 Tempus
264 1116 426 1155 faciendi,
457 1115 585 1154 inquit,
613 1121 632 1144 ο
661 1113 801 1152 Sponsa,

94 1163 172 1201 quia
182 1164 277 1193 hiems
284 1163 406 1193 transiit
414 1183 423 1200 ,
433 1161 561 1200 quando
568 1159 696 1198 operari
708 1167 803 1188 nemo

94 1209 236 1246 poterat.
265 1208 368 1238 Imber
398 1214 546 1245 quoque,
579 1204 637 1243 qui
663 1204 804 1234 inunda-

93 1253 181 1284 tione
199 1254 282 1284 facta
306 1252 475 1291 operiebat
492 1252 633 1288 terram,
660 1250 804 1280 culturas

92 1298 313 1336 impediebat,
335 1298 370 1329 et
390 1299 446 1329 vel.
473 1298 542 1328 sata
569 1296 728 1334 necabat,
751 1296 803 1327 vel

94 1344 159 1373 seri
174 1345 322 1382 vetabat,
339 1344 367 1374 is
378 1365 387 1381 ,
400 1343 550 1382 inquam,
566 1342 671 1372 imber
686 1350 805 1372 excur-

95 1389 159 1427 rit,
175 1389 250 1419 abiit
264 1390 293 1419 et
319 1390 456 1427 recessit,-
476 1390 569 1425 flores
590 1390 804 1426 apparuerunt

94 1436 127 1465 in
143 1437 226 1465 terra
238 1437 345 1465 nostra
355 1456 365 1472 ,
377 1434 545 1464 vernalem
558 1433 704 1471 proiecto
720 1433 805 1462 tem-

93 1481 219 1518 periem
232 1480 344 1510 adesse
352 1479 516 1518 signantes
525 1500 535 1516 ,
547 1478 703 1516 operandi
716 1486 806 1507 com-

95 1525 297 1562 moditatem,
308 1525 436 1563 srugum
449 1524 655 1554 vicinitatem
669 1531 705 1553 ac
717 1522 805 1553 fruc-

94 1572 201 1602 tuum.
218 1570 344 1601 Deinde
360 1570 490 1608 subdit,
506 1568 565 1600 ubi
591 1568 624 1599 et
639 1569 718 1608 quid
739 1569 806 1609 pri-

95 1624 186 1646 muni
214 1616 342 1654 operari
370 1615 519 1653 oporteat
540 1623 549 1643 ε
578 1616 726 1653 Tempus,
754 1615 806 1645 in-

95 1661 228 1699 quiens,
253 1662 424 1699 putationis
456 1661 591 1691 advenit.
619 1660 666 1690 Ad
693 1660 806 1691 vineas

97 1714 171 1743 ergo
197 1706 392 1736 excolendas
413 1706 545 1736 ducitur
561 1714 568 1735 :
586 1714 659 1744 quae
680 1706 716 1736 ut
732 1714 807 1744 pos-

98 1751 162 1781 sint
188 1752 393 1782 uberioribus
421 1751 584 1781 fructibus
608 1751 805 1789 respondere

97 1796 236 1833 colonis,
264 1797 339 1826 ante
363 1796 472 1825 omnia
496 1804 629 1827 necesse
661 1796 712 1826 est
739 1804 807 1826 sar-

97 1841 207 1870 menta
229 1841 354 1870 sterilia
378 1840 515 1879 projici,
538 1841 662 1871 succidi
685 1841 806 1879 noxia,

99 1887 205 1924 putari
222 1886 398 1924 superflua.
415 1887 490 1917 Haec
503 1887 597 1924 juxta
608 1887 766 1917 litteram.

140 1933 172 1961 5.
188 1933 278 1962 Nunc
298 1932 365 1969 jam
379 1932 570 1970 videamus,
596 1932 675 1970 quid
699 1932 808 1962 istius-

99 1978 188 2007 modi
202 1977 294 2016 quasi
306 1978 460 2008 historico
475 1979 641 2008 schemate
654 1978 808 2016 spiritua-

97 2023 174 2053 liter
198 2023 292 2053 nobis
317 2024 473 2053 innuatur
493 2023 752 2062 intelligendum.
770 2024 809 2053 Et

98 2067 210 2097 vineas
221 2068 354 2106 quidem
363 2069 487 2098 animas
500 2077 569 2099 esse
579 2069 632 2099 vel
642 2069 807 2106 ecclesias,

99 2113 261 2151 simulque
272 2135 281 2151 ,
296 2113 395 2151 hujus
418 2114 467 2143 rei
482 2114 643 2144 rationem
658 2122 808 2152 quaenam

99 2158 160 2196 sit,
174 2159 245 2188 dixi
260 2159 351 2189 vobis
363 2159 430 2196 jam
446 2160 479 2190 et
493 2159 640 2198 audistis,
653 2168 713 2189 nec
729 2168 809 2198 opus

99 2202 228 2234 habetis
254 2203 370 2234 iterato
398 2205 523 2235 audire.
537 2205 584 2235 Ad
612 2205 670 2235 has
698 2205 808 2243 itaque

99 2249 303 2288 revisendas,
332 2250 557 2289 corrigendas,
581 2250 808 2288 instruendas,

100 2294 285 2332 salvandas,
309 2295 417 2326 anima
440 2296 616 2334 perfectior
630 2296 790 2326 invitatur
800 2318 809 2334 ,

100 2347 171 2376 quae
183 2340 293 2369 tamen
307 2339 341 2370 id
350 2341 526 2371 ministerii
542 2342 654 2372 sortita
668 2341 730 2380 sit,
745 2350 809 2372 non

102 2391 158 2413 sua
172 2384 349 2416 ambitione
363 2407 372 2423 ,
399 2386 457 2415 sed
472 2387 586 2416 vocata
602 2394 618 2416 a
634 2387 703 2429 Deo
728 2388 810 2417 tam-

102 2437 199 2467 quam
215 2429 330 2459 Aaron.
359 2432 455 2460 Porro
481 2431 631 2461 invitatio
647 2432 716 2470 ipsa
732 2432 809 2470 quid

104 2476 171 2512 est,
186 2475 249 2506 nisi
266 2475 382 2506 intima
397 2476 544 2514 quaedam
563 2478 742 2507 stimulatio
758 2487 810 2508 ca-

102 2521 207 2551 ritatis
222 2522 275 2560 pie
291 2530 348 2551 nos
363 2522 570 2560 sollicitantis
585 2523 733 2552 :emulari
745 2523 812 2552 fra-

103 2567 228 2597 ternam
254 2567 410 2604 salutem,
427 2568 571 2598 aemulari
589 2568 739 2598 decorem
755 2569 812 2599 do·

103 2619 175 2642 mus
187 2613 328 2651 Domini,
339 2613 716 2644 incrementalucrorum
729 2614 810 2653 ejus,

107 2658 304 2688 incrementa
333 2658 462 2697 frugum
476 2658 612 2696 justitiae
637 2659 724 2699 eJ’us,
741 2661 811 2690 lau-

254 2712 279 2729 Ο.

1471 241 1528 270 537

826 297 899 327 dem
927 295 961 327 et
986 294 1120 334 gloriam
1149 291 1292 324 nominis
1310 294 1396 331 ejiis?
1423 296 1532 325 {stiurm

826 343 913 373 modi
938 342 1047 380 itaque
1063 339 1148 370 circa
1173 339 1279 368 Deum
1301 339 1460 376 religiosis
1484 341 1532 370 ns-

826 388 965 418 fectihus
979 385 1106 424 quoties
1127 384 1155 414 is
1175 382 1231 422 qui
1252 382 1380 413 animas
1401 392 1532 422 regere,

827 434 882 463 aut
906 432 1014 463 studio
1037 427 1278 470 praedicationis
1301 436 1343 458 ex
1364 427 1469 457 officio
1486 429 1533 458 inr-

828 479 963 509 tendere
976 474 1269 515 habet,h01ninem
1287 481 1381 504 suum
1398 473 1534 503 interio-

829 533 901 555 rem
935 522 1075 554 senserit
1112 520 1317 560 permoveri3
1352 518 1451 549 toties
1480 527 1536 556 pro

829 569 919 599 certo
934 569 1093 606 Sponsum
1109 567 1221 597 adesse
1242 564 1424 602 intelligat,
1440 563 1538 593 toties

831 625 865 646 se
881 617 921 646 ab
937 616 993 645 illo
1018 615 1061 645 ad
1081 615 1194 645 vineas
1216 612 1364 643 invitari.
1381 611 1428 640 Ad
1442 609 1540 648 quid,

829 660 894 691 nisi
915 661 953 690 ut
968 660 1091 691 evellat
1113 659 1149 690 et
1163 657 1330 696 destruat,
1351 656 1385 688 et
1400 655 1541 687 aedificet

830 706 863 736 et
886 705 1036 744 plantet?

870 751 902 781 [ι.
917 753 1040 782 Verum
1064 749 1219 790 quoniam
1238 748 1330 788 operi
1348 747 1444 785 huic,
1456 745 1543 776 sicut

831 798 864 828 et
879 797 966 827 omni
982 796 1032 827 rei
1044 797 1104 827 sub
1116 797 1210 835 coelo,
1221 803 1287 825 non
1302 801 1397 825 omne
1412 793 1543 830 tempus

831 843 978 882 suppetit
1002 843 1035 873 et
1064 843 1177 881 aptum
1202 841 1252 872 est
1266 863 1276 879 ,
1311 839 1403 870 addit
1428 838 1456 868 is
1484 837 1541 876 qui

831 889 968 928 invitat,
994 889 1125 926 tempus
1154 886 1333 926 putationis
1357 883 1540 915 advenisse.

831 933 951 963 Adesse
971 933 1032 963 hoc
1046 932 1184 963 noverat
1207 931 1266 969 qui
1291 928 1423 960 dicebat
1439 937 1447 957 τ
1465 929 1543 957 Ecce

831 987 914 1008 'itanc
929 980 1047 1016 tempas
1073 976 1259 1015 acceptabile
1269 997 1281 1012 ,
1305 983 1371 1005 cccc
1386 982 1468 1003 nunc
1481 973 1543 1002 (lies

831 1025 960 1062 salutis,-
975 1021 1092 1053 nemini
1102 1023 1208 1052 dantes
1223 1022 1322 1051 ullam
1336 1019 1542 1056 offensionem,

831 1071 865 1100 at
879 1078 941 1099 non
956 1070 1146 1108 vituperetur
1165 1068 1372 1098 ministerium
1386 1066 1543 1095 nostrum.

832 1114 956 1144 Vitiosa
971 1114 1041 1144 sine
1069 1113 1169 1143 dubio
1192 1113 1290 1151 atque
1314 1110 1498 1150 superflua,
1511 1110 1545 1139 et

833 1167 931 1190 omne
945 1159 1088 1197 denique
1104 1158 1191 1197 quod
1205 1157 1440 1188 offendiculum
1453 1156 1544 1191 dare,

834 1206 868 1236 et
881 1205 1042 1244 impedire
1058 1205 1202 1234 fructum
1220 1203 1335 1234 salutis
1350 1201 1471 1241 possit,
1485 1209 1546 1239 pu-

833 1251 902 1281 tare
916 1251 983 1289 J'am
1005 1251 1039 1281 et
1066 1258 1214 1280 resecare
1239 1248 1410 1286 monebat,
1438 1247 1546 1277 sciens

834 1298 911 1335 quia
926 1298 1055 1334 tempus
1076 1295 1255 1334 putationis
1270 1293 1453 1325 advenerit.
1467 1292 1545 1322 Ideo

835 1343 869 1373 et
890 1342 1000 1372 aiebat
1021 1341 1111 1371 fideli
1136 1341 1265 1372 cuidam
1293 1339 1410 1370 cultori
1434 1338 1548 1368 vinea·

834 1395 926 1418 rum:
941 1387 1057 1425 Arque,
1073 1388 1216 1425 increpa,
1229 1386 1372 1422 obsecra,-
1389 1384 1422 1413 in
1438 1382 1545 1421 primo

836 1433 869 1463 et
883 1433 1026 1462 secundo
1053 1433 1168 1462 horum
1194 1430 1400 1469 putationem
1418 1428 1472 1458 vel
1489 1435 1550 1456 ex-

835 1477 1079 1515 stirpationem,
1106 1476 1142 1506 in
1165 1476 1281 1506 ultimo
1307 1472 1544 1512 plantationem

836 1524 996 1555 indicens.
1006 1524 1044 1553 Et
1059 1524 1128 1553 haec
1142 1521 1277 1560 quidem
1293 1527 1428 1558 sponsus
1439 1525 1499 1556 per
1513 1525 1548 1546 os

835 1571 927 1601 Pauli
948 1571 988 1600 de
1012 1570 1160 1607 tempore
1185 1566 1354 1607 operandi.
1381 1564 1445 1594 Sed
1471 1563 1546 1593 audi

835 1616 913 1654 quid
924 1624 983 1654 per
991 1615 1160 1653 proprium
1171 1622 1206 1643 os
1220 1613 1260 1642 de
1275 1613 1460 1649 temporum
1471 1617 1548 1638 con—

835 1660 1044 1698 sideratione,
1054 1659 1113 1689 sub
1123 1659 1186 1688 alio
1194 1657 1325 1696 quidem
1335 1663 1445 1686 rerum
1455 1655 1548 1685 sche-

835 1706 921 1736 mate
943 1706 977 1736 et
996 1704 1147 1742 nomine,
1162 1712 1237 1733 cum
1257 1710 1340 1732 nova
1367 1708 1484 1739 sponsa
1507 1699 1549 1729 sit

836 1751 975 1781 locutus.
992 1752 1102 1781 Nonne
1117 1758 1171 1780 vos
1191 1749 1309 1785 dicitis,
1333 1746 1460 1784 inquit,
1476 1746 1549 1783 quia

836 1799 971 1836 quatuor
999 1804 1117 1826 menses
1138 1796 1229 1830 sunt,
1255 1795 1284 1823 et
1307 1793 1411 1822 messis
1439 1791 1520 1820 venit
1535 1790 1547 1817 :³

837 1844 915 1872 Ecce
930 1844 996 1872 dico
1011 1842 1096 1872 vobis
1112 1850 1122 1870 .·
1137 1841 1248 1870 Levate
1272 1837 1375 1868 oculos
1390 1837 1505 1865 vestros
1521 1836 1550 1864 et

836 1889 932 1918 videte
959 1888 1115 1926 reqiones,
1131 1886 1204 1924 quia
1219 1884 1297 1914 albae
1327 1883 1398 1912 sant
1416 1881 1487 1917 jam
1509 1881 1548 1910 aa

836 1941 975 1963 messem.
992 1933 1073 1962 Item
1083 1953 1092 1969 ,
1103 1931 1209 1961 Messz's
1223 1929 1343 1967 quidem
1351 1927 1468 1962 multa,
1482 1934 1550 1964 ope-

837 1980 918 2009 rarii
929 1979 1023 2017 pauci
1037 1987 1047 2007 .·
1063 1978 1169 2016 roqate
1192 1975 1363 2005 Dominam
1376 1972 1500 2007 messis,
1516 1973 1550 2000 ui

837 2026 940 2055 mittat
964 2024 1123 2063 operarios
1138 2023 1170 2052 in
1195 2028 1321 2051 messem
1335 2026 1436 2049 suam.
1460 2017 1551 2046 Sicut

838 2070 939 2108 igitur
961 2070 1008 2099 ibi
1036 2067 1182 2098 metendi
1211 2066 1396 2095 animarum
1423 2062 1552 2100 segetes

837 2117 968 2154 tempus
992 2115 1104 2145 adesse
1130 2111 1349 2148 monstrabat,
1368 2109 1414 2139 ita
1437 2109 1471 2137 et
1497 2107 1551 2136 hic

839 2161 952 2191 vineas
972 2168 1064 2198 aeque
1090 2156 1337 2195 intelligibiles,
1363 2153 1399 2183 id
1415 2152 1465 2182 est
1480 2152 1549 2181 ani-

839 2214 907 2236 mas
921 2205 978 2236 vel
993 2203 1165 2241 ecclesias,
1180 2203 1311 2239 tempus
1332 2197 1471 2238 putandi
1496 2196 1552 2226 ad-

839 2250 968 2280 venisse
1007 2247 1202 2285 denuntiat3
1232 2246 1267 2276 id
1295 2243 1432 2275 forsitan
1466 2242 1553 2271 inter

839 2297 992 2335 utrasque
1004 2303 1058 2325 res
1066 2294 1180 2324 volens
1197 2291 1432 2322 vocabulorum
1445 2287 1554 2317 diver-

840 2342 935 2372 sitate
961 2339 1141 2379 distingui,
1157 2339 1194 2369 ut
1209 2345 1330 2367 messes
1353 2335 1486 2374 plebes,
1500 2333 1552 2362 vi-

840 2395 918 2418 neas
933 2385 1197 2425 congregationes
1213 2382 1398 2413 sanctorum
1419 2378 1552 2410 cohabi-

841 2433 981 2463 tantium
996 2431 1230 2469 intelligamus.

882 2472 913 2508 5.
929 2480 1024 2508 Porro
1036 2477 1180 2507 hiemale
1197 2476 1348 2511 tempus,
1371 2467 1455 2507 quod
1470 2474 1552 2505 prae-

842 2522 969 2556 teriisse
984 2521 1163 2560 significat,
1187 2518 1270 2549 illud
1286 2516 1366 2547 mihi
1381 2513 1551 2550 designare

843 2568 995 2607 videtur,
1023 2575 1098 2598 cum
1124 2565 1280 2596 DomInus
1300 2563 1390 2591 Jesus
1404 2558 1469 2594 jam
1486 2564 1552 2586 non

844 2615 949 2652 palam
959 2612 1140 2644 ambularet
1151 2609 1236 2649 apud
1250 2607 1376 2638 Judaeos
1388 2626 1398 2642 ,
1411 2611 1448 2633 eo
1463 2601 1549 2640 quod

846 2657 1082 2699 conspirassent
1105 2656 1259 2687 adversus
1282 2659 1386 2722 euni,2
1395 2646 1548 2709 jolentes
