1830 3073
225 263 245 291 2
690 264 720 290 S.
747 260 984 290 BERNARDI
1010 261 1207 290 ABBATIS

226 323 317 346 cesse
331 315 391 347 est.
403 315 528 347 Lavabo
537 337 547 353 ,
560 316 625 355 ait,
640 325 695 355 per
705 315 841 353 singulas
855 323 929 343 noc·
962 314 1037 344 ante
1049 314 1184 345 brevem
1206 324 1275 347 esse
1294 318 1445 349 dolebant
1458 318 1590 357 peccato
1609 317 1658 349 vi-

227 363 269 391 tes
280 361 389 391 lectum
408 369 531 398 meum,
547 361 584 390 ut
599 359 803 390 conscientiae
821 366 930 387 macu-
960 358 1024 387 tam
1035 379 1044 395 ,
1059 366 1145 389 nunc
1162 360 1309 391 eamdem
1329 363 1466 400 repente
1490 363 1664 393 inveniant

224 405 272 436 las
285 405 419 436 diluam.
430 407 590 444 Lacrj’mis
600 406 673 435 meis
685 405 929 435 stratummeum
959 411 1059 441 usque
1074 404 1155 434 adeo
1173 405 1411 446 prolongatam,
1429 407 1466 438 ut
1491 416 1603 438 secure
1624 416 1658 437 se

223 451 330 490 r1‘9abo
339 472 350 489 ‚
361 459 404 481 ne
413 451 449 481 in
458 459 511 481 me
522 458 650 489 quoque
661 449 716 479 fiat
728 448 814 486 quod
825 448 929 486 scrip-

223 498 294 526 tum
315 497 364 526 est
385 496 424 526 de
441 496 565 526 semine
587 494 672 533 quod
692 494 812 523 cecidit
832 501 927 531 supra

223 541 349 579 petram
360 563 370 579 ‚
386 542 420 571 et
434 542 546 571 natum
567 540 673 578 aruit,
688 539 773 578 quia‘
788 546 854 569 non
869 538 927 568 ha—

223 586 321 617 bebat
335 587 517 616 humorem.

262 632 294 662 5.
318 633 511 662 Eri-averunt
535 632 569 660 in
597 628 776 665 solitudine,
802 629 837 658 in
858 629 925 659 ina-

222 685 316 715 quoso
329 687 339 706 .-
354 678 434 707 viam
462 676 589 705 ciritatis
611 674 782 704 habitaculi
798 682 862 704 non
876 675 926 704 in-

223 724 380 752 venerunt.
394 721 589 750 Erraverunt
599 720 695 757 plane
708 719 741 748 in
754 720 843 749 invio
853 741 862 757 ,
879 721 913 750 et

221 775 286 797 non
301 767 335 797 in
350 767 413 797 via.
427 767 535 803 Neque
546 765 633 794 enim
645 765 699 794 via
715 765 763 795 est
778 765 842 795 lata
857 766 922 796 via.

222 812 395 842 Rectitudo
410 811 528 848 quippe
544 810 584 840 ad
599 810 706 848 viam,
720 811 860 841 latitudo
885 812 923 841 ad

219 857 390 895 planitiem
414 856 514 893 magis
539 864 637 894 quam
664 856 705 885 ad
719 856 807 885 viam
822 857 925 894 perti—

959 455 1050 484 posse
1064 449 1180 486 putent
1199 457 1265 479 non
1288 452 1447 482 modicam
1463 453 1566 482 adhuc
1585 461 1659 491 par-

958 493 1026 522 tem
1040 502 1229 525 consumere
1245 495 1279 525 in
1300 497 1459 536 peccatis,
1476 498 1561 536 quod
1580 498 1659 527 reli-

942 536 1019 575 'qua
1035 539 1130 577 longa
1147 539 1208 578 sit,
1228 540 1262 570 et
1281 540 1421 571 sufficiat
1442 542 1482 572 ad
1501 543 1658 581 agendam

940 575 942 599 Ι
955 584 1183 620 poenitentiam
1198 593 1255 623 pro
1270 587 1424 624 peccatis.
1439 587 1599 617 Caeterum
1613 588 1659 617 si-

956 629 1011 658 cut
1033 629 1214 668 prioribus,
1234 630 1300 660 nisi
1328 631 1546 669 resipuerint,
1561 632 1660 661 timor

955 681 1053 711 quem
1077 674 1196 704 timent
1223 676 1379 713 eveniet,
1403 677 1502 706 immo
1528 677 1660 715 gravius

954 727 1052 756 quam
1062 719 1148 758 quod
1158 721 1315 750 verentur
1327 721 1453 751 accidet
1465 722 1510 751 eis
1520 743 1529 759 ,
1543 722 1580 751 ut
1592 729 1657 751 non

954 765 1047 795 modo
1056 765 1249 803 flagitiorum
1257 766 1386 804 tempus
1393 767 1550 796 velociter
1559 768 1659 796 trans-

939 811 1024 849 eat,
1045 811 1103 841 sed
1119 812 1151 841 et
1171 811 1323 841 succedat
1342 814 1488 849 tempus,
1509 812 1565 842 aut
1588 820 1660 841 ma-

953 855 1001 892 gis
1024 856 1187 886 aeternitas
1209 856 1441 894 suppliciorum
1458 866 1465 885 :
1484 856 1530 886 ita
1545 858 1578 887 et
1606 857 1658 887 his

220 903 288 932 net.
306 901 449 931 Solitudo
465 901 499 930 in
514 901 568 930 via
583 901 647 931 lata
663 902 712 931 est
727 901 780 930 via
796 909 805 930 z
822 902 855 931 et
866 902 923 931 ubi
938 895 940 911 '
953 908 1029 930 cum
1043 901 1205 939 dixerint,
1220 902 1287 931 Pax
1302 902 1334 931 et
1349 903 1521 939 securitas;
1537 910 1660 940 repen-

220 947 309 977 nulla
323 947 371 976 est
382 946 453 983 via,
466 947 570 976 totum
584 948 632 976 est
648 947 711 976 vla.
729 946 780 976 Sic
794 947 843 977 θεῖ
857 948 923 977 vita
954 946 1044 977 tinus
1056 947 1448 985 supervenietinteritus,
1459 947 1571 977 utnon
1584 955 1660 984 pos-

221 992 366 1030 exposita
381 992 489 1029 vitiis,
506 992 680 1022 latissimos
701 992 824 1022 habens
846 991 1019 1023 hinc‚sint
1046 1000 1109 1022 nec
1135 993 1307 1022 dimIdiare
1333 992 1422 1030 dies,
1445 992 1563 1030 quibus
1587 1000 1658 1022 sese

220 1038 295 1067 inde
310 1037 481 1075 terminos,
493 1038 571 1075 quia
583 1038 688 1067 nullos
697 1038 852 1068 terminos
868 1038 924 1068 ha-
938 1044 940 1066 Γ
954 1038 1114 1067 somniant
1130 1038 1234 1068 adhuc
1256 1046 1326 1067 esse
1350 1038 1512 1075 victuros3
1532 1046 1596 1067 non
1619 1038 1658 1066 il-

220 1083 311 1112 bens.
331 1083 395 1112 Nec
415 1083 483 1113 vita
508 1091 586 1112 sane
609 1083 746 1112 dicenda
770 1084 836 1121 est,
861 1092 922 1122 qua
938 1117 939 1121 Ἰ
954 1083 1035 1121 lam,
1051 1092 1148 1121 quam
1164 1083 1370 1113 sibiinterim
1385 1084 1597 1121 pollicentur,
1610 1083 1657 1112 di-

218 1129 373 1158 nimirum
402 1128 462 1158 soli
490 1128 613 1159 vivitur
641 1129 758 1167 morti,
773 1130 923 1167 Apostolo
954 1129 1180 1158 mIdiationem
1194 1129 1328 1166 explere
1345 1128 1482 1157 dierum.

218 1174 300 1202 teste
311 1195 319 1209 ,
334 1172 390 1210 qui
402 1173 449 1202 ait
465 1181 473 1202 z
491 1174 570 1212 Quia
584 1175 612 1204 si
621 1175 787 1204 secundum
799 1183 923 1204 carnem
992 1173 1024 1204 a,
1040 1174 1157 1212 Vobis,
1176 1175 1321 1211 Fratres,
1339 1182 1400 1203 nec
1415 1173 1455 1202 ab
1472 1172 1560 1202 inani
1582 1172 1657 1202 tris-

218 1219 375 1255 viaeerz'tIs,
401 1219 587 1248 moriemini.
609 1218 662 1248 Sic
683 1226 745 1249 nec
769 1218 923 1249 circuitus
953 1218 1026 1248 titia
1038 1227 1124 1250 verae
1136 1219 1325 1257 brevitatis,
1345 1227 1406 1248 nec
1423 1227 1440 1247 a
1458 1218 1565 1248 fallaci
1581 1226 1657 1247 con-

218 1263 288 1300 via‚
313 1265 346 1294 et
365 1263 475 1293 tamen
493 1263 668 1301 impiorum
687 1264 736 1293 est
752 1265 826 1302 via,
842 1263 924 1294 sicut
953 1264 1109 1294 solatione
1133 1264 1292 1294 simulatae
1314 1263 1524 1301 longitudinis
1538 1263 1656 1301 timeo,

216 1308 430 1346 scriptumest
446 1317 454 1337 :
468 1310 641 1339 [neit-cuitu
653 1310 740 1348 impii
750 1310 922 1339 ambulant.
953 1309 1038 1347 quod
1050 1309 1229 1339 certissime
1241 1309 1308 1346 jam
1320 1309 1484 1347 coeperitis
1496 1309 1543 1338 ire
1560 1309 1594 1337 in
1611 1309 1658 1337 ci-

218 1354 287 1391 lpsa
302 1354 352 1384 est
377 1354 517 1393 spatiosa
531 1354 603 1392 via,
620 1354 711 1391 cujus
740 1355 924 1385 latitudinis
937 1392 938 1397 ¹
953 1354 1089 1384 vitatem
1106 1354 1317 1385 habitationis
1328 1376 1336 1391 ,
1358 1362 1419 1383 nec
1434 1353 1608 1383 ambuletis
1623 1353 1657 1382 in

217 1399 359 1437 spatium
373 1400 471 1430 nullis
487 1400 649 1430 clauditur
663 1401 778 1438 metis,
790 1401 847 1430 ubi
863 1409 923 1431 nec
955 1400 1063 1438 invio,
1080 1400 1136 1430 sed
1151 1400 1185 1430 ln
1200 1400 1265 1429 vla.
1280 1401 1402 1429 Vereor
1418 1401 1527 1428 autem
1545 1407 1587 1428 ne
1602 1407 1657 1427 vo-

216 1446 272 1475 lex
295 1446 362 1483 est,
379 1453 440 1475 nec
465 1445 701 1483 praevaricatio.
731 1445 922 1482 Huiusmodi
936 1478 937 1484 ἵ
954 1444 1002 1473 bis
1028 1453 1155 1482 quoque
1167 1467 1175 1482 ,
1192 1444 1248 1474 sed
1259 1444 1356 1474 aliter
1367 1466 1375 1481 ,
1391 1444 1459 1473 vita
1473 1444 1541 1482 ipsa
1556 1445 1658 1473 simu-

217 1498 292 1529 ergo
304 1491 380 1520 filiis
392 1490 599 1529 diffidentiae,
612 1490 667 1528 qui
679 1491 762 1520 totos
770 1499 840 1520 sese
853 1490 938 1535 cor-J
954 1488 1072 1517 latione
1089 1488 1302 1526 longitudinis
1321 1488 1459 1518 illudere
1476 1483 1575 1525 velit,
1591 1496 1655 1518 non

217 1536 324 1574 poreis
345 1536 569 1574 voluptatibus
592 1537 626 1565 et
646 1534 786 1574 propriis
810 1537 937 1574 volun-¹
953 1533 1204 1563 consolationem
1222 1534 1298 1564 hinc
1314 1534 1468 1570 afferens,
1485 1534 1541 1563 sed
1556 1534 1658 1571 magis

218 1581 340 1611 tatibus
358 1581 581 1618 tradiderunt,
605 1581 802 1611 fiducialiter
823 1581 937 1619 fallax¹
953 1578 1096 1609 inferens
1111 1579 1354 1609 desolationem.
1367 1580 1501 1616 Vereor,
1511 1579 1655 1616 inquam,

217 1626 285 1656 vita
305 1626 440 1657 brevem
462 1635 532 1657 sese
550 1635 619 1657 esse
636 1627 758 1656 fatetur
769 1648 779 1664 ,
794 1627 832 1657 ut
852 1635 937 1658 car-1
952 1632 993 1653 ne
1010 1624 1190 1662 10ngiorem
1207 1624 1270 1653 sibi
1285 1624 1386 1654 vitam
1403 1632 1568 1662 superesse
1585 1624 1657 1661 quis

217 1671 334 1701 naliter
342 1671 490 1711 doleant,
503 1672 699 1711 quodinstar
708 1672 864 1710 principis
872 1673 922 1702 sui
936 1702 937 1706 ,
952 1670 1121 1708 reputanS,
1139 1670 1171 1699 et
1186 1670 1340 1707 grandem
1366 1669 1427 1699 sibi
1451 1672 1572 1699 restare
1598 1677 1657 1698 au-

218 1717 381 1747 inodicum
390 1718 518 1756 tempus
533 1726 566 1748 se
575 1718 698 1748 habere
713 1719 922 1756 cognoscant,
936 1714 937 1720 ’
952 1717 1079 1745 tumans
1098 1714 1202 1752 viam,
1224 1714 1377 1744 obruatur
1399 1722 1416 1743 a
1440 1713 1657 1751 pusillanimi-

218 1762 314 1799 atque
337 1768 375 1791 eo
394 1761 623 1792 vehementius
651 1761 692 1791 ad
712 1769 807 1791 omne
833 1761 937 1800 flagi-,
953 1760 1019 1790 tate
1037 1760 1188 1798 spiritus,
1205 1760 1238 1789 et
1252 1760 1379 1789 labores
1391 1759 1515 1796 tantos,
1535 1759 1568 1788 et
1590 1759 1655 1787 tam

217 1806 300 1836 tium
315 1806 538 1845 inardescant,
560 1807 644 1837 sicut
669 1806 800 1845 quidam
813 1805 1123 1840 dicerediuturnos
1159 1804 1319 1834 sustinere
1356 1812 1448 1842 posse
1490 1803 1654 1840 desperet.

217 1852 404 1882 referuntur
418 1860 428 1881 t
444 1854 516 1883 Non
531 1861 586 1883 nos
598 1854 762 1891 praetereat
775 1853 831 1890 flos
846 1844 1048 1887 tem-*Quasi
1081 1858 1159 1880 vero
1181 1857 1247 1879 non
1271 1849 1446 1879 secundum
1470 1847 1658 1878 multitudi-

217 1899 300 1935 ρον-ῖς
314 1918 326 1935 ,
353 1906 534 1928 coronemus
567 1907 623 1929 nos
648 1899 727 1928 rosis
756 1899 922 1936 antequam
936 1923 937 1935 ,
952 1905 1027 1927 nem
1039 1896 1186 1926 dolorum
1199 1903 1330 1926 suorum
1343 1895 1377 1924 in
1390 1894 1483 1923 corde
1496 1901 1553 1923 suo
1563 1915 1571 1930 ,
1584 1901 1658 1922 con-

219 1945 419 1973 marcescant.
429 1943 558 1973 Nullum
576 1945 703 1982 pratum
716 1944 755 1974 sit
767 1944 846 1982 qaod
860 1952 921 1973 non
936 1969 938 1980 ,
952 1944 1124 1974 solutiones
1132 1941 1425 1972 divinaelaetificent
1439 1940 1560 1969 animas
1573 1940 1659 1968 elec-

217 1990 411 2025 pertranseat
434 1989 563 2019 luxuria
592 1991 718 2026 nostra,
743 1989 862 2019 nullam
885 1991 923 2020 sit
937 1982 938 1988 ¹
953 1989 1070 2018 torum.
1087 1988 1126 2018 Et
1140 1994 1228 2018 nunc
1242 1986 1374 2024 quidem
1387 1985 1563 2015 secundum
1576 1984 1659 2013 mul-

219 2042 326 2071 expers
340 2034 476 2063 luxuriae
494 2035 626 2070 nostroe,
638 2033 750 2072 ubique
764 2034 923 2072 relinqua·
937 2013 938 2044 ¹
953 2033 1127 2063 titudinem
1148 2032 1316 2068 dolorum,
1340 2032 1417 2060 dum
1441 2030 1546 2059 adhuc
1565 2028 1658 2067 quasi

218 2086 287 2108 mas
299 2080 386 2117 siqua
401 2079 524 2116 laetitiae,
540 2080 687 2118 quoniam
699 2079 761 2109 haec
772 2081 815 2109 cst
830 2088 922 2118 pars,
953 2079 993 2108 ad
1005 2085 1188 2108 mensuram
1201 2077 1328 2106 dantur.
1343 2076 1499 2105 Caeterum
1511 2076 1580 2113 post
1589 2074 1658 2103 hacc

219 2125 248 2152 et
273 2123 334 2153 hoec
361 2126 404 2154 est
427 2134 494 2155 sors
508 2126 627 2155 nostra.
640 2124 680 2154 Et
691 2124 897 2155 manifestius
913 2135 921 2155 :
937 2153 940 2164 ,
955 2124 1206 2160 delectationes,
1222 2130 1285 2151 non
1296 2122 1361 2158 jam
1373 2121 1605 2150 consolationes
1624 2119 1657 2148 in

220 2169 455 2207 illandacemas,
468 2172 496 2201 et
508 2170 667 2209 bibamas3
682 2179 751 2200 cras
763 2172 842 2200 em'm
859 2180 924 2201 mo—
938 2178 940 2187 *
955 2170 1090 2200 dextera
1108 2169 1180 2206 ejus
1191 2176 1293 2206 usque
1310 2168 1345 2196 in
1362 2166 1470 2196 finem.
1484 2164 1659 2202 Concupis-

220 2214 348 2243 riemar.
365 2214 484 2244 Verum
499 2215 533 2245 id
547 2215 696 2254 quidem,
712 2214 924 2253 respondebit
955 2223 1064 2244 camus
1088 2214 1178 2243 illam
1205 2212 1391 2248 dexteram,
1417 2211 1561 2247 FratreS,
1587 2215 1658 2246 quae

221 2258 269 2288 eis
285 2267 355 2288 cras
377 2259 536 2295 injustitia
558 2270 615 2291 sua
631 2270 639 2291 x
656 2270 717 2291 nec
735 2262 923 2291 manentem
939 2273 940 2281 κ
955 2261 1037 2290 totos
1058 2257 1301 2296 amplexabitur
1317 2265 1392 2286 nos:
1406 2255 1603 2293 suspiremus
1619 2253 1660 2283 ad

221 2302 275 2332 hic
290 2302 456 2332 civitatem
471 2304 594 2335 habent
604 2306 657 2335 vel
670 2306 750 2344 ipsi,
767 2305 823 2344 qui
837 2306 923 2336 viam
955 2304 1192 2335 delectationes
1211 2303 1283 2332 illas
1299 2311 1307 2331 z
1323 2303 1361 2332 ut
1386 2302 1469 2331 sicut
1490 2301 1590 2330 breve
1610 2299 1660 2328 est

222 2347 366 2378 civitatis
380 2348 558 2378 habitaculi
568 2359 631 2379 non
644 2351 851 2381 invenerunt.
863 2351 923 2381 Sed
956 2350 1089 2381 omnino
1104 2350 1252 2387 tempus,
1267 2348 1364 2378 etiam
1376 2346 1471 2385 pauci
1487 2345 1660 2375 videantur

222 2393 309 2431 quod
325 2401 363 2423 eo
377 2393 479 2431 magis
494 2402 629 2431 peccare
645 2395 820 2433 festinant,
835 2405 924 2434 pror·
940 2395 942 2411 ¹
956 2396 1047 2426 nobis
1057 2395 1125 2425 dies
1136 2403 1202 2433 prae
1215 2395 1334 2424 amoris
1342 2391 1578 2429 magnitudine.
1588 2391 1660 2420 Non

223 2446 276 2468 sus
304 2438 480 2469 insaniunt.
510 2439 592 2468 Sane
619 2441 742 2470 eisdem
772 2441 869 2480 ipsis,
898 2443 923 2472 si
956 2444 1027 2474 sunt
1048 2443 1202 2480 condiynae
1227 2440 1381 2479 passiones
1406 2438 1497 2475 hujus
1519 2435 1661 2467 temporis

223 2484 350 2522 quando
376 2484 458 2514 forte
491 2484 693 2516 imminentis
721 2486 783 2515 sibi
812 2487 925 2517 mortis
958 2490 997 2518 ad
1017 2488 1159 2525 futuram
1181 2486 1309 2525 gloriam
1336 2492 1403 2523 quae
1432 2481 1613 2512 revelabitur
1628 2480 1660 2507 in

224 2530 384 2568 coeperint
396 2530 529 2560 horrere
557 2531 766 2569 memoriam,
783 2536 817 2561 et
830 2534 927 2562 terrI-
959 2533 1054 2563 nobis.
1072 2531 1218 2561 Jucunda
1238 2529 1423 2567 promissio,
1442 2528 1475 2557 et
1494 2525 1577 2555 votis
1591 2531 1660 2573 om-

227 2575 326 2606 bilem
359 2576 635 2614 exspectationem
660 2576 775 2611 iudicii
798 2580 926 2608 contre·
958 2579 1054 2608 nibus
1069 2575 1306 2615 amplectenda.
1321 2574 1389 2603 Non
1407 2571 1494 2601 enim
1518 2569 1661 2599 adstabi-

225 2621 380 2659 mtsoere,
397 2621 548 2652 continuo
572 2622 648 2653 vitae
676 2622 772 2659 hujus
799 2622 926 2652 fallacia
961 2631 1032 2652 mus
1046 2622 1138 2659 quasi
1159 2621 1274 2650 inanes
1289 2619 1323 2649 et
1333 2616 1428 2647 vacui
1444 2615 1660 2654 spectatores,

228 2664 353 2705 longam
362 2675 396 2698 se
410 2675 479 2699 esse
488 2668 646 2698 mentitur
656 2676 664 2697 ε
675 2667 710 2697 ut
725 2675 819 2707 quam
831 2669 926 2706 paulo
962 2676 1022 2698 nec
1037 2669 1138 2706 gloria
1150 2667 1206 2697 illa
1214 2664 1306 2705 quasi
1315 2663 1523 2706 „extrinsecus
1537 2659 1662 2691 revela-
