1846 3078
281 241 343 273 578

281 295 361 333 quod
380 293 482 324 zelum
502 294 563 325 Dei
576 292 710 332 habent,
725 295 854 324 sednon
877 299 988 322 secun-

281 341 357 369 dum
391 340 562 370 scientiam.
585 369 588 376 Ι
602 339 672 368 Non
706 338 801 368 decet
832 343 985 374 sponsam

283 385 385 416 Verbi
400 393 470 415 esse
485 385 636 415 stultam:
650 391 744 423 porro
759 382 877 412 elatam
892 382 987 410 Pater

281 440 347 462 nou
362 431 512 461 sustinet.
528 432 623 460 Pater
634 430 722 459 enim
731 427 838 465 diligit
853 426 985 463 Filium,

283 478 318 508 et
332 485 463 508 omnem
485 476 697 506 altitudinem
720 473 936 502 extollentem
951 480 986 502 se

282 523 438 554 adversus
469 521 641 552 scientiam
662 518 782 557 Verbi,
800 526 930 556 semper
951 518 985 547 in

279 569 435 608 promptu
472 567 572 597 habet
608 565 753 602 dejicere
791 565 892 603 atque
927 563 987 593 de—

280 616 428 651 struere,
451 613 522 643 sive
543 610 752 640 immittendo
766 610 893 647 zelum,
914 609 984 639 sive

280 658 483 690 intendendo
500 665 662 695 :quorum
692 657 834 686 alterum
858 656 986 686 miseri-

281 706 400 736 cordiae
413 726 422 741 ,
441 702 710 739 alterumjudicii
727 703 788 732 est.
804 702 937 732 Utinam
953 701 985 731 in

281 760 334 781 me
362 757 492 780 omnem
518 748 746 778 extollentiam
769 747 985 786 comprimat,

279 798 382 826 immo
399 794 550 832 dejiciat,
573 795 605 825 et
621 794 662 824 ad
679 794 823 824 nihilum
837 793 985 831 redigat,

279 851 343 873 non
359 849 514 871 accensus
529 840 638 878 furor,
657 840 715 870 sed
733 840 862 870 infusus
878 839 983 869 amor!

279 888 410 917 [tinam
439 886 563 916 discam
603 894 670 916 non
704 885 898 924 superbire,
929 885 985 914 sed

279 934 436 963 unctione
457 934 567 971 potius
579 954 589 970 ,
602 940 701 970 quam
726 931 853 961 ultione
867 931 985 969 magis-

278 979 347 1009 tra!
364 980 496 1009 Domine
512 988 549 1009 ne
562 980 594 1008 in
608 978 717 1016 furore
731 980 784 1008 tuo
798 985 915 1015 arquas
927 985 985 1012 me,

279 1025 362 1055 sicut
375 1025 531 1062 Angelum
548 1024 763 1054 extollentem
779 1031 813 1052 se
828 1022 863 1052 in
878 1022 961 1051 coelo
977 1030 984 1049 :

278 1080 376 1110 neque
392 1073 422 1101 in
438 1072 487 1101 ira
502 1073 558 1101 lua
577 1071 728 1108 corripias
743 1078 791 1099 me
803 1089 813 1105 ‚
826 1067 910 1098 sicut
929 1067 987 1097 ho-

280 1117 404 1146 minem
421 1117 454 1146 in
468 1116 629 1155 paradiso.
653 1115 756 1145 Ambo
777 1114 986 1153 iniquitatem

279 1162 431 1192 meditati
447 1163 523 1192 sunt
535 1184 545 1200 ,
562 1161 771 1191 altitudinem
785 1161 985 1196 affectantes,

280 1210 339 1239 ille
364 1209 543 1247 potentiae,
570 1208 632 1238 iste
654 1207 814 1238 scientiae.
836 1206 986 1244 Denique

280 1255 422 1285 credidit
451 1255 612 1293 insipiens
640 1253 762 1284 mulier
789 1251 962 1291 pollicenti
978 1273 986 1288 ,

280 1300 340 1331 sed
364 1300 534 1330 seducenti
551 1309 559 1329 :
576 1301 674 1330 Eritis
690 1300 768 1330 sicut
793 1299 839 1328 (1ἰί
859 1299 988 1329 scientes

280 1346 394 1376 bonum
409 1349 436 1376 et
450 1347 578 1376 malum.
591 1345 663 1375 Jam
674 1353 745 1375 sese
758 1344 834 1374 ante
850 1343 988 1374 seduxe-

279 1393 348 1428 rat,
361 1392 413 1421 cui
429 1392 636 1429 persuaserat
650 1391 793 1421 similem
807 1390 874 1419 fore
889 1389 988 1419 Altis—

280 1437 376 1466 simo.
399 1437 477 1466 Nam
499 1437 555 1475 qui
578 1445 612 1467 se
638 1438 733 1475 putat
754 1436 880 1475 aliquid
896 1444 985 1472 esse,

281 1490 360 1512 cum
375 1482 460 1511 nihil
476 1482 540 1520 sit,
556 1483 627 1520 ipse
643 1491 676 1512 se
690 1482 830 1512 seducit.

322 1529 354 1558 5.
381 1529 502 1557 Verum
524 1530 663 1566 utraque
690 1527 830 1557 altitudo
858 1526 986 1563 dejecta

281 1574 347 1612 est,
369 1574 426 1603 sed
446 1574 480 1603 in
505 1574 640 1604 homine
665 1573 795 1611 mitius,
817 1572 986 1610 judicante

279 1619 327 1648 ita
343 1619 417 1656 illo,
436 1619 494 1656 qui
510 1620 619 1648 omnia
638 1619 716 1648 facit
736 1619 770 1648 in
786 1618 931 1656 pondere
956 1620 984 1646 ct

278 1673 444 1694 mensura,
459 1665 538 1693 Nam
553 1665 667 1702 angelo
684 1665 717 1693 in
732 1664 841 1693 furore
858 1662 986 1701 punito,

279 1711 385 1740 immo
419 1710 589 1747 damnato,
619 1710 717 1739 homo
746 1709 829 1739 iram
858 1710 987 1738 tantum

279 1756 401 1794 sensit,
430 1757 464 1786 et
488 1764 554 1785 non
584 1755 740 1785 furorem.
769 1755 892 1791 Nempe
914 1761 988 1783 cum
1002 1773 1006 1798 Ι

278 1802 384 1832 iratus
393 1801 472 1839 fuit,
481 1801 713 1831 misericordiae
723 1800 913 1831 recordatus
926 1800 987 1829 est.

279 1848 420 1886 Propter
433 1847 493 1877 hoc
510 1854 622 1877 semen
632 1846 703 1883 ejus
715 1846 774 1876 filii
790 1846 859 1883 irae,
873 1846 905 1875 et
922 1853 986 1874 non

280 1892 403 1923 furoris
416 1915 425 1930 ,
450 1901 553 1931 usque
569 1892 604 1921 in
619 1892 815 1922 hodiernum
831 1892 932 1921 diem.
952 1892 985 1920 Si

279 1947 346 1968 non
380 1947 532 1969 nascerer
565 1938 653 1968 filius
689 1938 746 1968 irae
761 1960 770 1976 ,
806 1946 872 1967 non
906 1945 987 1975 opus

283 1986 369 2015 esset
395 1984 523 2014 renasci
539 1992 547 2013 :
563 1984 591 2014 si
621 1983 740 2014 furoris
767 1983 854 2013 filius
877 1990 988 2012 nasce-

283 2038 357 2068 rer,
373 2031 430 2060 aut
444 2039 508 2060 non
523 2030 734 2068 contigisset,
751 2030 808 2059 aut
825 2037 890 2058 non
915 2037 988 2066 pro-

281 2075 396 2106 fuisset
404 2077 543 2106 renasci.
552 2076 608 2105 Vis
616 2076 728 2106 videre
739 2075 858 2105 furoris
866 2074 989 2104 filium?

280 2122 315 2151 Si
341 2123 453 2153 vidisti
469 2124 615 2152 satanam
629 2123 795 2160 tamquam
811 2121 920 2159 fulgur
935 2128 989 2158 ca—

281 2166 415 2197 dentem
439 2168 478 2197 de
500 2169 603 2206 coelo,
628 2168 714 2206 quod
737 2169 786 2198 est
802 2167 838 2197 in
860 2167 989 2205 impetu

280 2212 401 2243 suroris
421 2215 681 2252 praecipitatum3
699 2215 732 2244 et
748 2213 929 2252 cognovisti
948 2213 988 2243 de

281 2256 392 2287 furore
409 2259 482 2288 Dei.
495 2260 643 2298 Denique
658 2268 722 2289 non
738 2261 786 2290 est
801 2259 989 2289 recordatus

283 2302 515 2333 misericordiae
528 2313 593 2334 suae
609 2315 617 2334 :
635 2306 711 2344 quia
723 2305 908 2335 cumiratus
920 2304 989 2335 sue-

284 2348 351 2386 rit,
390 2349 622 2380 misericordiae
650 2350 874 2381 recordabitur
886 2373 895 2388 ,
924 2358 988 2379 non

284 2402 358 2423 cum
368 2393 436 2432 jam
447 2402 550 2432 usque
560 2395 597 2424 ad
606 2395 748 2426 furorem
759 2395 989 2427 exarseritXae

284 2439 362 2470 filiis
390 2440 599 2470 diffidentiae!
629 2441 680 2471 his
707 2450 836 2480 quoque
864 2442 920 2480 qui
948 2449 990 2471 ex

282 2485 386 2514 Adam
402 2486 497 2524 sunt,
512 2486 568 2524 qui
583 2486 651 2515 nati
668 2486 724 2516 irae
743 2488 802 2517 filii
815 2509 824 2525 ,
848 2487 910 2525 ipsi
927 2489 988 2518 sibi

283 2532 368 2562 iram
382 2532 418 2562 in
440 2531 584 2562 furorem
594 2553 604 2570 ,
618 2532 745 2570 virgam
766 2533 801 2562 in
816 2533 966 2563 haculum
980 2557 988 2573 ,

285 2579 388 2608 immo
397 2579 431 2608 in
439 2578 595 2608 malleum
605 2578 765 2608 diabolica
773 2579 990 2610 obstinatione

287 2624 494 2654 convertunt.
520 2623 669 2662 Denique
695 2623 908 2654 thesaurizant
932 2625 992 2655 sibi

289 2674 368 2701 isam
385 2671 414 2700 in
431 2671 477 2700 <lie
493 2671 558 2700 ἐγω,
577 2669 626 2699 Ira
641 2670 748 2700 autem
765 2670 966 2700 accumulata
982 2692 989 2708 2
1006 2691 1008 2696 »

1006 2699 1012 2712 Ι

751 243 783 269 S.
816 241 1049 270 BERNARDt
1068 242 1261 269 ABBATls

1021 291 1100 328 quid
1110 291 1175 321 nisi
1193 290 1304 321 furor?
1317 290 1537 322 peccaverunt
1550 291 1720 330 peccatum

1021 337 1142 367 diaboli
1155 359 1165 375 ,
1183 338 1216 367 et
1226 337 1347 367 diaboli
1361 338 1525 368 sententia
1538 339 1722 376 percelluns

1019 384 1084 412 tur.
1106 383 1160 412 Vae
1184 383 1304 420 etiam,
1329 384 1475 421 quamvis
1496 383 1630 422 mitius,
1651 383 1722 422 qui-

1019 427 1155 457 busdam
1170 428 1247 457 filiis
1262 428 1337 465 irae,
1358 428 1414 466 qui
1428 428 1497 458 nati
1517 428 1636 466 inira,
1657 435 1722 459 non

1019 474 1295 511 exspectaverunt
1304 474 1427 503 renasci
1437 475 1471 504 in
1478 474 1591 513 gratia.
1599 475 1721 513 Nempe

1018 519 1138 549 mortui
1154 519 1189 549 in
1203 528 1266 557 quo
1283 520 1316 549 et
1329 520 1416 557 nati,
1441 520 1498 550 irae
1512 520 1571 550 filii
1593 528 1723 559 perma-

1017 565 1154 595 nebunt.
1185 566 1244 596 Irae
1273 565 1414 596 dixerim
1427 588 1437 603 ,
1474 574 1539 596 non
1565 567 1684 597 furoris
1711 574 1719 596 ε

1018 611 1096 649 quia
1112 612 1147 641 ut
1160 612 1307 650 piissime
1323 611 1468 642 creditur
1479 633 1490 648 ,
1506 613 1539 642 et
1553 612 1722 644 humanis-

1018 656 1099 687 sime
1125 658 1283 695 gemitur,
1310 657 1491 687 mitissimae
1519 658 1594 688 sunt
1617 666 1722 696 poenae

1017 702 1123 732 totum
1135 711 1198 741 quo
1216 702 1338 733 addicti
1351 703 1426 733 sunt
1440 702 1573 733 aliunde
1588 703 1722 733 trahen-

1018 747 1113 780 tium.

1057 792 1089 823 [ι.
1105 794 1186 832 Ergo
1209 794 1244 823 in
1265 794 1374 824 furore
1389 793 1537 824 diabolus
1558 793 1722 831 judicatus

1019 838 1085 877 est,
1106 839 1183 878 quia
1207 839 1343 869 inventa
1358 840 1408 869 est
1426 839 1583 878 iniquitas
1597 838 1668 877 ejus
1682 841 1723 871 ad

1018 885 1130 915 odjum
1153 893 1162 914 t
1187 885 1331 915 hominis
1357 885 1467 915 autem
1493 885 1534 915 ad
1558 885 1660 924 iram,
1687 887 1722 916 et

1018 931 1092 960 ideo
1114 931 1148 960 in
1169 931 1218 960 ira
1239 930 1427 969 corripitur.
1451 930 1498 960 Ita
1518 931 1623 961 omnis
1648 931 1723 962 alti—

1018 975 1094 1005 tudo
1110 976 1248 1006 contrita
1262 977 1333 1014 est,
1349 977 1382 1006 et
1396 984 1467 1014 quae
1479 975 1588 1014 inflat,
1604 977 1637 1007 et
1650 985 1723 1015 quae

1019 1021 1223 1060 praecipitat,
1240 1022 1332 1051 Patre
1346 1020 1504 1051 nimirum
1524 1021 1650 1052 zelante
1664 1031 1722 1060 pro

1018 1067 1112 1097 Filio.
1128 1067 1306 1106 Utrobique
1331 1066 1493 1105 siquidem
1510 1066 1630 1103 injuria
1648 1066 1723 1096 Filii

1020 1114 1091 1151 est,
1114 1114 1148 1144 et
1162 1113 1202 1143 de
1218 1113 1374 1152 usurpata
1394 1112 1544 1152 potentia
1568 1112 1723 1144 adversus

1019 1160 1177 1189 virtutem
1193 1159 1253 1189 Dei
1267 1181 1276 1197 ,
1293 1167 1364 1197 quae
1376 1159 1445 1197 ipse
1462 1158 1511 1188 est
1523 1167 1532 1196 3
1546 1158 1580 1188 et
1590 1158 1631 1189 de
1643 1167 1724 1197 prae-

1019 1206 1144 1243 sumpta
1159 1205 1296 1235 scientia
1308 1204 1439 1234 aliunde
1451 1212 1548 1242 quam
1560 1211 1578 1233 a
1592 1204 1721 1242 sapien-

1019 1251 1064 1281 tia
1079 1251 1156 1289 Dei,
1172 1259 1243 1289 quae
1262 1250 1476 1280 nihilominus
1492 1250 1560 1288 ipse
1582 1250 1643 1280 est.
1658 1251 1723 1279 Do—

1020 1297 1107 1326 mine
1122 1297 1196 1334 quis
1211 1296 1328 1326 similis
1340 1295 1424 1325 tibi?
1439 1295 1518 1332 Quis
1533 1295 1597 1324 nisi
1613 1295 1723 1333 splen-

1020 1342 1077 1372 dor
1092 1342 1125 1372 et
1140 1342 1240 1380 figura
1261 1341 1449 1371 substantiae
1461 1340 1546 1370 tuae?
1566 1340 1645 1377 Quis
1659 1340 1722 1370 nisi

1020 1389 1125 1427 imago
1146 1387 1224 1418 tua?
1249 1387 1340 1417 Solus
1355 1386 1390 1415 in
1412 1386 1516 1416 forma
1536 1387 1614 1424 tua,
1637 1386 1724 1416 solus

1019 1442 1084 1463 non
1122 1433 1269 1471 rapinam
1305 1432 1480 1462 arbitratus
1509 1432 1559 1461 est
1587 1440 1657 1462 esse
1684 1440 1719 1462 se

1021 1480 1179 1518 aequalem
1201 1479 1262 1510 tibi
1287 1479 1464 1508 altissimus
1491 1478 1650 1508 Altissimi
1672 1479 1724 1508 Fi-

1020 1526 1094 1554 lius.
1103 1525 1270 1561 Quomodo
1278 1532 1341 1553 non
1349 1524 1481 1562 aequalis
1489 1523 1501 1552 ἓ
1509 1524 1611 1562 Etiam
1622 1532 1722 1554 unum

1021 1570 1098 1599 estis
1111 1570 1181 1607 ipse
1211 1571 1244 1599 et
1272 1570 1321 1598 tu.
1348 1569 1447 1598 Sedes
1477 1569 1527 1598 illi
1553 1577 1572 1598 a
1598 1569 1724 1599 dextris

1021 1615 1086 1645 tuis
1097 1637 1106 1653 ,
1121 1624 1185 1644 non
1197 1615 1256 1644 sub
1270 1614 1419 1653 pedibus.
1437 1614 1506 1650 Quo
1517 1614 1611 1652 pacto
1627 1614 1725 1644 audet

1020 1661 1093 1698 quis
1120 1660 1300 1698 pervadere
1326 1660 1434 1689 locum
1458 1660 1624 1698 Unigeniti
1650 1660 1697 1690 tui
1715 1660 1727 1689 ’ἐ

1019 1706 1257 1744 Praecipitetur.
1280 1703 1375 1733 Ponit
1391 1703 1454 1733 sibi
1476 1704 1587 1733 sedem
1607 1704 1641 1734 in
1665 1714 1725 1735 ex-

1021 1751 1133 1785 celso;
1157 1751 1367 1780 subvertatur
1391 1749 1545 1779 cathedra
1571 1749 1726 1787 pestilen-

1022 1797 1087 1827 tiae.
1107 1797 1189 1826 Item
1213 1796 1287 1834 quis
1310 1795 1405 1825 docet
1430 1794 1596 1824 hominem
1618 1795 1725 1826 scien-

1020 1843 1123 1873 tiam?
1137 1843 1249 1873 Nonne
1265 1843 1302 1872 tu
1315 1864 1324 1879 ,
1341 1850 1358 1871 ο
1375 1842 1476 1871 clavis
1497 1842 1602 1871 David
1613 1864 1622 1878 ‚
1647 1850 1725 1880 ape-

1020 1889 1108 1919 riens
1129 1890 1182 1919 cui
1202 1888 1271 1926 vis,
1293 1889 1327 1918 et
1351 1888 1403 1918 cuj
1418 1888 1467 1917 vis
1493 1887 1667 1918 claudens?
1686 1888 1725 1917 Et

1020 1935 1179 1974 quomodo
1207 1935 1277 1964 sine
1304 1935 1396 1964 clave
1419 1934 1460 1963 ad
1481 1934 1652 1964 thesauros
1672 1942 1724 1964 sa-

1021 1980 1153 2019 pientiae
1185 1980 1219 2010 et
1242 1979 1388 2009 scientiae
1418 1978 1571 2008 introitus
1584 2000 1594 2016 ,
1622 1978 1724 2009 immo

1021 2026 1158 2065 irruptio
1173 2024 1385 2056 tentabatur?
1399 2025 1460 2062 Qui
1474 2033 1540 2054 non
1555 2025 1655 2054 intrat
1665 2033 1725 2063 per
1742 2045 1753 2057 .

1021 2073 1153 2111 ostium,
1170 2073 1226 2102 ille
1239 2071 1293 2101 fur
1308 2072 1357 2101 est
1371 2072 1405 2101 et
1418 2071 1512 2101 latro.
1524 2071 1638 2100 Petrus
1650 2078 1726 2109 ergo

1022 2119 1176 2156 intrabit,
1190 2119 1246 2157 qui
1259 2118 1366 2148 claves
1381 2117 1519 2155 accepit.
1535 2116 1603 2146 Non
1615 2116 1726 2146 tamen

1021 2165 1208 2203 solus;nam
1224 2165 1257 2194 et
1272 2172 1324 2193 me
1340 2164 1366 2192 si
1376 2163 1516 2193 voluerit
1528 2162 1726 2199 introducet,

1021 2212 1186 2249 aliumque
1196 2209 1349 2240 excludet
1363 2216 1460 2247 quem
1474 2208 1554 2238 forte
1567 2206 1722 2245 voluerit,

1022 2258 1054 2287 in
1063 2256 1199 2288 scientia
1210 2258 1241 2286 et
1250 2254 1410 2294 potestate
1419 2253 1480 2284 sibi
1490 2254 1563 2284 data
1573 2254 1725 2292 desuper.

1062 2304 1092 2333 5.
1110 2303 1149 2332 Et
1164 2302 1214 2332 hae
1239 2301 1347 2331 claves
1368 2299 1461 2338 quae?
1479 2300 1623 2329 Potestas
1647 2306 1726 2337 ape-

1023 2349 1151 2386 riendi,
1175 2349 1208 2378 et
1229 2346 1423 2384 claudendi,
1449 2346 1547 2384 atque
1563 2345 1649 2375 inter
1665 2353 1723 2375 ex-

1024 2394 1201 2425 cludendos
1215 2394 1249 2424 et
1266 2391 1484 2423 admittendos
1499 2391 1665 2421 discretio.
1686 2391 1723 2422 Et

1024 2451 1086 2471 non
1100 2441 1132 2471 in
1145 2441 1295 2478 serpente
1307 2438 1463 2476 thesauri,
1475 2437 1578 2467 sedin
1587 2437 1726 2467 Christo.

1024 2489 1059 2517 Et
1077 2487 1150 2517 ideo
1165 2494 1229 2516 non
1247 2485 1355 2524 potuit
1371 2484 1450 2514 dare
1473 2483 1644 2514 scientiam
1659 2490 1728 2513 ser·

1024 2542 1127 2572 pens,
1148 2540 1246 2571 quam
1267 2539 1333 2561 non
1353 2530 1470 2560 habuit
1484 2538 1493 2558 :
1509 2528 1568 2559 sed
1588 2528 1646 2567 qui
1669 2528 1729 2558 ha-

1027 2580 1098 2609 buit
1113 2601 1122 2617 ,
1149 2578 1251 2608 dedit.
1268 2577 1333 2607 Nec
1350 2576 1439 2606 enim
1455 2575 1524 2614 ipse
1538 2574 1650 2613 potuit
1668 2573 1728 2602 ha—

1026 2625 1102 2654 bere
1125 2623 1340 2663 potestatem,
1366 2629 1464 2659 quam
1489 2627 1556 2650 non
1574 2618 1726 2657 accepitz

1027 2670 1082 2699 sed
1095 2670 1149 2708 qui
1167 2668 1306 2707 accepit,
1321 2667 1446 2697 habuit.
1456 2664 1553 2695 Dedit
1565 2664 1725 2701 Christufi,
