1846 3078
281 216 341 246 5¹46

734 218 765 247 S.
786 216 1027 246 BERNARDI
1045 216 1249 246 ABBATIS

281 273 361 302 mini
370 271 445 310 filii,
460 281 572 303 merces
585 272 705 310 fructus
719 275 844 304 ventris.
860 274 982 309 Propc-
996 268 1002 288 ¹
1017 271 1201 301 exstiterat.
1226 271 1344 308 Quidni
1366 272 1543 311 dederunt,
1565 281 1583 303 e
1597 272 1714 311 quibus

280 317 413 347 modum
428 317 583 348 dixissem
593 340 603 356 ‚
614 317 740 348 fructus
755 319 844 348 vitis.
860 317 982 355 Quidni
998 310 1001 364 ξ
1015 317 1158 346 Christus
1172 317 1654 348 seeundum‘carnemfflictum
1668 319 1717 348 est

280 363 472 401 sanguinem
513 372 587 394 uvae
623 364 766 394 dixeriin
801 362 984 392 meracissi-
998 368 1000 371 ’
1016 362 1126 400 itaque
1154 362 1268 393 vineas
1299 363 1426 394 dedisse
1458 365 1590 395 odorem
1602 385 1612 402 ,
1645 365 1715 394 sive

278 417 368 438 mum
380 430 390 446 ,
413 409 606 447 sanguinem
629 409 811 438 innocentis
821 430 830 446 ‚
853 407 984 444 530301-
1016 408 1091 445 quia
1106 407 1219 438 fideles
1230 408 1346 438 animae
1360 409 1477 440 bonam
1494 411 1534 441 de
1545 418 1581 441 se
1593 410 1715 450 ubique

278 461 356 483 nem
370 454 751 491 1105112(ὶυί(1111111051010
767 453 899 491 rubens,
909 460 982 490 pro·
1015 453 1201 490 opinionem
1222 455 1396 492 spargunt,
1417 456 1486 486 sive
1509 455 1594 495 quod
1609 456 1716 493 palam

277 498 409 538 hatum,
426 500 604 537 pretiosum
616 520 625 535 ,
648 499 742 535 plane
758 497 798 527 de
813 498 910 528 vinea
925 497 984 526 So-
998 501 1000 531 1
1015 496 1097 527 facta
1109 499 1184 528 sunt
1199 499 1321 528 mundo
1336 501 1464 530 oracula
1482 502 1516 531 et
1539 501 1717 531 revelatio-

279 545 357 574 rech
370 567 379 583 ,
406 544 559 574 torculari
587 543 743 581 passionis
770 542 982 581 expressum?
998 539 999 543 ’
1015 550 1072 573 1105
1086 544 1271 582 Patrum,et
1285 544 1321 573 in
1335 552 1463 574 00100111
1474 546 1594 576 terram
1609 546 1716 576 exivit

278 590 428 629 Denique
454 591 590 628 pretiosa
614 590 646 618 in
673 591 833 627 conspecta
855 589 984 619 Domini
1015 588 1165 619 odoratus
1195 598 1306 620 eorum
1320 611 1330 627 ,
1363 590 1494 620 dicente
1523 591 1674 629 Apostolo
1705 599 1714 620 ε

278 645 364 666 mors
388 638 565 666 scmctorum
585 635 662 672 ejus.
679 635 754 664 Haec
769 643 827 673 pro
844 644 882 665 eo
897 636 983 674 quod
998 639 1001 673 3
1016 635 1174 673 chmifeste
1188 644 1338 674 magnum
1353 638 1396 665 est
1404 637 1526 674 pietalis
1539 645 1716 667 sacramen-

279 682 402 711 dictum
427 681 492 718 est,
516 679 629 710 vineas
661 680 816 711 florentes
851 681 983 714 odorem
998 678 999 682 ’
1015 682 1098 717 tum,
1119 682 1200 719 quod
1220 681 1454 719 manifestatum
1478 683 1521 712 est
1542 683 1575 711 in
1599 690 1717 719 carne,

281 726 421 756 dedisse.

318 772 349 801 8.
366 772 412 800 113
429 770 455 800 51
471 769 512 800 ad
525 770 673 809 tempora
694 771 804 809 gratiae
825 772 914 803 hunc
933 774 984 804 lo·-

279 825 352 846 cum
375 816 540 854 respicere
561 817 734 856 malimus,
755 818 811 848 aut
825 819 852 848 si
876 819 984 857 placet

278 863 379 900 magis
399 862 515 892 referri
541 862 581 892 ad
605 864 716 893 Patres
729 885 738 900 ,
771 863 872 903 (nam
892 867 983 896 vinea

278 909 406 937 Domini
432 908 562 938 sabaoth
584 910 692 939 domus
717 911 815 940 lsrael
835 908 897 950 est)
921 912 984 942 erit

277 961 389 983 500505
405 953 592 983 :Christum
609 954 643 984 in
665 962 762 984 carne
782 956 984 986 nasciturum

278 999 310 1027 et
326 999 520 1029 moriturum
536 1000 754 1031 odoraverunt
767 1001 939 1039 Prophetae
951 1003 985 1032 et

276 1044 471 1074 Patriarchae
485 1066 495 1082 ,
523 1045 582 1075 sed
616 1053 682 1075 nou
711 1046 874 1077 dederunt
903 1048 983 1078 tunc

277 1089 429 1120 eumdem
446 1090 578 1120 odorem
590 1099 684 1121 suum
694 1113 703 1130 ‚
719 1092 796 1130 quia
810 1101 875 1123 non
888 1094 985 1124 exhi-

277 1135 421 1166 buerunt
434 1136 469 1165 in
482 1144 578 1166 carne
590 1159 599 1175 ,
612 1146 710 1175 quem
726 1139 760 1167 in
771 1139 890 1176 spiritu
902 1149 984 1178 prae-

276 1182 460 1210 senserunt.
476 1181 544 1210 Non
555 1181 717 1212 dederunt
732 1183 863 1213 odorem
875 1193 982 1223 suum,

276 1233 337 1254 000
373 1227 538 1256 secretum
574 1236 670 1257 suum
704 1229 961 1266 publicaverunt
973 1253 983 1269 ,

277 1272 507 1308 exspectantes
519 1273 555 1302 ut
570 1273 775 1303 revelaretur
788 1274 822 1303 in
833 1277 985 1306 50010111-

276 1323 367 1353 pore.
378 1317 456 1353 Quis
468 1325 544 1347 sane
557 1319 634 1347 tunc
646 1320 777 1356 caperet
789 1321 984 1358 sapientiam
1000 1339 1002 1347 ›

277 1360 313 1389 111
341 1363 495 1400 mysterio
518 1363 759 1403 absconditam,
781 1365 816 1394 in
850 1374 984 1404 corpore

275 1414 341 1435 non
357 1408 558 1437 cx¹=ibitam?
573 1409 620 1438 lta
634 1409 741 1439 vineae
760 1411 837 1440 tunc
851 1412 985 1448 quidem

277 1460 342 1481 non
358 1452 519 1483 dederunt
539 1454 671 1483 odorem
693 1464 800 1484 suum.
815 1457 983 1487 Dederunt

277 1498 387 1527 autem
412 1500 523 1536 postea
538 1520 548 1536 ,
578 1508 651 1529 cum
680 1508 739 1537 per
764 1503 1002 1533 successiones

276 1544 526 1580 generationum
534 1545 722 1574 nascentem
732 1553 773 1574 ex
782 1553 815 1575 se
824 1546 984 1577 Christum

277 1589 458 1617 secundum
482 1598 613 1619 carnem
639 1592 734 1628 partu
753 1591 899 1629 virgineo
925 1602 985 1623 530-

279 1633 360 1662 00115
375 1634 563 1664 ediderunt.
579 1636 668 1664 Tunc
691 1634 806 1674 plane,
829 1637 961 1674 inquam
974 1660 983 1676 ,

277 1677 464 1714 spirituales
476 1679 540 1709 illae
556 1679 662 1709 vineae
675 1680 838 1710 dederunt
852 1681 984 1712 odorem

277 1731 392 1761 500111,
409 1733 483 1754 00111
511 1727 656 1763 apparuit
681 1726 850 1764 bentynttas
874 1730 902 1757 et
926 1728 985 1758 lm-

277 1770 412 1800 mamitus
434 1771 605 1801 Sala-amris
620 1773 719 1800 nostri
740 1773 819 1810 Dei5
837 1773 871 1802 et
886 1775 985 1812 coepit

278 1815 473 1850 praesentem
483 1815 604 1845 habere
617 1816 768 1854 mundus,
778 1826 877 1855 quem
888 1821 983 1857 pauci

279 1861 385 1891 adhuc
401 1861 569 1891 absentem
584 1865 899 1900 praesenseraiit.Vir
915 1865 984 1905 ille,

278 1907 372 1936 verbi
404 1915 499 1936 causa
512 1929 521 1945 ,
548 1909 605 1946 qui
632 1909 730 1938 Jacob
769 1911 922 1949 tangenS,
952 1915 985 1942 et

278 1952 441 1981 Christum
457 1953 602 1983 sentiens
615 1975 625 1991 ‚
642 1955 719 1983 Ecce
731 1976 740 1991 ,
767 1955 894 1994 inquit,
911 1958 985 1986 odor

277 1999 332 2035 filie·
347 2000 407 2028 mei
421 2000 498 2028 sicut
525 2000 600 2029 odor
611 2001 682 2038 (ιφ-ἰ
700 2001 799 2038 pleni,
826 2003 876 2030 cui
896 2002 986 2032 bene-

278 2046 357 2074 (111ῖί
367 2046 520 2075 Dominus
531 2054 541 2074 .·
555 2054 629 2074 011111
645 2046 706 2076 1100
723 2046 870 2085 dicebat,
885 2047 986 2078 habe·

279 2089 334 2118 bat
362 2090 496 2120 delicias
520 2099 593 2121 suas
624 2091 686 2121 sibi
704 2113 714 2129 ,
741 2100 803 2121 1100
832 2092 986 2130 cuiquam

279 2134 352 2163 illas
371 2136 644 2167 communicabat.
660 2138 702 2166 At
721 2137 779 2166 ubi
796 2138 892 2168 venit
914 2139 986 2176 ple-

280 2179 397 2209 nitudo
422 2182 578 2219 temporis
590 2205 599 2220 ,
630 2183 664 2212 in
690 2191 753 2222 quo
782 2184 873 2214 misit
899 2186 986 2215 Deus

280 2225 398 2254 Filium
411 2234 504 2255 suurn
517 2227 638 2258 factum
647 2237 689 2258 ex
701 2229 853 2268 muliere,
862 2229 985 2260 factum

280 2271 340 2300 sub
356 2270 426 2307 lege
438 2292 448 2307 ,
463 2274 500 2302 ut
515 2280 568 2302 eos
584 2274 639 2312 qui
655 2275 714 2304 sub
730 2276 801 2312 lege
823 2276 917 2305 eraut
932 2284 986 2306 re-

281 2315 438 2353 (limeret3
452 2317 529 2346 tunc
544 2327 673 2356 prorsus
690 2321 787 2359 odor,
805 2321 862 2359 qui
878 2321 912 2351 in
929 2322 985 2352 illo

282 2363 371 2399 crat,
402 2370 471 2391 sese
487 2363 607 2401 ubique
636 2367 772 2405 sparsit,
800 2367 882 2397 adeo
905 2368 943 2397 ut
968 2376 985 2398 3

282 2407 402 2436 tinibus
422 2407 517 2437 101130
542 2409 647 2445 ipsum
663 2413 808 2442 sentiens
831 2413 986 2444 clamaret

281 2452 445 2490 Iicclesia,
468 2454 575 2484 Oleum
600 2456 728 2491 effusum
752 2462 984 2497 11011101111111111,ι

282 2499 517 2536 currerentque
543 2498 791 2532 adolescentulae
820 2503 855 2532 in
888 2503 985 2534 odore

282 2542 348 2571 0101
364 2543 472 2580 hujus.
490 2544 537 2573 lta
552 2544 613 2574 ista
629 2545 726 2575 vinca
746 2546 838 2577 dedit
854 2548 987 2578 odorem

283 2594 378 2617 snum
391 2609 402 2627 ‚
418 2589 452 2620 et
475 2597 513 2619 eo
526 2590 683 2628 temporis
698 2591 860 2621 dederunt
875 2595 907 2622 et
924 2602 988 2624 031-

285 2637 363 2664 tera}
375 2656 386 2672 ,
414 2635 446 2665 10
477 2635 594 2674 quibus
624 2636 676 2666 hic
710 2637 778 2675 ipse
809 2637 885 2668 odor
912 2639 987 2669 vitae

1013 726 1212 764 justificatum
1227 728 1271 757 est
1290 728 1324 757 in
1347 728 1474 765 spiritu,
1496 728 1642 766 apparuit
1661 735 1718 757 an-

1015 772 1085 809 qelz's
1094 793 1104 808 ,
1119 773 1320 810 praedicatum
1335 774 1378 803 est
1399 772 1553 811 qenthus,
1569 773 1716 803 creditum

1015 822 1057 848 est
1072 820 1185 848 mimda
1195 839 1204 855 ‚
1217 820 1407 857 assumptum
1419 820 1461 849 est
1475 820 1508 848 in
1523 819 1634 857 ¹qloria.

1054 864 1085 894 9.
1094 864 1210 894 Mirum
1224 872 1315 901 vero,
1324 864 1349 893 si
1365 872 1425 894 nec
1437 864 1528 901 ficus,
1537 873 1598 894 nec
1611 864 1716 895 vineae

1017 909 1084 939 istae
1103 909 1227 947 aliquid
1242 909 1364 939 habent
1387 909 1473 947 quod
1488 917 1593 939 mores
1615 909 1717 939 aedifi-

1016 956 1078 985 cet..
1096 956 1159 993 Ego
1181 955 1268 984 hunc
1292 955 1399 984 locum
1426 954 1565 984 arbitror
1590 963 1660 985 esse
1681 955 1718 984 et

1016 1001 1184 1030 moralem.
1198 1000 1278 1030 Dico
1293 1000 1405 1029 autem
1426 1007 1485 1037 per
1501 1000 1639 1037 gratiam
1655 1000 1717 1029 Dei

1015 1055 1086 1084 quae
1103 1047 1136 1076 in
1152 1046 1246 1076 nobis
1265 1046 1332 1083 est,
1349 1047 1383 1075 01
1402 1045 1480 1075 ficus
1503 1053 1562 1075 nos
1576 1045 1717 1082 habere,
1752 1050 1763 1056 ‘

1017 1092 1049 1121 et
1064 1091 1191 1121 vineas.
1207 1090 1303 1120 Ficus
1317 1090 1449 1129 quidem
1460 1111 1470 1128 ‚
1481 1089 1539 1128 qui
1553 1090 1719 1120 suaviores

1018 1138 1049 1166 in
1061 1137 1206 1167 moribus
1221 1137 1312 1175 suntt,
1329 1137 1444 1166 vineas
1459 1143 1557 1173 vero,
1577 1136 1634 1173 qui
1651 1136 1719 1173 spi-

1016 1183 1081 1213 ritu
1093 1183 1319 1213 ferventiores.
1329 1182 1440 1212 Omnis
1449 1182 1505 1220 qui
1519 1189 1553 1211 se
1567 1182 1653 1211 inter
1662 1190 1719 1212 nos

1017 1228 1234 1258 communiter
1250 1227 1479 1264 socialiterque
1502 1226 1569 1264 agit
1580 1248 1589 1264 ,
1607 1227 1640 1256 01
1654 1235 1719 1256 non

1017 1274 1120 1303 solum
1143 1273 1214 1304 sine
1244 1273 1376 1311 querela
1403 1273 1612 1302 conversatur
1635 1272 1720 1302 inter

1018 1320 1157 1356 tratres,
1185 1319 1241 1348 sed
1269 1320 1303 1348 et
1326 1319 1430 1347 multa
1458 1325 1534 1347 cum
1557 1318 1719 1348 suavitate

1018 1365 1190 1394 fruendum
1211 1373 1244 1394 se
1271 1364 1423 1394 omnibus
1445 1363 1568 1402 praebet
1582 1363 1617 1392 in
1631 1364 1720 1394 omni

1018 1411 1124 1440 officio
1148 1410 1312 1448 caritatis,
1337 1410 1452 1448 quidni
1488 1409 1583 1439 illum
1612 1410 1718 1439 viceni

1017 1465 1112 1494 agere
1144 1456 1224 1486 ficus
1258 1455 1566 1486 convenientissime
1596 1454 1721 1484 dicam?

1017 1501 1079 1538 Qui
1095 1502 1202 1530 tamen
1223 1509 1347 1538 grossos
1374 1508 1447 1530 suos
1470 1500 1560 1538 prius
1574 1500 1721 1538 protule-

1018 1547 1079 1583 rit,
1107 1546 1350 1584 projeceritque
1379 1546 1508 1583 oportet
1520 1567 1546 1583 ,.
1568 1545 1719 1575 timorem

1018 1593 1131 1630 utique
1154 1591 1292 1629 judicii,
1308 1599 1407 1629 quem
1430 1591 1577 1629 perfecta
1603 1592 1721 1621 caritas

1018 1638 1101 1668 foras
1116 1637 1218 1667 mittit
1235 1646 1243 1666 ι
1261 1637 1295 1666 et
1306 1636 1557 1666 amaritudinem
1574 1638 1723 1675 peccato-

1019 1691 1088 1712 rum
1100 1704 1108 1719 ‚
1122 1691 1194 1720 quae
1210 1690 1295 1712 verae
1311 1682 1507 1711 confessioni
1521 1683 1555 1711 et
1566 1681 1721 1712 infusioni

1019 1727 1128 1765 gratiae
1139 1748 1148 1764 ,
1161 1727 1411 1764 crebrarumque
1425 1725 1603 1764 profusioni
1618 1727 1722 1765 lacry-

1019 1780 1144 1801 marum
1170 1772 1263 1802 cedat
1288 1779 1421 1801 necesse
1445 1772 1511 1808 est,
1538 1771 1721 1810 caeteraque

1021 1817 1113 1855 talia,
1130 1817 1231 1847 instar
1246 1824 1426 1854 grossorum
1442 1816 1621 1854 praeeuntia
1635 1816 1722 1847 fruc-

1021 1863 1110 1892 tuum
1124 1862 1320 1892 suavitatem
1338 1869 1345 1890 :
1362 1869 1433 1899 quae
1449 1869 1506 1891 vos
1520 1868 1648 1899 quoque
1663 1869 1722 1899 per

1020 1908 1232 1946 vosmetipsos
1248 1907 1390 1945 cogitare
1411 1906 1559 1945 potestis.

1059 1955 1109 1984 lo.
1127 1954 1169 1983 Ut
1183 1955 1294 1983 tamen
1309 1953 1413 1983 adhuc
1430 1961 1488 1990 ego
1504 1951 1628 1990 aliquid
1639 1950 1721 1988 adji-

1019 1999 1105 2029 ciam
1118 1999 1158 2029 de
1172 1999 1331 2036 ejusmodi
1340 1998 1425 2036 quod
1438 1997 1598 2035 occurrit,
1611 1997 1721 2027 videte

1019 2054 1060 2075 ne
1077 2045 1159 2075 forte
1177 2045 1278 2075 eliam
1294 2044 1363 2074 haec
1379 2044 1466 2074 inter
1479 2051 1604 2082 grossos
1619 2042 1722 2081 depu-

1020 2091 1081 2121 tari
1107 2091 1250 2130 possint,
1270 2090 1425 2127 50100113,
1449 2088 1640 2128 prophetia,
1656 2089 1723 2118 lin-

1020 2147 1089 2176 guae
1098 2160 1107 2176 ,
1116 2137 1312 2175 similiaque.
1321 2136 1448 2166 Etenim
1459 2135 1520 2165 ista
1533 2143 1621 2164 more
1633 2142 1722 2173 gros·

1020 2192 1127 2213 sorum
1143 2182 1282 2212 deficere
1301 2181 1444 2219 habent,
1465 2181 1498 2210 et
1521 2179 1636 2210 cedere
1652 2187 1722 2209 1110-

1020 2229 1174 2266 fioribus,
1213 2227 1344 2257 dicente
1370 2226 1538 2264 Apostolo,
1573 2224 1650 2263 quia
1688 2226 1721 2254 et

1019 2275 1156 2304 scientia
1181 2273 1386 2310 destruetur,
1403 2272 1436 2302 et
1450 2271 1633 2309 prophetiae
1648 2278 1723 2301 eva-

1020 2320 1222 2356 cuahuntur,
1236 2320 1269 2348 01
1283 2318 1402 2355 linguae
1418 2315 1722 2347 cessabunt.Fidem

1020 2373 1147 2404 quoque
1182 2366 1285 2404 ipsam
1321 2363 1512 2394 intellectus
1548 2362 1720 2399 excludet,

1021 2411 1157 2450 speique
1190 2409 1344 2440 succedat
1377 2409 1459 2439 visio
1494 2416 1627 2439 necesso
1656 2409 1716 2437 est.

1004 2457 1115 2495 ¹Quod
1137 2456 1226 2486 enim
1250 2455 1343 2486 videt
1363 2455 1458 2493 quis,
1484 2453 1563 2492 quid
1592 2452 1722 2492 sperat?

1003 2520 1005 2532 -,
1021 2502 1094 2532 Sola
1109 2510 1175 2532 non
1200 2501 1326 2532 excidit
1340 2500 1455 2530 caritas
1466 2522 1476 2538 ,
1497 2499 1554 2542 sed
1569 2499 1642 2537 illa,
1658 2506 1721 2537 qua

1022 2549 1107 2578 Deus
1123 2549 1190 2578 toto
1215 2547 1310 2577 corde
1320 2568 1329 2584 ,
1345 2547 1411 2576 tota
1426 2546 1534 2576 anima
1548 2565 1558 2583 ‚
1573 2545 1639 2574 tota
1654 2544 1722 2573 vir-

1022 2596 1092 2624 tute
1107 2594 1265 2633 diligitur.
1283 2593 1358 2623 Ideo
1373 2592 1456 2621 hanc
1482 2590 1617 2620 minime
1633 2597 1721 2627 gros-

1022 2640 1065 2669 sis
1081 2638 1366 2670 annumeraverim
1378 2659 1386 2675 ,
1403 2645 1444 2667 ne
1468 2636 1507 2666 ad
1524 2635 1620 2677 ficum
1647 2634 1722 2674 qui-
