1846 3078
277 228 338 258 532

283 285 323 315 de
344 283 452 315 m'edio
477 284 566 315 floris
591 285 690 322 hujus
713 284 806 323 quasi
833 284 976 320 virgulas

279 338 392 360 aureas
402 330 619 370 prodeuntes,
632 331 666 361 et
678 330 800 361 cinctas
816 328 977 358 candidis-

279 375 360 406 simo
385 376 483 415 flore,
498 377 611 415 pulcre
637 384 673 406 ac
694 375 849 404 decenter
870 373 978 411 dispo-

279 421 341 451 sito
356 421 390 452 in
405 430 555 453 coronam
571 434 578 450 z
596 423 628 451 et
641 428 775 459 agnosce
800 427 930 449 auream
943 419 978 448 in

277 467 402 497 Christo
431 468 637 505 divinitatem
649 488 658 503 ‚
674 466 826 494 humanae
842 472 977 494 corona—

276 513 343 543 tam
367 514 510 551 puritate
531 514 675 549 naturae,
692 510 725 540 id
743 511 791 540 est
815 510 976 540 Christum

276 560 311 589 in
327 560 509 589 diademate
520 581 527 595 2
549 566 611 596 quo
631 556 803 586 coronavit
819 564 894 586 eum
910 565 977 586 ma-

271 607 328 645 *ter
343 615 411 635 sua.
428 606 504 634 Nam
521 606 554 633 in
570 612 632 641 quo
645 603 813 632 coronavit
829 611 902 631 eum
918 603 977 631 Pa-

276 652 327 681 ter
338 660 412 681 suus
423 673 431 687 ‚
445 651 549 680 lucem
563 649 689 678 habitat
704 648 976 686 inaccessibilem,

275 705 336 727 nec
360 705 466 734 posses
483 697 515 724 in
541 703 579 726 ea
608 695 701 724 illum
718 694 850 724 interim
871 694 976 724 adhuc

276 743 401 772 videre.
419 742 481 771 Sed
502 741 540 771 de
561 741 623 770 hoc
639 741 730 770 alias.

315 788 345 817 6.
361 789 450 817 Nunc
467 796 545 817 vero
571 787 679 816 lilium
698 786 820 816 veritas
837 786 906 824 est3
928 786 975 816 est

275 836 307 865 et
321 834 544 863 mansuetudo.
560 834 597 863 Et
610 833 693 862 bene
710 832 815 862 lilium
829 840 977 862 mansue-

275 880 369 917 tudo,
388 879 508 909 hahens
525 878 722 908 innocentiae
737 878 924 916 candorem,
943 880 976 908 et

274 925 404 955 odorem
431 925 523 963 spei,
549 925 697 963 quoniam
721 925 792 953 sunt
817 924 975 961 reffquiae,

275 971 398 1009 inquit,
415 970 531 999 homini
552 970 691 1008 pacifico.
717 969 815 997 Bonae
837 969 908 1006 spei
925 968 976 997 vir

275 1017 479 1052 mansuetus,
495 1024 555 1045 nec
584 1015 692 1044 minus
714 1014 812 1043 etiam
834 1013 868 1042 in
893 1021 978 1051 prae-

273 1063 356 1092 senti
372 1062 515 1092 lucidum
528 1060 689 1099 quoddam
701 1060 777 1090 vitae
790 1060 837 1089 est
849 1060 977 1089 socialis

275 1109 452 1146 exemplar.
478 1109 524 1137 An
551 1115 616 1136 non
640 1107 770 1144 lilium,
795 1114 866 1144 quae
889 1105 977 1135 lucet

274 1155 397 1192 officio,
418 1154 543 1184 redolet
567 1152 645 1191 spe?
667 1153 755 1182 Adde
781 1152 868 1190 quod
893 1151 977 1182 sicut

275 1202 394 1231 veritas
415 1201 455 1230 de
479 1201 566 1229 terra
585 1201 653 1229 orta
676 1200 743 1236 est,
769 1198 813 1227 ita
830 1199 862 1227 et
885 1205 978 1226 man-

273 1246 421 1277 suetudo.
431 1245 495 1275 Nisi
509 1244 580 1283 quis
591 1244 717 1274 dubitet
727 1245 831 1273 ortum
842 1243 880 1272 de
890 1245 977 1273 terra

273 1294 398 1330 Agnum
426 1291 662 1320 dominatorem
678 1291 792 1326 tcrrae,
813 1288 905 1317 illum
923 1296 978 1325 ag-

272 1347 370 1374 num,
387 1336 499 1375 quiad
514 1335 710 1365 occisionem
733 1335 848 1364 ductus
863 1335 927 1370 est,
945 1334 977 1363 et

273 1392 338 1413 non
353 1383 481 1422 aperuit
497 1391 531 1411 os
543 1390 649 1411 suum.
664 1382 728 1410 Nec
741 1381 868 1410 tantum
884 1388 978 1410 man-

276 1430 414 1459 suetudo
437 1437 494 1458 seu
514 1428 636 1457 veritas
662 1427 701 1456 de
724 1427 808 1456 terra
825 1428 893 1456 orta
911 1427 975 1463 est,

275 1475 331 1505 sed
352 1476 384 1505 et
398 1475 544 1511 justitia,
558 1472 719 1510 Propheta
737 1472 867 1501 dicente
887 1480 895 1500 z
917 1474 977 1501 Ro—

274 1523 342 1552 rate
363 1522 429 1551 coeli
449 1521 592 1558 desuper²
616 1520 643 1547 et
664 1518 758 1547 nubes
778 1518 886 1555 pluant
907 1518 978 1555 jus-

276 1571 357 1606 tumg
374 1568 533 1605 aperiatur
548 1568 630 1595 terra
644 1586 654 1600 ,
671 1566 698 1593 el
713 1564 859 1601 qermi'nel
875 1564 977 1593 salva-

274 1617 368 1643 torem
379 1634 387 1650 ,
400 1614 427 1641 et
437 1612 559 1649 justitia
574 1611 695 1639 oriatur
705 1608 906 1645 simul-‘Quod
922 1615 977 1637 au-

274 1661 339 1689 tem
354 1657 481 1695 justitia
497 1656 606 1685 lilium·
624 1655 665 1683 sit
676 1676 685 1691 a
701 1654 916 1683 recordamini
937 1653 976 1682 de

273 1705 440 1742 Scriptura
454 1724 464 1740 ,
488 1702 563 1739 quia
578 1700 683 1737 justus
703 1699 888 1738 germinabit
901 1700 978 1729 sicut

274 1751 389 1786 lilium,
415 1750 443 1778 et
467 1747 586 1785 florebit
603 1747 634 1775 ιή
655 1748 805 1775 oelernum
826 1747 897 1774 ante
914 1746 978 1774 Do-

273 1797 404 1826 minum.
430 1794 638 1831 Nequaquam
663 1791 769 1820 lilium
793 1791 852 1820 hoc
877 1790 975 1820 hodie

275 1844 343 1879 est,
359 1842 393 1871 ct
407 1848 476 1870 cras
491 1839 526 1869 in
542 1839 706 1868 clibanum
721 1837 863 1867 mittitur
877 1859 885 1874 ,
901 1837 977 1874 quia

275 1890 310 1919 in
330 1889 488 1917 :niernum
517 1885 659 1915 florebit.
684 1885 723 1914 Et
747 1884 876 1914 ssorebit
901 1885 976 1913 aute

274 1933 465 1969 Dominum,
492 1930 585 1968 cujus
613 1930 649 1960 in
674 1929 830 1959 memoria
857 1930 975 1959 aeterna

274 1979 475 2015 eritjustus,
500 1977 533 2006 et
555 1976 594 2005 ab
621 1975 786 2005 auditione
806 1974 890 2003 mala
912 1982 975 2003 non

275 2024 423 2061 timebit,
438 2023 493 2052 illa
509 2021 635 2052 scilicet
651 2021 837 2059 auditione,
855 2029 916 2059 qua
943 2021 975 2050 in

274 2071 440 2101 clibanum
454 2068 536 2108 ignis
548 2069 734 2107 peccatores
748 2067 795 2097 ire
806 2067 975 2104 jubentur.

274 2118 369 2146 Porro
389 2115 486 2152 liujus
509 2115 571 2144 lilii
587 2114 706 2144 candor
724 2113 775 2143 cui
790 2121 854 2142 non
870 2114 976 2151 splen-

275 2161 425 2200 det,nisi
448 2161 500 2191 cui
515 2169 580 2190 non
603 2158 732 2198 placet?
752 2159 903 2197 Denique
930 2160 974 2189 sol

275 2210 340 2246 est,
354 2208 410 2237 scd
425 2216 487 2236 non
503 2206 638 2245 ille,qui
653 2206 754 2236 oritur
764 2214 862 2244 super
877 2206 976 2236 bonos

274 2255 308 2284 et
325 2254 434 2282 malos.
448 2253 557 2291 Neque
571 2253 660 2282 enim
676 2252 731 2291 qui
746 2251 864 2282 dicturi
879 2253 973 2289 sunt,

277 2299 465 2336 Soljustilioe
488 2308 549 2328 non
573 2301 658 2329 ortus
679 2300 721 2329 est
742 2298 848 2335 nobis,
868 2298 975 2328 lucem

275 2345 364 2375 illius
375 2343 567 2382 quandoque
576 2344 908 2374 x·iderunt.Yideruiit
922 2353 976 2374 au-

273 2391 341 2420 tem
356 2389 515 2427 quotquot
536 2389 708 2419 audierunt
725 2398 733 2419 :
752 2389 847 2420 Vobis
867 2391 921 2428 qui
941 2392 976 2420 ti-

274 2436 365 2466 metis
386 2436 504 2470 Deum,
531 2435 646 2463 orietur
669 2436 720 2465 Sol
736 2437 874 2471 justitioe.
896 2437 975 2474 Ergo

276 2480 395 2511 candor
407 2480 505 2517 hujus
519 2479 579 2509 lilii
596 2479 682 2517 apud
694 2480 814 2517 justos3
831 2480 976 2519 fragran-

274 2527 320 2557 tia
338 2526 434 2556 etiam
447 2533 549 2563 usque
565 2524 605 2555 ad
620 2525 747 2562 iniquos
764 2526 974 2566 diffunditur,

275 2572 336 2602 etsi
350 2579 413 2600 non
427 2572 460 2600 in
473 2571 593 2600 bonum
607 2570 696 2608 ipsis.
714 2570 861 2608 Denique
883 2572 976 2601 audi-

275 2617 494 2654 vimusjustos
504 2616 661 2654 dicentes,
670 2615 746 2654 quia
755 2615 869 2646 Christi
880 2616 975 2647 bonus

991 2549 996 2670 l

757 232 776 259 S
815 229 1049 258 BERNARDI
1076 229 1273 258 Amnius

1012 284 1080 313 dem
1095 285 1170 314 odor
1183 286 1254 315 vitoe
1265 286 1298 315 in
1313 287 1409 317 vitam
1415 308 1426 324 ‚
1439 287 1509 318 aliis
1523 288 1597 318 odor
1610 289 1719 318 mor-lis

1012 329 1045 358 in
1068 331 1211 359 mortem.
1227 330 1323 369 Quis,
1343 333 1398 362 vel
1421 333 1710 371 sceleratissimus‚

1009 373 1089 410 justi
1112 383 1176 405 non
1198 376 1316 414 probet
1336 377 1543 416 opinionem,
1567 379 1716 416 quamvis

1011 426 1076 448 non
1101 420 1188 450 amet
1207 420 1307 459 opus?
1323 422 1361 452 Et
1380 422 1513 462 heatus,
1536 424 1563 453 si
1590 431 1623 453 sc
1650 421 1714 453 non

1010 462 1134 499 judicat
1147 464 1180 494 in
1196 472 1234 494 eo
1252 465 1339 503 quod
1358 467 1482 504 probat.
1504 467 1635 498 Judicat
1657 476 1712 497 au-

1011 509 1078 538 tem
1092 531 1101 546 ‚
1117 510 1256 547 probans
1281 511 1421 548 bonum,
1444 514 1477 542 et
1499 521 1563 543 non
1578 521 1689 543 ainans
1704 521 1713 542 z

1012 554 1150 593 ideoque
1166 564 1230 586 non
1256 557 1376 587 beatus
1386 558 1482 595 plane
1496 579 1505 595 ,
1520 559 1578 588 sed
1597 559 1714 597 miser,

1011 601 1142 638 proprio
1167 602 1400 632 condemnatus
1423 602 1559 640 judicio.
1576 603 1661 640 Quid
1677 612 1714 633 eu

1012 646 1162 677 miserius
1176 669 1185 684 ‚
1202 648 1255 677 cui
1269 648 1347 678 odor
1361 649 1457 687 vitae,
1471 657 1536 678 non
1549 649 1623 678 vitae
1633 671 1642 685 ,
1657 650 1715 679 sed

1011 692 1125 722 mortis
1140 693 1274 723 nuntius
1295 693 1362 724 est?
1378 694 1478 724 Immo
1499 703 1560 724 nec
1580 695 1714 725 nuntius

1011 737 1143 774 quidem
1154 759 1164 776 ,
1177 739 1233 769 sed
1248 739 1388 776 bajulus.

1052 784 1081 813 7.
1100 785 1180 816 Sunt
1197 787 1300 816 multa
1317 786 1402 824 apud
1419 786 1575 825 Sponsum
1603 786 1636 817 et
1651 786 1714 816 alia

1011 828 1079 858 lilia
1096 832 1215 868 praeter
1230 832 1299 862 haec
1310 854 1319 870 ‚
1337 841 1408 870 quae
1424 841 1466 862 ex
1482 832 1643 870 Propheta
1665 833 1716 862 iu-

1012 875 1161 906 ciderunt
1182 877 1292 916 uobis,
1318 878 1491 908 veritatem
1522 879 1656 916 loquor,
1681 880 1714 909 et

1011 922 1295 952 mansuetudinem
1309 944 1318 961 ‚
1336 924 1369 953 et
1380 924 1559 962 justitiam3
1575 932 1635 954 nec
1651 925 1714 954 erit

1013 965 1146 996 difficile
1169 967 1236 1004 jain
1262 968 1399 998 cuilibet
1422 969 1567 998 vestrum
1594 969 1713 999 similia

1011 1012 1157 1049 reperire
1172 1021 1232 1051 per
1246 1014 1457 1052 semetipsum
1478 1014 1512 1043 ir.
1529 1014 1619 1044 horto
1645 1015 1712 1044 tani

1013 1057 1159 1089 deliciosi
1174 1060 1295 1098 sponsi.
1307 1060 1455 1089 Abundat
1469 1061 1501 1090 ct
1515 1060 1714 1098 superabun-

1013 1102 1067 1133 dat
1083 1106 1202 1135 talibus
1217 1115 1225 1134 :
1240 1107 1312 1144 quis
1325 1106 1379 1135 illa
1396 1105 1712 1145 enumeret?Nempe

1012 1151 1089 1187 quot
1111 1152 1249 1181 virtutes
1262 1174 1272 1190 ,
1296 1152 1343 1181 tot
1365 1152 1446 1180 lilia.
1463 1151 1540 1188 Quis
1558 1151 1631 1181 finis
1646 1153 1713 1182 vir-

1013 1197 1118 1226 tutum
1136 1197 1222 1235 apud
1238 1197 1412 1226 Dominum
1427 1197 1582 1226 virtutum
1595 1196 1607 1226 ἒ
1621 1197 1714 1234 Quod

1013 1241 1037 1269 si
1054 1242 1225 1279 plenitudo
1240 1243 1400 1272 virtutum
1412 1242 1445 1271 in
1460 1243 1603 1281 Christ03
1623 1244 1655 1273 et
1671 1243 1713 1272 li-

1012 1286 1142 1318 liorum.
1166 1290 1202 1318 Et
1227 1288 1370 1318 fortassis
1389 1290 1562 1326 propterea
1584 1289 1654 1327 ipse
1678 1298 1712 1319 se

1012 1332 1120 1362 lilium
1137 1334 1332 1372 appellavit,
1353 1335 1438 1372 quod
1457 1335 1543 1364 totus
1564 1335 1714 1365 versetur

1013 1381 1044 1408 iu
1062 1380 1158 1417 liliis,
1172 1381 1204 1410 et
1219 1381 1326 1410 omnia
1338 1389 1410 1418 quae
1427 1381 1529 1418 ipsius
1543 1382 1629 1420 sunt,
1644 1381 1714 1411 lilia

1012 1427 1075 1456 sint
1095 1435 1102 1455 :
1126 1428 1315 1466 concepti0‚
1348 1428 1438 1456 ortus
1452 1449 1462 1464 ,
1485 1427 1688 1457 conversatio
1702 1449 1712 1464 ‚

1013 1472 1144 1510 eloquia
1157 1495 1166 1510 ,
1179 1474 1335 1503 miracula
1345 1495 1355 1511 ,
1371 1474 1583 1510 sacramenta,
1595 1473 1712 1511 passio,

1012 1526 1096 1546 mors
1110 1539 1119 1555 ‚
1140 1519 1355 1556 resurrectio⁷
1373 1519 1527 1548 ascensio.
1545 1519 1628 1555 Quid
1653 1519 1714 1549 ho-

1011 1571 1083 1592 rum
1100 1572 1163 1593 non
1180 1564 1372 1601 candidum,
1390 1564 1423 1593 et
1447 1571 1510 1592 non
1524 1563 1713 1594 suavissime

1011 1609 1288 1638 redolens32Tanta
1301 1609 1440 1647 denique
1453 1609 1488 1638 iu
1503 1610 1712 1648 conceptione

1011 1653 1139 1683 refulsit
1154 1655 1285 1692 superni
1309 1655 1443 1684 luminis
1459 1655 1587 1685 claritas
1603 1656 1643 1685 de
1658 1664 1713 1685 su-

1012 1700 1238 1736 pervenientis
1252 1700 1450 1729 abundantia
1462 1699 1613 1739 Spiritus,
1624 1702 1712 1732 utne

1012 1744 1080 1782 ipsa
1096 1746 1226 1784 quidem
1242 1745 1339 1784 Virgo
1359 1746 1467 1776 sancta
1490 1747 1712 1785 sustinuisset,

1012 1790 1037 1819 si
1054 1799 1118 1821 non
1133 1792 1194 1822 sibi
1208 1792 1437 1821 obumbratum
1454 1791 1536 1821 foret
1551 1799 1567 1821 a
1590 1793 1712 1822 virtute

1011 1837 1178 1867 Altissimi.
1201 1838 1299 1867 Porro
1323 1838 1428 1866 ortum
1454 1837 1641 1869 candidavit
1662 1838 1712 1868 in-

1012 1884 1161 1922 corrupta
1176 1883 1346 1921 virginitas
1359 1883 1482 1921 Matris,
1495 1884 1713 1913 conversatio-

1010 1936 1086 1958 nem
1103 1929 1291 1959 innocentia
1306 1930 1382 1958 vitae
1393 1950 1401 1966 a
1426 1929 1555 1967 eloquia
1569 1929 1689 1958 veritas
1701 1951 1711 1967 ,

1011 1975 1167 2006 miracula
1197 1975 1322 2014 puritas
1357 1974 1480 2012 cordis,
1511 1977 1713 2005 sacramenta

1011 2022 1144 2060 pietatis
1159 2030 1312 2052 arcanum
1326 2043 1335 2058 ,
1356 2020 1541 2059 passionem
1563 2021 1711 2059 patiendi

1011 2070 1179 2107 voluntas²
1192 2068 1329 2097 mortem
1343 2067 1478 2096 libertas
1491 2075 1556 2096 non
1569 2067 1711 2097 morien-

1011 2113 1043 2143 di
1054 2137 1062 2152 2
1075 2114 1347 2144 resurrectionem
1357 2112 1532 2150 Martyrum
1545 2112 1710 2151 fortitudo,

1011 2161 1232 2190 ascensionem
1255 2159 1418 2188 exhibitio
1447 2157 1709 2196 promissionum.

1010 2206 1111 2242 Quam
1127 2206 1230 2235 bonus
1251 2204 1326 2234 fidei
1343 2204 1420 2233 odor
1436 2204 1469 2233 in
1489 2203 1541 2232 his
1556 2203 1710 2241 singulis,

1010 2254 1116 2282 nostra
1131 2251 1263 2290 quidem
1272 2273 1281 2289 ‚
1293 2249 1348 2288 qui
1364 2249 1535 2280 candorem
1549 2257 1614 2278 non
1625 2249 1711 2279 vidi-

1011 2306 1100 2335 mus,
1130 2298 1276 2335 tempora
1297 2296 1330 2326 et
1353 2296 1479 2325 viscera
1503 2295 1647 2334 replens.
1672 2296 1712 2325 El.

1013 2344 1091 2373 beati
1113 2344 1166 2382 qui
1185 2351 1248 2372 non
1271 2343 1430 2378 ciderunt,
1455 2342 1486 2371 et
1507 2341 1710 2371 crediderunt.

1010 2390 1085 2419 Pars
1099 2396 1171 2418 mea
1186 2388 1219 2417 in
1235 2388 1285 2418 his
1301 2387 1378 2418 odor
1389 2387 1465 2417 vitae
1476 2409 1485 2424 ,
1498 2385 1554 2424 qui
1564 2386 1711 2425 procedit

1012 2444 1053 2464 ex
1070 2434 1159 2473 ipsis.
1183 2435 1212 2463 Is
1236 2434 1360 2464 infusus
1385 2432 1518 2463 naribus
1538 2432 1620 2462 meis
1635 2432 1709 2470 apto

1011 2481 1150 2519 quodam
1187 2479 1263 2510 fidei
1292 2479 1507 2509 instrumento
1523 2487 1532 2516 3
1569 2478 1603 2508 et
1636 2478 1710 2516 qui-

1011 2527 1085 2556 dem
1098 2525 1258 2565 copiosius
1271 2532 1330 2564 pro
1344 2523 1554 2554 multitudine
1567 2523 1710 2553 liliorum

1010 2580 1086 2601 sane
1102 2572 1135 2602 et
1153 2571 1307 2601 exsilium
1321 2571 1425 2608 levat,
1445 2571 1478 2600 et
1491 2569 1604 2608 patriae
1623 2569 1712 2598 desi-

1010 2617 1135 2646 dorium
1163 2617 1290 2646 assidue
1313 2616 1446 2646 innovat
1468 2615 1501 2644 in
1529 2614 1709 2644 visceribus

276 2666 351 2694 0210)-
365 2673 469 2693 svnms
486 2665 514 2692 in
533 2663 617 2692 omm
636 2663 699 2692 Ioco
715 2672 724 2690 :
741 2661 795 2692 sed
823 2661 891 2690 aliis
907 2663 975 2699 qui·
993 2663 1100 2691 meis.
