1830 3073
558 257 614 287 DE
636 257 850 287 mvsssssxs

136 319 235 346 carne
259 317 336 346 vero
363 310 430 353 legi
460 313 606 352 peccati,
629 322 700 351 quae
728 311 778 343 est
804 311 838 341 in

137 358 290 390 membris
307 359 436 389 nostris.
452 359 545 389 Unde
561 358 594 389 et
615 358 650 389 in
664 358 728 388 alio
742 358 811 387 loco
827 365 836 386 t

137 405 218 441 Scio,
233 404 354 443 inquit,
370 406 450 443 quod
471 413 534 435 non
548 407 591 435 est
605 405 637 435 in
649 413 696 434 me
713 403 837 439 bonum,

136 451 192 481 hoc
206 453 250 482 est
267 454 300 482 in
311 461 405 483 carne
419 461 499 483 mea.
511 452 595 490 Quid
615 452 726 482 tamen
741 458 839 488 agen-

135 495 214 526 dum
241 498 303 535 est,
332 506 406 527 cum
430 498 477 528 sic
503 497 602 536 ejecti
628 497 668 527 ab
688 497 837 534 homine,

135 549 250 579 porcos
264 543 453 574 inhabitant
473 543 583 582 spurci
601 541 754 581 spiritus,
775 541 838 572 nisi

135 589 308 626 quaerenda
320 589 465 620 remedia
478 589 706 627 lacrymarum,
718 588 752 617 et
766 595 840 617 cur-

134 632 273 663 rendum
288 633 329 663 ad
344 642 459 672 aquas,
482 641 620 672 quarum
641 632 839 662 abundantia

136 677 221 707 male
233 678 344 708 vivida
358 678 452 708 radix
466 678 594 716 peccati
614 677 791 708 suffocetur
805 677 839 707 in

135 721 185 752 eis
203 721 216 752 ἓ
235 723 389 760 Quamvis
411 723 481 754 haec
503 723 688 754 omnimoda
713 723 839 761 peccati

136 768 310 799 exstinctio
327 769 383 798 fini
395 769 504 807 potius
517 770 682 800 reservata
695 768 837 800 videtur.

173 813 204 842 5.
222 814 295 843 Haec
305 813 338 843 in
346 822 488 844 excursu
500 813 639 852 quodam
650 814 727 844 sunt
739 814 838 852 dicta,

134 856 171 887 ut
185 859 320 895 proinde
327 858 532 890 manifestius
540 859 749 898 assignarem,
762 868 840 897 quo-

134 910 210 932 nam
224 904 319 934 modo
340 913 435 942 eum,
458 913 556 943 quem
579 905 639 935 sub
663 906 839 943 semetipso

135 949 276 988 reperit,
301 950 364 980 sibi
384 950 544 988 malignus
567 949 738 990 subjiciat,
757 951 841 981 tam-

135 1001 233 1031 quam
261 995 351 1026 fortis
375 996 517 1025 armatus
538 994 663 1026 intrans
684 996 718 1026 et
736 996 840 1034 possi-

134 1038 216 1069 dens
237 1039 374 1077 atrium,
390 1040 424 1070 in
449 1048 512 1078 quo
527 1048 651 1079 pauper
675 1041 709 1071 et
723 1041 840 1071 debilis

135 1083 291 1115 inventus
326 1087 376 1115 est
404 1086 579 1115 habitator.
607 1086 840 1117 Verumtamen

135 1129 312 1166 tripliciter
327 1131 409 1160 mihi
422 1131 575 1160 videntur
596 1130 747 1161 homiues
771 1140 840 1163 esse

137 1173 196 1201 sub
212 1173 359 1211 principe
374 1174 596 1203 tenebrarum.
610 1174 754 1204 Primum
767 1176 841 1213 qui-

136 1217 211 1245 dem
237 1225 298 1247 nec
317 1218 463 1248 volentes
474 1239 482 1255 ‚
498 1226 559 1247 nec
572 1219 734 1249 nolentes.
750 1220 841 1256 Quod

135 1262 288 1292 convenit
300 1262 350 1293 his
365 1262 421 1301 qui
432 1262 573 1292 necdum
588 1263 712 1293 habent
725 1265 840 1294 volun·-

134 1307 210 1337 tatis
226 1315 340 1345 usum3
355 1308 430 1338 sunt
444 1308 555 1337 tamen
569 1315 646 1337 vasa
668 1308 724 1338 irae
741 1317 840 1348 prop-

134 1352 186 1381 ter
201 1353 357 1391 originale
373 1353 543 1392 peccatum
554 1374 563 1391 ,
586 1353 688 1384 donec
709 1355 838 1392 alligato

134 1397 211 1427 forti
229 1407 306 1428 vasa
325 1399 395 1436 ejus
419 1398 553 1437 diripiat
568 1398 683 1429 fortior
703 1408 763 1438 per
782 1401 840 1430 Sa-

136 1444 338 1473 cramentum
363 1443 560 1481 adveniens,
593 1452 692 1475 verus
724 1446 838 1484 utique

135 1487 269 1525 Moyses,
285 1488 340 1527 qui
355 1487 390 1518 in
404 1497 486 1527 aqua
500 1488 603 1527 venit,
622 1497 684 1520 nec
706 1489 740 1520 in
756 1499 837 1529 aqua

135 1533 251 1572 solum,
268 1534 325 1563 sed
336 1534 457 1573 inaqua
466 1535 499 1565 et
507 1535 676 1573 sanguine.
690 1535 838 1567 Secundo

135 1579 230 1608 modo
259 1580 427 1619 volentes,
456 1588 530 1610 cum
556 1580 624 1617 jam
651 1581 837 1612 voluntarie

133 1625 281 1662 peccant.
297 1625 406 1655 Tertio
417 1634 544 1664 quoque
560 1625 655 1656 modo
674 1627 837 1665 nolentes,

134 1679 208 1700 cum
231 1670 298 1707 jam
321 1671 453 1709 quidem
477 1671 670 1709 resipiscere
694 1672 838 1711 vellent,

135 1715 198 1744 nisi
215 1716 300 1754 quod
318 1717 444 1754 peccati
457 1716 691 1746 consuetudine
706 1716 841 1747 misera·

134 1760 246 1790 biliter
261 1761 408 1799 obligati,
422 1761 510 1798 justo
524 1761 719 1798 DeiJudicio
734 1761 790 1799 qui
805 1762 840 1793 in

134 1804 284 1833 sordibus
298 1805 385 1842 sunt,
397 1804 582 1834 sordescant
597 1804 714 1834 adhuc.
731 1806 767 1834 In
777 1814 840 1843 quo

136 1848 233 1877 tertio
257 1849 343 1879 statu
361 1849 521 1878 laborasse
536 1848 667 1878 videtur
689 1850 841 1888 prodigus

136 1893 192 1922 ille
208 1893 311 1931 filius,
328 1894 361 1923 et
376 1902 454 1923 vere
477 1893 630 1932 prodigus
645 1894 743 1924 nimis
754 1918 763 1933 ‚
783 1896 840 1933 qui

134 1946 199 1967 non
216 1939 311 1968 modo
328 1938 498 1977 dissiparat
514 1946 584 1976 sua,
601 1939 658 1969 sed
673 1939 706 1969 et
719 1941 840 1970 semet-

134 1984 240 2022 ipsum
284 1984 470 2022 subjecerat
506 1985 636 2015 miserae
667 1985 837 2023 servituti,

134 2030 271 2069 infelix,
283 2031 499 2062 venumdatus
517 2031 577 2061 sub
597 2032 748 2070 peccato,
766 2040 838 2062 cum

135 2075 175 2105 ad
191 2085 224 2106 se
252 2085 402 2107 reversus
426 2076 473 2107 ait
488 2085 497 2106 ε
515 2078 631 2116 Quanti
655 2080 840 2108 mercenarii

134 2120 173 2149 in'
188 2122 275 2150 domo
299 2122 398 2159 patris
421 2122 482 2151 mei
500 2122 661 2152 abundant
684 2122 838 2160 panibus!

131 2175 185 2204 eyo
198 2168 298 2196 autem
315 2167 362 2196 hic
376 2167 459 2205 fame
472 2175 573 2206 pereo.
589 2166 622 2197 Si
633 2168 706 2206 quis
721 2175 838 2206 exper-

133 2212 184 2240 tus
201 2213 248 2241 cst
263 2212 297 2241 in
318 2212 511 2251 semetipso,
538 2212 654 2251 facile,
671 2213 786 2251 credo,
802 2214 837 2244 iu

133 2256 185 2286 his
200 2257 308 2287 verbis
324 2258 469 2288 animum
483 2258 704 2289 miserabilem
723 2267 837 2298 recog-

131 2303 253 2332 noscet.
267 2302 346 2339 Quis
363 2303 585 2342 enimvpeccati
604 2304 835 2336 consuetudine

133 2347 371 2386 obligatusmon
381 2356 414 2379 se
424 2349 553 2379 felicem
563 2350 742 2389 reputaret,
751 2350 777 2381 si
785 2351 837 2381 da—

132 2393 202 2421 tum
211 2394 293 2423 esset
307 2394 337 2423 ei
350 2402 418 2424 esse
427 2396 590 2433 tamquam
604 2404 706 2426 unum
722 2405 763 2426 ex
772 2397 833 2436 his,

133 2446 212 2475 quos
234 2437 266 2467 in
286 2439 402 2469 saeculo
416 2440 544 2477 tepidos
562 2440 670 2478 videt,
685 2441 835 2473 viventes

134 2484 205 2513 sine
220 2482 369 2520 crimine,
382 2484 516 2515 minime
531 2486 639 2516 tamen
651 2489 833 2525 quaerentes

133 2536 205 2565 quae
222 2536 347 2558 sursum
370 2529 463 2567 sunt,
486 2530 544 2560 sed
564 2540 636 2569 quoe
655 2540 751 2571 super
769 2533 834 2564 ter-

133 2573 224 2603 ram?
236 2575 362 2613 Quanti,
378 2574 495 2613 inquit,
508 2579 689 2607 mercenarii
700 2579 731 2607 in
743 2579 832 2610 domo

130 2620 228 2656 patris
244 2620 303 2650 mei
316 2620 475 2651 abundant
486 2621 618 2660 panibus
631 2622 642 2652 ἱ
653 2621 687 2653 id
699 2624 748 2654 est
759 2633 832 2655 con-

131 2663 274 2694 solantur
289 2664 323 2695 in
338 2665 523 2697 innocentia
546 2675 615 2704 sua,
630 2668 663 2698 et
679 2668 830 2701 fruuntur
847 2700 849 2704 Α

871 255 1023 285 SERMO
1048 255 1144 286 vlu.
1532 263 1571 293 {9

871 311 1009 350 propriae
1021 309 1229 341 conscientiae
1239 309 1400 352 bon03090
1414 319 1517 349 autem
1525 320 1572 350 hic

871 358 954 395 fame
966 366 1068 395 pereo,
1084 357 1120 386 id
1135 356 1184 387 est
1198 357 1436 389 insatiabilibus
1448 365 1572 394 crucior

871 403 1078 440 peccatorum
1095 401 1279 440 desideriis,
1295 403 1328 432 et
1342 403 1512 437 affectibus
1523 409 1574 438 vi—

871 448 1003 478 tiorum.
1029 448 1138 478 Potest
1165 447 1275 477 tamen
1305 448 1463 487 intelligi,
1489 453 1574 488 quod

871 501 938 523 non
953 493 1037 523 fame
1049 493 1153 532 panis,
1162 501 1223 523 nec
1238 492 1291 523 siti
1305 500 1395 531 aquae
1406 501 1414 531 ς
1427 494 1482 523 sed
1490 495 1573 527 fame

872 538 905 569 et
929 538 986 570 siti
1012 538 1119 569 divini
1147 538 1253 576 verbi,
1278 546 1375 577 quam
1397 539 1431 570 et
1457 540 1575 571 Judaeae

870 584 1031 622 Propheta
1044 584 1203 622 minatur‚
1217 592 1288 614 sese
1302 584 1475 623 perhibeat
1487 586 1575 616 labo-

872 638 955 660 rare.
970 630 1010 659 Et
1024 630 1093 660 haec
1112 630 1252 660 dixerim
1267 638 1334 660 non
1347 630 1431 669 quod
1447 630 1493 660 ita
1515 632 1576 670 sit,

872 674 930 705 sed
954 674 1041 714 quod
1057 675 1103 705 ita
1121 675 1242 706 sentiat
1263 675 1362 705 miser
1386 675 1580 706 humiliatus

872 720 932 751 sub
959 720 1106 759 peccato.
1132 721 1245 759 Neque
1274 720 1365 750 enim
1398 720 1580 758 gloriantur

873 765 1079 796 conscientiae
1094 765 1280 796 testimonio
1292 787 1300 803 ‚
1316 773 1454 804 quorum
1474 774 1580 796 saecu-

872 811 949 841 laris
963 812 996 841 et
1023 812 1227 841 mercenaria
1248 811 1390 842 intentio
1406 812 1455 842 est
1482 820 1491 841 z
1520 811 1579 842 sed

872 857 1023 895 peccator
1042 858 1254 895 compunctus
1268 856 1400 899 reputat
1415 857 1580 888 sanctissi-

872 911 961 932 mum
970 923 980 936 ,
996 910 1200 940 quacumque
1214 910 1257 932 ex
1268 910 1364 933 causa
1376 903 1514 933 alterum
1525 903 1580 933 vi·

872 948 948 978 deat
965 947 1184 978 innocentem.
1202 949 1268 978 Fa'c
1290 957 1353 986 me,
1366 948 1486 987 inquit,
1502 949 1580 979 sicut

872 1002 969 1023 unum
985 1002 1025 1023 0ae
1039 994 1237 1023 mercenariis
1252 995 1324 1024 tais.

912 1038 944 1068 6.
966 1039 1048 1068 Ecce
1069 1038 1124 1067 hic
1147 1038 1214 1075 jam
1237 1039 1363 1076 primus
1384 1038 1434 1069 est
1456 1039 1577 1077 status,

873 1091 936 1121 quo
961 1083 1020 1113 sub
1039 1085 1107 1113 Deo
1123 1091 1193 1113 esse
1219 1083 1397 1121 incipiunt,
1418 1084 1474 1122 qui
1495 1085 1581 1114 tam-

873 1136 968 1166 quam
985 1128 1182 1158 mercenarii
1201 1129 1261 1158 suh
1278 1128 1514 1160 Patrefamilias
1527 1130 1579 1160 vi·

873 1174 965 1203 vunt.
982 1172 1024 1202 Hi
1043 1173 1117 1203 sunt
1127 1181 1207 1211 quos
1226 1173 1262 1203 in
1278 1174 1396 1204 saeculo
1416 1174 1577 1213 videmus,

873 1218 929 1247 aut
941 1218 1046 1254 nullo,
1063 1218 1119 1248 aut
1133 1218 1254 1256 exiguo
1270 1218 1431 1249 desiderio
1442 1220 1579 1250 aeterno-

872 1270 944 1292 rum
955 1283 964 1300 ,
982 1263 1075 1293 velut
1093 1263 1154 1293 sub
1178 1264 1331 1293 mercede
1346 1265 1471 1295 servire
1486 1265 1554 1295 Deo
1568 1289 1576 1304 ‚

872 1308 905 1338 et
919 1308 959 1338 ab
979 1316 1017 1338 eo
1029 1308 1158 1338 terrena
1173 1309 1286 1346 petere
1303 1318 1375 1348 quae
1397 1311 1431 1340 et
1451 1310 1578 1341 deside-

871 1354 1118 1384 rant.Jamver0
1133 1355 1274 1384 secundo
1283 1355 1368 1385 statu
1381 1355 1578 1394 incipitessc

871 1399 930 1429 suh
945 1399 1097 1438 Domino,
1121 1400 1179 1438 qui
1194 1400 1360 1439 tamquam
1383 1410 1496 1432 servus
1511 1411 1579 1433 car-

872 1452 980 1475 cerem
1004 1445 1110 1484 timet‚
1140 1446 1174 1476 et
1200 1446 1320 1476 metuit
1343 1455 1386 1477 ne
1409 1448 1580 1486 subigatur

870 1490 987 1528 poenis.
1005 1490 1041 1520 In
1057 1498 1120 1529 quo
1132 1499 1209 1521 sane
1226 1492 1314 1522 statu
1328 1494 1496 1523 conversio
1514 1495 1576 1532 est,

872 1536 1045 1574 exitusque
1065 1544 1084 1565 a
1103 1537 1239 1575 saeculo,
1257 1537 1290 1567 et
1314 1537 1466 1569 introitus
1487 1539 1576 1570 vitae.

870 1580 962 1610 Unde
986 1581 1020 1610 et
1037 1581 1344 1621 legis:Pr2·ncipium
1359 1585 1516 1622 sapientire
1540 1588 1578 1616 11·-

871 1635 940 1657 mor
950 1628 1088 1657 Domini.
1097 1627 1135 1656 Et
1149 1627 1234 1658 alius
1246 1629 1379 1666 quidam
1394 1630 1553 1669 Propheta
1567 1641 1575 1660 :

872 1672 900 1703 Α
914 1674 1035 1710 timore,
1050 1672 1170 1711 inquit,
1183 1675 1235 1704 tuo
1244 1676 1446 1714 concepimus,
1465 1678 1493 1706 et
1502 1686 1577 1714 par-

872 1718 1032 1749 turivimus
1049 1720 1191 1757 spii-ilum
1214 1719 1333 1750 salutes.
1360 1720 1444 1750 Huic
1463 1722 1577 1759 gradui

872 1762 988 1792 tertius
995 1762 1167 1792 admodum
1177 1763 1347 1800 proximus
1358 1766 1391 1795 et
1403 1766 1494 1803 quasi
1503 1775 1577 1804 per-

871 1807 996 1837 mixtus
1011 1808 1071 1844 est,
1085 1815 1196 1837 eorum
1210 1808 1354 1847 scilicet,
1369 1810 1425 1848 qui
1446 1812 1577 1848 parvuli

872 1852 977 1882 adhuc
988 1852 1023 1882 in
1035 1852 1159 1882 Christo
1174 1854 1225 1883 lac
1237 1855 1482 1894 concupiscunt,
1493 1857 1577 1886 tam-

871 1905 967 1934 quam
991 1897 1050 1928 sub
1078 1898 1228 1936 Magistro
1262 1899 1296 1929 et
1326 1900 1498 1940 paedagogo
1525 1903 1576 1932 vi-

872 1945 998 1973 ventes.
1020 1942 1056 1972 ld
1081 1951 1222 1981 namque
1250 1946 1405 1975 convenit
1432 1947 1575 1978 maxime

871 1988 1017 2025 novitiis,
1033 1988 1090 2026 qui
1105 1988 1262 2019 nimirum
1274 1990 1303 2019 si
1320 1989 1403 2021 forte
1418 1991 1453 2022 in
1468 2001 1576 2023 conso-

870 2033 1044 2064 lationibus
1066 2034 1292 2066 meditationis
1309 2037 1444 2076 sanctae,
1468 2039 1577 2077 lacry-

870 2086 1008 2117 marum,
1021 2079 1209 2118 psalmodiae
1221 2080 1254 2110 et
1267 2083 1457 2113 caeterorum
1465 2083 1577 2122 hujus-

852 2142 855 2153 v
870 2124 955 2154 modi
972 2125 1132 2163 coeperint
1145 2125 1318 2165 delectari,
1331 2128 1422 2166 quasi
1437 2130 1577 2167 puerili-

869 2170 919 2199 ter
933 2169 1052 2200 timent
1067 2167 1109 2200 ne
1121 2171 1309 2208 magistrum
1327 2172 1516 2213 offendant,
1532 2185 1576 2206 ne

868 2215 1045 2253 vapulent,
1083 2216 1317 2247 defraudentur
1354 2222 1554 2252 munusculis
1566 2245 1575 2260 ,

867 2261 985 2299 quibus
1001 2262 1082 2293 solet
1098 2267 1152 2293 eos
1168 2262 1315 2294 eruditor
1335 2264 1392 2295 ille
1407 2266 1576 2305 benignis-

867 2307 967 2337 simus
982 2307 1126 2338 allicere.
1143 2309 1185 2339 Hi
1204 2309 1298 2347 sunt,
1323 2310 1380 2348 qui
1400 2313 1576 2349 provident

866 2352 1041 2383 Dominum
1052 2354 1087 2384 in
1107 2354 1282 2393 conspectu
1296 2364 1354 2385 suo
1369 2364 1517 2396 semper3
1542 2360 1576 2388 ct

867 2400 1113 2430 commoventur
1137 2401 1165 2430 si
1188 2401 1244 2431 vel
1262 2401 1303 2431 ad
1326 2402 1440 2432 horam
1463 2404 1574 2433 abesse

867 2444 1065 2482 contigerit:
1090 2453 1151 2475 nec
1174 2445 1241 2482 jam
1266 2447 1434 2478 serviliter
1457 2448 1575 2478 timent

866 2489 1044 2527 supplicia,
1069 2490 1126 2520 sed
1149 2491 1318 2529 tamquam
1350 2493 1479 2531 par-vuli
1501 2501 1574 2522 mc-

865 2534 963 2565 tuunt
974 2535 1083 2574 plagas
1094 2536 1272 2576 virgarum,
1289 2538 1575 2576 apprehendentes

865 2580 1073 2619 disciplinam
1085 2582 1245 2621 magistri,
1262 2582 1433 2621 nequando
1453 2584 1574 2614 irasca-

865 2626 968 2665 catur,
980 2626 1013 2657 et
1023 2627 1162 2665 pereant
1177 2628 1218 2658 de
1229 2628 1282 2658 via
1297 2629 1401 2666 justa:
1417 2636 1459 2658 ne
1474 2628 1574 2659 devo-

866 2671 961 2702 tionis
975 2673 1078 2711 gratia
1093 2673 1303 2703 subtrahatur
1330 2675 1363 2703 et
1378 2674 1512 2745 mglcsta
1524 2675 1574 2705 eis
