1810 3073
294 225 352 258 ‘26³

295 283 328 312 et
342 281 476 320 propter
488 289 620 320 pacem,
644 282 678 312 et
695 282 829 320 propter
844 281 972 318 adipem
985 280 1011 322 ,f
1029 279 1082 308 die
1097 287 1106 307 τ
1122 278 1248 308 etenim
1261 278 1319 307 illa
1333 275 1488 306 meridies
1502 275 1568 306 tota
1581 275 1629 306 est
1639 275 1726 315 dies,

294 329 327 357 et
342 329 473 366 propter
486 328 693 358 satietatem?
707 328 796 357 Nihil
812 327 857 356 ibi
882 323 1010 354 sormi-¹
1029 325 1062 354 et
1076 324 1145 362 ipsa
1160 324 1310 353 nesciens
1320 330 1502 360 vesperam.
1524 323 1561 352 Et
1577 322 1729 366 ideo11ne-

294 373 390 403 datur
401 396 410 411 ,
434 373 520 403 nihil
551 373 715 403 fastiditur
726 395 734 410 ,
760 373 847 402 nihil
871 370 993 401 deficit.
1027 369 1090 398 lior
1101 369 1171 398 dies
1186 369 1242 398 illa
1258 369 1292 398 in
1307 369 1398 397 atriis
1411 369 1477 397 tuis
1496 376 1593 406 super
1607 368 1729 404 millia,

758 228 788 256 S.
807 225 1052 256 BERNARDI
1074 224 1270 252 ABBATIS

292 418 373 449 Tuta
390 419 548 449 habitatio
561 419 732 448 Paradisus
745 440 755 456 ,
777 418 871 447 dulce
892 416 997 454 pabu-

291 464 361 495 lum
386 466 547 503 Verbum,
577 464 745 503 opulentia
773 463 875 493 multa
899 461 1010 492 nlmis·

292 511 475 541 AEternitas.

333 557 364 586 5.
388 558 498 586 Habeo
531 556 564 586 et
594 564 652 593 ego
677 555 845 591 Verbum,
878 552 936 583 sed
962 552 1011 602 in¹

291 609 389 631 carne
403 610 412 639 ς
429 603 463 631 et
476 601 558 630 mihi
583 599 758 638 apponitur
773 599 895 628 veritas
906 620 915 636 ,
940 597 997 627 sed

292 648 327 677 in
348 647 566 676 Sacramento.
584 646 723 682 Angelus
744 653 786 674 ex
809 644 904 681 adipe
928 632 1011 688 fra-fl

291 693 395 722 menti
431 692 617 729 saginatur,
648 691 681 720 et
716 691 804 720 nudo
833 691 997 720 saturatur

292 746 411 775 grano3
428 746 480 766 me
497 736 625 774 oportet
643 736 777 765 interim
793 735 931 773 quodam
947 742 997 763 sa-

1007 715 1011 749 l

1007 759 1011 793 l

293 783 453 814 cramenti
466 782 587 812 cortice
598 789 667 811 csse
680 782 882 817 contentum,
892 781 1010 810 carnis.

293 829 418 859 furfure
433 851 442 866 ,
457 828 578 857 litterae
592 828 705 865 palea,
721 826 885 856 velamine
907 825 995 855 fidei.

292 875 331 905 Et
347 875 415 904 haee
431 873 510 903 talia
525 874 602 901 sunt
620 881 691 909 quae
715 872 841 909 gustata
857 869 1012 928 asseruntj

292 921 450 956 mortem,
475 919 503 947 si
529 926 595 946 non
619 917 658 946 de
684 917 840 955 primitiis
863 917 997 953 spiritus

293 965 629 1003 quantulumcumque
639 962 801 999 accipiant
811 938 1011 990 condimen-¹

292 1012 376 1039 tum.
392 1010 524 1038 Prorsus
534 1015 620 1036 mors
634 1007 716 1036 mihi
733 1007 766 1036 in
782 1007 844 1035 olla
855 1029 864 1044 .,
880 981 1013 1058 nisiex!

292 1055 465 1094 Prophetae
494 1053 598 1083 farina
623 1053 823 1082 dulcoretur.
850 1053 997 1090 Denique

294 1102 417 1140 absque
434 1100 552 1139 spiritu
574 1100 607 1129 et
622 1100 866 1129 Sacramentum
883 1098 923 1128 ad
946 1097 1013 1135 jud

295 1147 418 1178 dicium
441 1146 598 1182 sumitur,
628 1146 661 1174 et
681 1153 754 1174 caro
780 1153 845 1174 non
868 1139 1013 1182 prodest'

293 1194 487 1233 quicquam,
505 1193 537 1221 et
566 1192 676 1221 littera
701 1191 839 1229 occidit,
865 1190 899 1220 et
921 1190 999 1220 fides

294 1242 423 1269 mortua
441 1239 500 1268 est.
529 1237 592 1267 Sed
607 1237 741 1275 spiritus
755 1238 803 1266 est
821 1236 875 1274 qui
892 1202 1015 1285 vivifi-³

295 1286 349 1315 cat.
361 1307 370 1323 ,
396 1285 434 1314 ut
454 1284 566 1313 vivam
591 1283 626 1312 in
652 1282 711 1312 eis.
740 1283 779 1312 At
796 1283 1001 1320 quantalibet

295 1339 375 1362 sane
401 1329 603 1360 abundantia
629 1328 762 1367 spiritus
787 1329 1000 1367 pinguescant

295 1378 377 1415 ista,
391 1385 457 1407 non
471 1376 543 1415 pari
572 1374 703 1405 omnino
716 1374 922 1411 jucunditate
945 1384 1000 1404 su-

295 1424 396 1453 mitur
412 1423 524 1452 cortex
535 1420 748 1457 sacramenti,
766 1421 799 1449 et
814 1420 913 1458 adeps
931 1420 1000 1450 t'ru-

296 1469 420 1506 menti,
449 1468 530 1497 fides
556 1467 588 1497 et
614 1466 740 1504 species
753 1488 761 1503 ,
786 1466 941 1495 memoria
968 1467 999 1495 et

296 1514 469 1553 praesentia
480 1536 489 1551 ,
503 1512 668 1542 aeternitas
684 1513 716 1541 et
728 1513 856 1550 tempus
866 1534 875 1549 ,
891 1512 999 1541 vultus

297 1561 331 1590 et
345 1560 530 1598 speculum,
543 1557 647 1595 imago
663 1557 722 1586 Dei
739 1558 771 1586 et
788 1556 886 1586 forma
900 1558 998 1587 servi.

296 1608 419 1643 Nempe
445 1605 479 1633 in
496 1604 646 1634 omnibus
671 1603 722 1632 his
747 1603 827 1632 fides
855 1603 1000 1640 locuples

296 1651 392 1687 mihi,
405 1649 592 1679 intellectus
604 1656 739 1685 pauper.
749 1648 911 1685 Numquid
923 1657 1000 1677 vero

295 1705 355 1735 par
370 1703 463 1733 sapor
478 1693 663 1724 intellectui
684 1692 825 1730 fideique
839 1715 847 1730 ,
872 1702 944 1722 cum
960 1694 999 1722 sit

296 1743 331 1772 in
348 1741 504 1771 meritum
521 1739 601 1776 ista,
618 1738 673 1767 ille
690 1738 725 1767 in
740 1738 930 1776 praemium?
945 1740 1002 1768 vi-

298 1788 356 1817 des
371 1794 446 1824 ergo
466 1786 593 1814 tantum
609 1783 730 1812 distare
757 1783 844 1813 inter
859 1783 976 1822 pabula
992 1807 1000 1821 ‚

298 1833 457 1872 quantum
483 1832 515 1861 et
532 1830 617 1859 inter
631 1830 701 1858 loca
718 1838 726 1858 ε
744 1830 776 1858 et
802 1828 886 1859 sicut
911 1830 1002 1860 exal-

296 1880 409 1910 untur
425 1876 497 1907 coeli
521 1884 539 1906 a
563 1877 672 1913 terra,
691 1875 737 1905 ita
759 1875 946 1906 habitantes
968 1877 1000 1906 in

298 1926 364 1963 eis,
380 1924 473 1954 bonis
492 1922 674 1961 potioribus
692 1920 881 1951 abundare?

338 1970 370 1999 la.
385 1969 589 1999 Festinemus
604 1967 754 2006 proinde,
766 1966 854 2003 filii,
871 1967 1017 2010 festine-l

299 2025 371 2047 mus
383 2016 423 2045 ad
437 2015 544 2044 locum
559 2014 728 2050 tutiorem,
738 2013 778 2042 ad
790 2013 918 2051 pastum
930 2023 1002 2044 sua-

298 2062 442 2098 viorem,
471 2059 511 2089 ad
539 2059 724 2089 uberiorem
748 2059 782 2088 et
809 2058 1001 2090 fertiliorem

299 2116 422 2147 agrum.
449 2103 652 2136 Festinemus
667 2106 705 2135 ut
726 2105 911 2135 habitemus
932 2107 1002 2136 sinc

299 2156 403 2191 metu,
416 2152 619 2183 abundemus
634 2151 705 2181 sine
722 2150 873 2188 deiectu,
891 2152 1004 2189 epule-

299 2207 373 2230 mur
387 2199 457 2228 sine
470 2198 611 2227 fastid10.
621 2198 668 2226 Tu
683 2197 785 2233 enim,
799 2198 936 2226 Domine
953 2206 1003 2226 sa-

299 2245 416 2282 baoth,
441 2244 497 2281 qui
518 2251 592 2272 cum
616 2242 854 2279 tranquillitate
879 2242 1003 2278 judicas

298 2291 426 2327 omnia,
440 2289 539 2318 etiam
555 2296 629 2317 cum
641 2287 815 2316 securitate
831 2296 921 2324 aeque
938 2296 1003 2316 om-

297 2337 353 2368 nia
369 2336 415 2365 ibi
436 2335 553 2373 pascis.
578 2333 667 2363 Idem
696 2332 766 2371 ipse
793 2334 825 2362 et
846 2333 1003 2363 Dominus

299 2382 526 2417 exercituum,
546 2380 578 2409 et
602 2379 712 2417 pastor
727 2378 850 2408 ovium.
868 2379 948 2417 Ergo
971 2382 1001 2409 et

298 2429 427 2467 pascis,
453 2428 485 2456 et
501 2426 598 2455 cubas
612 2424 751 2462 pariter,
774 2424 830 2454 sed
850 2432 914 2453 non
937 2425 1000 2454 hic.

300 2474 450 2511 Denique
462 2471 568 2501 stabas
582 2478 657 2500 cum
670 2478 687 2499 e
703 2470 784 2499 coelo
800 2470 1002 2507 prospiceres

300 2527 400 2550 unam
416 2526 459 2548 ex
478 2517 544 2547 tuis
568 2516 705 2546 oviculis
721 2514 941 2554 (Stephanum
958 2518 1003 2546 lo-

302 2563 401 2604 quor)
418 2572 436 2593 a
450 2562 536 2602 lupis
551 2561 743 2592 circumdari
755 2570 852 2600 super
867 2563 999 2592 terram.

305 2612 339 2639 tit
355 2611 526 2649 propterea
541 2617 647 2648 quaeso
660 2609 759 2638 indica
774 2608 850 2638 milei
862 2608 916 2637 ubi
927 2618 1001 2646 pas-

304 2666 354 2689 tus
388 2655 442 2686 ubi
464 2654 553 2686 cubes
573 2655 606 2685 in
625 2655 768 2691 vterfrlie,
784 2653 846 2685 hoc
868 2654 915 2684 cst
932 2655 998 2685 tota

1028 415 1104 452 quia
1119 414 1223 444 nescit
1238 414 1447 443 occasum.At
1457 414 1653 443 matutinum
1668 413 1731 443 for-

1028 459 1112 489 sitan
1140 460 1256 489 habuit
1267 481 1276 496 ,
1307 467 1381 488 cum
1404 459 1547 496 primum
1572 459 1731 490 videlicet

1029 504 1097 535 dies
1113 505 1332 535 sanctificatus
1347 504 1459 534 illuxit
1473 504 1567 534 nobis
1577 512 1653 541 ,per
1668 504 1731 533 vis-

1028 559 1103 580 cera
1117 552 1231 589 utique
1246 550 1476 579 misericordiae
1488 550 1547 579 Dei
1562 549 1681 587 nostri,
1697 551 1731 580 in

1028 597 1145 634 quibus
1155 595 1301 626 visitavit
1315 604 1373 624 nos
1384 595 1497 624 Oriens
1509 603 1551 624 ex
1563 595 1638 624 alto.
1647 596 1731 625 Vere

1029 642 1105 670 tunc
1129 642 1331 679 suscepimus
1362 641 1449 670 Dens
1475 640 1730 670 misericordiam

1029 687 1115 716 tuam
1131 687 1165 716 in
1180 686 1289 716 medio
1314 686 1427 723 templi
1443 686 1510 723 tui,
1527 694 1601 715 cum
1617 686 1649 715 in
1665 694 1731 716 me-

1029 731 1081 761 dio
1093 733 1216 761 umbrae
1229 732 1341 761 mortis
1357 732 1490 761 exortus
1507 732 1659 761 matutini
1675 733 1731 762 lux

1028 778 1096 806 orta
1106 778 1153 807 est
1166 777 1259 806 nobis
1268 799 1277 814 ,
1291 778 1323 806 et
1337 785 1431 806 mane
1444 777 1587 806 vidimus
1598 777 1732 814 gloriam

1029 822 1169 851 Domini.
1189 823 1305 860 Quanti
1329 830 1421 860 reges
1437 823 1469 851 et
1490 823 1658 860 prophetae
1674 831 1731 852 vo-

1029 869 1298 905 lueruntvidere,
1308 869 1340 898 et
1352 876 1415 897 non
1426 867 1709 905 viderunt?Quare
1719 868 1733 897 ἐ’

1029 914 1091 943 nisi
1107 915 1184 952 quia
1196 923 1262 943 nox
1277 915 1348 944 erat
1359 936 1368 952 ,
1385 914 1417 943 et
1432 913 1573 943 necdum
1596 916 1731 944 venerat

1031 959 1112 988 illud
1127 960 1353 997 exspectatum
1368 967 1462 988 mane
1472 981 1481 996 ,
1495 959 1546 989 cui
1564 960 1670 989 fuerat
1681 968 1732 989 re-

1029 1005 1186 1042 promissa
1200 1004 1445 1034 misericordia?
1456 1005 1548 1034 Unde
1564 1006 1598 1034 et
1620 1006 1732 1035 orabat

1030 1050 1101 1087 quis
1116 1050 1228 1080 dicens
1242 1051 1407 1080 :Auditum
1423 1051 1472 1087 fac
1487 1051 1565 1079 mihi
1575 1059 1664 1080 manc
1675 1053 1733 1081 mi-

1029 1097 1230 1125 scricordiam
1244 1098 1347 1133 tuam,
1365 1097 1437 1134 quia
1454 1097 1485 1125 in
1501 1098 1528 1125 te
1542 1098 1671 1133 speravi.

1071 1142 1101 1170 5.
1110 1142 1183 1171 Fuit
1196 1150 1336 1179 namque
1351 1141 1497 1180 quaedam
1509 1142 1607 1178 hujus
1619 1150 1732 1173 aurora

1032 1187 1097 1217 diei
1109 1209 1117 1224 ,
1141 1196 1185 1217 ex
1196 1196 1258 1225 quo
1271 1187 1323 1216 Sol
1341 1187 1477 1224 justitiae
1488 1195 1547 1225 per
1558 1188 1733 1225 archange-

1031 1234 1099 1262 lum
1115 1233 1301 1263 Gabrielem
1316 1233 1483 1263 nuntiatus
1505 1234 1553 1263 est
1569 1233 1663 1263 terris
1676 1256 1685 1271 ,
1700 1234 1734 1264 et

1031 1280 1128 1319 Virgo
1143 1280 1249 1309 Deum
1272 1279 1306 1308 in
1320 1282 1413 1310 utero
1429 1279 1468 1309 de
1484 1279 1607 1318 Spiritu
1623 1281 1732 1310 sancto

1032 1325 1181 1362 concepit
1199 1326 1231 1354 et
1245 1325 1376 1363 peperit
1389 1325 1502 1363 Virgo,
1515 1333 1550 1354 ac
1565 1324 1732 1364 deinceps,

1032 1370 1137 1409 quoad
1152 1371 1186 1400 in
1199 1371 1295 1400 terris
1311 1371 1401 1400 visus
1416 1372 1477 1407 est,
1493 1371 1611 1400 etcum
1625 1370 1732 1400 horni-

1032 1417 1127 1446 nibus
1143 1417 1352 1446 conversatus
1364 1418 1423 1446 est.
1439 1416 1517 1445 Nam
1532 1423 1634 1453 usque
1653 1415 1734 1445 adeo

1032 1470 1091 1500 per
1107 1462 1210 1491 totum
1236 1462 1271 1491 id
1284 1462 1440 1499 temporis
1463 1462 1521 1491 lux
1546 1461 1661 1500 pusilla
1674 1483 1683 1499 ,
1700 1462 1734 1491 et

1032 1510 1195 1546 tamquam
1221 1508 1279 1537 lux
1294 1516 1408 1537 revera
1424 1516 1546 1537 aurorae
1567 1507 1734 1546 apparuit,

1032 1555 1067 1584 ut
1093 1554 1180 1583 diem
1216 1561 1286 1583 esse
1311 1553 1443 1582 interim
1477 1553 1561 1591 apud
1587 1553 1735 1583 homines

1031 1608 1115 1637 pene
1138 1599 1335 1630 universitas
1360 1599 1533 1637 ignoraret.
1547 1599 1694 1637 Denique
1708 1600 1737 1630 εἰ

1032 1647 1235 1684 coquorisscnt
1241 1667 1252 1682 ‚
1264 1654 1436 1683 ‘numquam
1447 1646 1616 1675 Dominum
1632 1646 1736 1683 qloriae

1032 1692 1266 1729 crucifiasissent.
1292 1691 1330 1720 Et
1357 1691 1472 1728 utique
1506 1690 1586 1728 ipsis
1622 1691 1736 1729 paucis

1033 1735 1211 1774 Discipulis
1232 1735 1402 1765 dicebatur
1427 1743 1434 1763 :
1452 1735 1560 1765 Adhuc
1583 1737 1734 1765 modicum

1034 1783 1134 1811 lumen
1151 1783 1181 1812 2⁴⁷1
1196 1781 1280 1812 vobts
1291 1783 1355 1811 est.-
1370 1789 1408 1811 eo
1424 1781 1508 1819 quod
1522 1789 1635 1811 aurora
1651 1781 1735 1813 esset

1035 1828 1068 1856 et
1084 1827 1238 1865 initium,
1264 1827 1319 1856 vel
1334 1826 1444 1865 potius
1465 1825 1623 1856 indicium
1645 1827 1734 1866 diei,

1035 1876 1110 1906 dum
1123 1877 1175 1906 Sol
1188 1876 1292 1906 adhuc
1305 1875 1517 1906 absconderet
1531 1875 1636 1906 radios
1649 1885 1734 1915 suos,

1036 1923 1069 1952 et
1084 1922 1220 1952 minime
1237 1930 1290 1952 eos
1305 1922 1469 1960 spargeret
1488 1930 1586 1959 super
1600 1923 1731 1953 terram.

1034 1969 1152 1998 Paulus
1173 1976 1301 2006 quoque
1324 1967 1470 2005 dicebat,
1495 1967 1647 2005 quoniam
1668 1977 1734 1999 ποτε

1034 2015 1204 2053 prcecessit,
1230 2015 1291 2044 dies
1324 2015 1426 2043 autem
1451 2014 1703 2051 appropinquam't
1723 2023 1734 2043 .-

1036 2060 1219 2098 significans
1234 2067 1302 2089 esse
1319 2060 1395 2088 tunc
1416 2058 1521 2087 adhuc
1539 2057 1618 2087 adeo
1631 2059 1736 2089 modi-

1037 2114 1110 2135 cum
1123 2105 1234 2134 lumen
1243 2126 1251 2142 ,
1261 2104 1297 2134 ut
1312 2104 1544 2142 propinquasse
1553 2125 1562 2140 ,
1573 2111 1669 2141 quam
1680 2112 1735 2134 ve-

1036 2152 1121 2181 nisse
1150 2150 1237 2179 diem
1268 2150 1377 2179 dicere
1407 2149 1572 2178 maluerit.
1604 2150 1735 2186 Quando

1037 2197 1145 2225 autem
1159 2196 1221 2224 hoc
1232 2194 1532 2225 dicebat‘eProfecto
1546 2195 1671 2232 quando
1683 2196 1734 2226 Sol

1036 2250 1186 2271 reversus
1201 2241 1240 2270 ab
1256 2240 1466 2278 inferis,ja1n
1482 2248 1515 2270 se
1529 2241 1568 2270 ad
1584 2241 1648 2270 alta
1663 2241 1734 2271 coeli

1036 2287 1222 2316 sustulerat.
1251 2287 1378 2323 Quanto
1401 2285 1503 2323 magis
1525 2294 1598 2315 cum
1632 2287 1734 2317 adhuc

1036 2332 1215 2362 similitudo
1235 2331 1340 2362 carnis
1363 2331 1490 2370 peccati
1512 2331 1613 2361 instar
1631 2332 1736 2362 densae

1036 2379 1133 2408 nubis
1155 2379 1299 2417 operiret
1322 2386 1490 2415 auroram,
1511 2377 1606 2414 juxta
1627 2386 1736 2408 omnes

1037 2425 1191 2454 nimirum
1206 2424 1306 2454 nostri
1333 2423 1476 2462 corporis
1493 2424 1676 2462 passiones,
1691 2423 1735 2453 ita

1037 2472 1073 2501 ut
1088 2479 1194 2510 neque
1220 2479 1328 2500 amara
1350 2478 1452 2507 mors,
1473 2477 1533 2499 nec
1558 2478 1638 2499 cmx
1661 2476 1736 2507 pro-

1037 2518 1128 2546 brosa
1141 2515 1305 2547 defuerit?
1319 2516 1440 2554 quanto
1453 2515 1555 2553 magis
1565 2537 1574 2552 ‚
1586 2515 1715 2552 inquam
1725 2537 1737 2555 ,

1036 2563 1112 2592 tunc
1139 2562 1259 2599 exigua
1280 2562 1455 2599 tenuisque
1482 2559 1652 2599 admodum
1676 2559 1734 2588 lux

1037 2608 1097 2637 fuit
1107 2630 1115 2645 ,
1127 2608 1160 2637 ct
1175 2617 1248 2646 quae
1265 2607 1303 2637 de
1319 2615 1441 2636 aurorae
1456 2605 1572 2642 magis,
1584 2611 1679 2641 quam
1694 2603 1734 2639 (le

1035 2654 1115 2685 Solis
1130 2653 1260 2693 prodire
1275 2652 1450 2693 praesentia
1464 2648 1655 2682 videretur?
