1846 3078
548 209 591 236 IN
617 205 816 236 CANTICA
839 201 989 232 SERMO
1015 205 1174 231 XLlel.

152 266 292 303 curavit,
301 264 455 295 nimirum
467 262 634 294 sterilibus
644 284 653 300 ‚
661 269 721 291 nec
730 259 852 290 fructus

153 312 291 342 humano
316 309 419 340 victui
454 309 545 347 aptos
573 307 764 338 ferentibus.
791 306 851 335 Cur

151 365 226 396 ergo
240 355 365 387 omissis
379 354 567 384 melioribus
587 354 620 384 et
639 351 853 383 nobilioribus

151 401 256 440 lignis,
266 400 364 437 hujus
371 399 576 430 mediocritas
585 398 708 428 arboris
716 396 852 427 adducta

150 446 185 476 in
211 445 358 476 medium
384 445 432 475 est
461 444 501 474 ad
522 443 725 474 formandum
747 441 853 480 sponsi

149 490 345 528 praeconium
354 490 367 520 ’ἓ
376 491 464 520 Itane
477 490 518 520 ad
527 496 710 520 mensuram
724 487 854 517 laudem

149 535 297 574 recipere
311 536 443 574 debuit,
455 535 511 574 qui
526 535 567 565 ad
582 541 766 564 mensuram
780 531 855 570 Spi-

149 581 248 612 ritum
264 590 328 612 non
343 581 489 620 accepit?
504 582 570 611 Hoc
582 587 700 618 nempe
726 578 801 608 data
813 577 853 607 de

151 625 207 656 illa
222 627 335 656 arbore
352 626 529 656 similitudo
544 625 639 663 facit,
655 625 692 654 ut
706 623 856 654 videatur

151 671 272 702 habere
287 672 508 710 superiorem,
522 671 579 709 qui
592 677 706 709 parem
720 676 785 698 non
800 668 856 697 ha-

151 717 218 748 bet,
247 718 333 754 Quid
358 718 503 748 dicemus
528 716 570 746 ad
604 714 694 745 haec?
723 714 854 751 Fateor,

151 769 250 799 parva
274 762 363 798 laus,
385 762 538 799 quoniam
561 759 655 798 parvi
680 759 763 788 laus.
787 759 855 788 Non

151 806 238 836 enim
259 806 403 836 hocloco
428 805 623 844 praedicatur
643 812 778 842 magnus
793 804 857 833 Do-

152 851 257 880 minus
272 850 305 880 et
323 850 496 880 laudabilis
520 850 635 887 nimis,
661 850 719 880 sed
740 858 857 887 parvus

151 895 308 926 Dominus
331 895 366 925 et
393 895 540 925 amabilis
562 895 680 933 nimis,
702 895 858 933 parvulus

151 940 266 979 utique
289 962 300 978 ,
311 940 369 979 qui
385 941 482 970 natus
494 940 542 969 est
556 940 661 970 nobis.

122 1024 123 1027 Ἴ
193 984 225 1015 [ι.
242 987 322 1024 Ergo
344 994 409 1015 non
431 985 583 1022 majestas
606 985 765 1015 attollitur
784 984 857 1022 hic,

118 1041 125 1066 s
154 1030 214 1060 sed
227 1030 471 1060 commendatur
492 1030 680 1068 humilitas;
697 1031 859 1069 digneque

153 1083 191 1106 ac
202 1075 439 1105 rationabiliter
454 1075 539 1113 quod
557 1075 719 1104 infirmum
736 1076 768 1105 et
779 1076 861 1105 stul-

153 1120 223 1150 tum
235 1121 284 1151 est
295 1120 374 1158 Dei,
387 1120 556 1150 hominum
568 1119 751 1149 fortitudini
765 1121 798 1149 et
812 1128 861 1149 sa·-

153 1165 286 1204 pientiae
314 1165 507 1195 antefertur.
536 1165 601 1203 Ipsi
624 1165 700 1194 sunt
720 1173 860 1202 namque

152 1212 240 1248 ligna
250 1211 412 1241 silvestria
426 1211 460 1240 et
468 1210 668 1240 infructuosa
676 1217 685 1238 z
694 1209 859 1247 quoniam,

153 1256 333 1287 secundum
344 1256 555 1294 Prophetam,
571 1264 675 1285 omnes
695 1255 861 1285 declinave-

154 1303 247 1338 runt,
272 1302 363 1332 simul
388 1302 509 1332 inutiles
531 1302 607 1340 facti
629 1302 719 1338 sant3
735 1309 798 1330 ozon
819 1303 861 1330 est

154 1349 209 1387 qui
219 1348 314 1385 faciat
326 1347 437 1377 bonum
446 1368 457 1385 ‚
466 1355 529 1376 ηοη
540 1348 583 1377 est
594 1355 687 1384 usque
699 1347 738 1375 ad
752 1354 860 1375 anum.

155 1394 241 1423 Sicut
253 1393 355 1422 malus
382 1393 464 1422 inter
485 1392 569 1430 liqna
582 1392 748 1426 silvarum,
761 1391 802 1421 sic
817 1391 862 1419 cli-

156 1438 249 1468 lectus
274 1446 360 1467 meus
383 1438 463 1467 inter
476 1438 565 1474 filios.
581 1436 651 1465 Una
672 1436 759 1465 inter
776 1435 860 1472 ligna

156 1482 314 1512 silvarum
338 1481 495 1511 Dominus
509 1482 602 1512 Jesus
622 1481 717 1511 arbor
741 1480 863 1510 faciens

155 1526 314 1565 fructum,
326 1527 506 1557 secundum
517 1527 683 1557 hominem
695 1534 771 1556 sane
781 1548 790 1564 ,
802 1527 861 1556 etsi

154 1573 307 1612 praelatus
316 1572 521 1611 homiuibus,
537 1573 594 1602 sed
608 1572 648 1602 ab
664 1572 792 1610 AngeHs
804 1573 864 1601 mi—

155 1619 301 1648 noratus.
324 1618 404 1648 Miro
419 1618 542 1648 etenim
567 1618 661 1647 modo
688 1619 722 1648 et
736 1618 864 1656 Angelis

156 1671 227 1694 sese
244 1663 347 1694 factus
358 1672 432 1694 caro
444 1663 601 1701 subjecit,
613 1664 646 1693 et
656 1664 791 1701 Angelos
802 1664 862 1693 sibi

157 1717 292 1738 manens
316 1710 405 1739 Deus
418 1708 580 1745 subjectos
595 1708 744 1738 retinuit.
766 1709 866 1738 Deni—

157 1761 222 1792 que
237 1754 392 1790 videbItz's,
415 1753 544 1792 inquit,
559 1754 691 1792 Anqelos
706 1755 867 1784 ascenden-

157 1799 200 1828 tes
214 1800 243 1828 et
257 1799 465 1828 descendentes
481 1807 573 1836 super
587 1799 702 1828 Filiam
716 1798 865 1837 hominis7·

157 1842 244 1880 quod
259 1842 294 1871 in
310 1850 376 1872 uno
394 1841 570 1881 eodemque
593 1841 724 1871 homine
743 1843 866 1873 Christo

157 1888 235 1917 Jesu
244 1888 277 1917 et
285 1886 507 1917 infirmitatem
516 1887 666 1925 foveant,
675 1888 707 1917 et
715 1888 867 1926 stupeant

158 1932 374 1970 majestatem.
402 1932 483 1969 Quia
509 1940 585 1971 ergo
607 1941 731 1971 sponsae
753 1934 786 1963 id
798 1934 868 1963 dul-

157 1977 245 2016 cius,
258 1978 345 2016 quod
359 1985 393 2008 se
409 1978 586 2016 imminuit,
599 1979 682 2016 sapit
692 1987 700 2015 ς
711 1978 867 2009 libentius

158 2024 278 2054 attollit
292 2023 586 2061 gratiam‚praefert
599 2025 866 2062 misericordiam,

157 2068 269 2107 stupet
283 2068 518 2106 dignationem.
536 2069 647 2099 LibuIt
664 2069 799 2107 proinde
812 2071 869 2100 ho—

158 2114 282 2143 minem
310 2114 398 2144 inter
434 2114 583 2144 homines
608 2115 778 2154 admirari,
803 2124 868 2146 non

157 2158 245 2188 inter
265 2159 404 2197 Angelos
429 2160 560 2189 Deum:
578 2160 743 2198 tamquam
765 2162 869 2192 malus

158 2205 246 2235 inter
274 2205 362 2242 ligna
385 2205 521 2235 excellit
549 2206 724 2244 silvarum,
751 2207 784 2237 et
804 2216 868 2237 non

158 2250 256 2288 plane
284 2250 372 2281 inter
400 2251 568 2281 hortorum
601 2252 774 2290 plantaria.
804 2255 868 2283 Nec

159 2296 253 2333 putat
266 2295 374 2324 minui
398 2296 529 2334 laudes,
544 2297 602 2326 ubi
629 2298 668 2327 de
684 2298 870 2329 considera-

159 2340 251 2370 tione
266 2340 486 2379 infirmitatis,
498 2342 631 2379 pietatis
639 2343 766 2373 bonitas
779 2346 869 2375 exal-

160 2386 259 2416 tatur.
272 2386 341 2423 Quo
357 2386 444 2416 enim
454 2386 550 2424 juxta
556 2388 681 2426 aliquid
689 2397 707 2418 a
718 2389 870 2422 laudibus

161 2432 342 2469 temperat,
360 2440 398 2464 eo
413 2432 493 2462 item
512 2433 607 2470 juxta
623 2434 747 2472 aliquid
768 2437 870 2475 magis

161 2477 290 2515 laudat,
298 2478 407 2507 minus
413 2485 613 2516 prosequens
621 2479 757 2517 gloriam
767 2480 872 2520 digni-

163 2522 251 2560 tatis,
258 2522 296 2552 ut
304 2523 408 2561 gratia
417 2523 611 2561 dignationis
618 2524 774 2556 emineat:
782 2527 871 2559 Sicut

163 2575 240 2606 ergo
248 2568 418 2606 Apostolus
428 2568 513 2607 quod
521 2569 655 2600 stultum
663 2571 696 2600 et
706 2570 871 2603 infirmum

167 2614 218 2643 est
231 2614 310 2654 Dei,
325 2613 506 2654 sapientius
514 2614 692 2654 fortiusque
707 2615 786 2647 dicit
800 2625 871 2649 esse

1528 204 1586 236 507

886 257 1091 297 hominibus,
1117 257 1175 287 sed
1194 263 1260 286 non
1281 252 1430 297 Angelis}
1456 260 1490 290 et
1503 256 1589 290 sicut

886 304 1043 342 Propheta
1059 303 1239 341 speciosum
1248 302 1400 340 praedicat
1412 304 1512 334 torma
1521 313 1587 343 prae

886 349 962 380 filiis
975 349 1162 386 hominum,
1172 348 1206 378 et
1220 355 1283 377 non
1296 355 1363 385 prae
1378 349 1504 385 Angelis
1518 358 1527 379 ε
1544 350 1591 380 sic

887 396 947 426 ista
972 396 1060 426 certe
1086 395 1121 425 in
1146 394 1260 424 eodem
1290 393 1408 431 spiritu
1439 396 1589 433 loquens,

886 442 944 472 sub
960 442 1035 480 typo
1047 440 1223 471 fructiferae
1239 439 1362 469 arboris
1381 439 1591 469 silvestrium-

887 495 948 525 que
973 487 1135 525 lignorum
1163 486 1225 515 hoc
1252 485 1323 514 loco
1346 484 1461 513 efferre
1487 485 1592 514 voluit

887 532 1058 562 Hominem
1074 533 1179 561 Deum
1203 538 1299 569 super
1313 537 1443 560 omnem
1459 529 1593 566 gratiam

887 578 1073 616 hominum,
1096 585 1162 606 non
1187 577 1297 607 autem
1317 583 1415 615 super
1430 575 1597 605 excellen-

888 624 965 652 tiam
980 623 1188 661 Angelorum.

927 669 957 698 5.
976 670 1059 698 Sicut
1083 669 1184 698 malus
1212 668 1293 697 inter
1311 667 1396 705 liqna
1423 666 1570 697 silvarum
1584 686 1594 701 ,

887 715 928 744 sic
942 715 1066 744 dilectas
1080 722 1165 743 meas
1176 714 1257 742 inter
1269 713 1358 749 fiilos.
1370 712 1408 741 Et
1419 712 1503 741 bene
1516 712 1597 740 inter

887 760 964 797 filios
977 768 987 789 .·
1003 759 1079 797 quia
1095 766 1169 788 cum
1184 757 1271 788 esset
1285 757 1400 787 unIcus
1414 756 1516 786 Patris
1527 755 1600 794 sui,

889 805 1006 834 multos
1017 805 1065 833 illi
1078 804 1241 842 etabsque
1255 802 1378 833 invidia
1391 802 1473 831 filios
1484 801 1597 839 acqui-

889 858 961 879 rere
977 850 1118 888 studuit,
1133 857 1213 887 quos
1235 856 1300 878 non
1315 847 1523 877 confunditur
1542 854 1601 876 vo·-

891 904 962 924 care
989 894 1122 932 fratres,
1143 895 1180 924 ut
1203 894 1247 924 sit
1271 893 1342 932 ipse
1365 891 1601 931 primogenitus

893 940 924 968 in
939 939 1050 968 multis
1074 938 1241 968 fratribus.
1256 938 1332 967 Jure
1348 937 1459 967 autem
1474 944 1601 974 praepo-

891 986 979 1015 nitur
994 984 1158 1014 universis
1167 983 1328 1022 adoptatis
1342 991 1401 1021 per
1412 982 1547 1019 gratiam
1558 981 1601 1018 is,

891 1030 946 1068 qui
966 1038 1024 1068 per
1043 1030 1194 1060 naturam
1208 1029 1295 1059 filius
1317 1029 1377 1058 est.
1394 1029 1479 1058 Sicut
1500 1027 1602 1057 malus

892 1077 970 1105 inter
997 1076 1082 1113 liqna
1109 1075 1277 1110 silvarum,
1298 1075 1340 1104 sic
1360 1073 1485 1102 dilectus
1513 1080 1601 1102 meas

892 1122 970 1150 inter
983 1121 1073 1157 filios.
1083 1119 1196 1149 Merito
1206 1121 1283 1149 sicat
1298 1119 1399 1149 malus
1406 1139 1416 1154 ,
1428 1118 1484 1155 qui
1500 1117 1603 1147 instar

893 1165 1068 1196 fructiferae
1090 1165 1212 1194 arboris
1225 1165 1258 1194 et
1272 1163 1420 1194 umbram
1435 1162 1599 1201 refrigerii

893 1211 990 1240 habet
1000 1232 1009 1248 ‚
1023 1211 1056 1240 et
1066 1209 1130 1239 fert
1151 1209 1292 1239 fructum
1304 1209 1475 1247 optImum.
1487 1209 1602 1238 Annon

894 1264 969 1286 vere
992 1254 1199 1286 fructiferum
1226 1255 1350 1293 lignum
1360 1275 1369 1292 ,
1396 1253 1488 1290 cujus
1511 1254 1604 1290 flores

893 1302 1011 1339 fructus
1036 1301 1161 1331 honoris
1185 1302 1214 1330 et
1235 1301 1400 1330 honestatis
1412 1299 1426 1328 ἓ
1451 1299 1604 1337 Denique

894 1347 1017 1384 lignum
1029 1346 1105 1376 vitae
1118 1346 1166 1376 est
1178 1344 1500 1383 apprehendentibus
1513 1351 1604 1373 eum.

894 1392 961 1420 Non
986 1391 1261 1429 comparabuntur
1286 1389 1362 1418 huic
1387 1388 1494 1418 omnia
1516 1388 1605 1426 lIgna

894 1436 1048 1466 silvarum
1064 1444 1073 1466 ι
1090 1435 1166 1474 quia
1182 1435 1243 1466 etsi
1259 1435 1323 1465 sint
1339 1434 1468 1464 arbores
1480 1434 1604 1471 pulcrae

894 1482 928 1512 et
948 1490 1090 1520 magnae,
1114 1490 1185 1519 quae
1201 1489 1296 1518 opem
1321 1479 1406 1509 ferre
1432 1479 1606 1509 videantur

895 1528 1014 1558 orando
1025 1549 1035 1566 ‚
1061 1527 1274 1557 ministrando
1286 1548 1295 1565 ,
1312 1526 1474 1564 docendo,
1490 1534 1606 1555 exem-

894 1573 958 1612 plis
967 1573 1110 1610 juvando
1122 1582 1133 1602 :
1144 1572 1231 1602 solus
1242 1572 1353 1602 tamen
1366 1571 1425 1601 Dei
1438 1571 1606 1609 Sapientia

895 1619 1038 1649 Christus
1063 1619 1188 1656 lignum
1214 1619 1263 1649 est
1285 1617 1382 1653 vitae,
1408 1618 1495 1646 solus
1510 1617 1606 1655 panis

895 1664 989 1694 vivus
1004 1663 1059 1702 qui
1075 1664 1115 1693 de
1131 1664 1213 1694 coelo
1234 1662 1419 1701 descendit,
1435 1662 1469 1692 et
1484 1662 1538 1692 dat
1552 1661 1606 1692 vi-

895 1710 962 1740 tam
976 1709 1109 1739 mundo.

935 1754 966 1785 6.
981 1754 1054 1783 Ideo
1074 1753 1142 1783 ait:
1159 1753 1222 1784 Sub
1235 1753 1348 1784 umbra
1372 1753 1437 1792 ejus
1451 1761 1539 1791 quem
1552 1753 1605 1782 de-

895 1801 1101 1831 sideraveram
1126 1800 1205 1835 secli,
1230 1800 1260 1828 et
1287 1799 1408 1836 fractus
1431 1799 1497 1835 ejus
1512 1798 1608 1828 dulcis

897 1846 1014 1884 qutturi
1034 1853 1113 1875 meo.
1129 1844 1242 1874 Merito
1265 1844 1336 1880 ejus
1362 1843 1607 1872 desideraverat

898 1891 1045 1920 umbram
1057 1911 1066 1927 ‚
1081 1890 1122 1919 de
1141 1897 1205 1927 quo
1221 1889 1254 1919 et
1275 1888 1482 1927 refrigerium
1498 1890 1605 1926 esset,

898 1937 931 1966 et
945 1935 1158 1965 refectionem
1180 1935 1304 1973 pariter
1321 1935 1509 1972 acceptura.
1525 1935 1606 1964 Nam

899 1982 1015 2011 caetera
1025 1981 1157 2019 quidem
1166 1981 1323 2011 silvarum
1335 1980 1421 2018 ligna
1431 2002 1440 2017 ‚
1457 1980 1518 2010 etsi
1533 1989 1609 2010 um-

898 2027 988 2056 bram
1014 2026 1121 2055 solatii
1147 2026 1288 2063 habent,
1303 2025 1364 2055 sed
1385 2033 1449 2055 non
1464 2025 1540 2055 vitae
1555 2034 1610 2055 re-

899 2071 1091 2109 fectionem,
1121 2079 1185 2101 non
1211 2071 1335 2101 fructus
1361 2072 1535 2109 perpetuos
1559 2079 1610 2101 sa-

899 2117 987 2146 lutis.
1004 2117 1092 2146 Unus
1108 2116 1158 2146 est
1181 2116 1269 2146 enim
1285 2116 1362 2146 vitae
1380 2116 1509 2154 auctor,
1524 2124 1610 2147 unus

899 2162 1058 2192 mediator
1078 2162 1140 2192 Dei
1155 2164 1188 2192 et
1205 2161 1373 2191 hominum
1390 2162 1486 2191 homo
1500 2161 1610 2192 Chris-

899 2209 969 2246 tus,
983 2209 1096 2245 Jesus,
1111 2207 1168 2245 qui
1183 2207 1264 2237 dicit
1278 2216 1403 2245 sponsae
1415 2216 1481 2237 suae
1494 2215 1502 2236 ε
1517 2208 1610 2238 Salas

900 2256 953 2284 tua
968 2263 1020 2293 eqo
1035 2262 1115 2284 sum.
1139 2254 1211 2283 Non
1232 2254 1367 2291 Moyses,
1388 2253 1515 2292 inquit,
1531 2254 1611 2283 dedit

900 2300 983 2330 vobis
1008 2308 1122 2338 panem
1156 2299 1237 2329 hunc
1267 2300 1302 2329 de
1317 2300 1390 2330 coelo
1399 2320 1410 2336 ‚
1433 2300 1485 2329 sed
1512 2301 1610 2329 Pater

900 2354 985 2376 meas
1009 2346 1062 2375 dat
1089 2344 1173 2375 vobis
1196 2353 1310 2383 panem
1335 2346 1370 2375 de
1391 2346 1464 2375 coelo
1486 2352 1606 2375 veram.

900 2391 1073 2430 Propterea
1087 2398 1162 2429 ergo
1174 2390 1292 2421 Christi
1307 2391 1512 2429 potissimum
1525 2388 1609 2418 desi-

901 2436 1071 2466 deraverat
1086 2436 1235 2466 umbram
1245 2457 1254 2473 ‚
1272 2436 1359 2474 quod
1374 2436 1460 2465 solus
1475 2434 1537 2470 sit,
1550 2433 1609 2470 qui

902 2489 967 2511 non
982 2481 1087 2512 solum
1102 2482 1143 2511 ab
1158 2481 1239 2511 aestu
1254 2480 1425 2518 refrigerat
1439 2478 1607 2516 vitiorum,

902 2527 962 2558 sed
970 2528 1003 2558 et
1014 2527 1121 2566 replet
1133 2527 1349 2558 delectatione
1362 2525 1529 2554 virtutum.
1544 2524 1608 2554 Sub

903 2573 1017 2604 umbra
1053 2574 1119 2612 ejus
1144 2582 1233 2612 quem
1263 2573 1505 2602 desideraveram
1534 2571 1608 2600 sedi.

905 2618 1025 2649 Umbra
1053 2618 1142 2657 eius,
1169 2626 1242 2648 caro
1267 2617 1336 2654 cJus
1353 2624 1361 2645 ε
1378 2614 1491 2683 ιὲῐόιιπα
1520 2614 1609 2652 eius,
1647 2615 1654 2634 1'
