1830 3073
253 232 289 262 26
712 230 742 258 S.
763 225 996 257 BERNARDI
1017 225 1203 255 ABBATIS

249 287 413 326 apertum,
435 287 473 317 ut
495 285 649 324 sanguine
674 291 743 320 eJus
769 282 946 312 redimere·
979 287 1125 308 essenon
1140 280 1263 317 potest,
1280 287 1298 310 a
1312 287 1346 310 se
1365 280 1466 318 possit
1483 288 1552 311 esse
1565 279 1673 311 beato,

249 342 320 363 mur
336 342 344 361 :
366 341 401 363 os
423 332 532 362 tamen
552 339 615 361 non
645 331 694 359 est
714 327 961 357 comminutum¹
977 324 1067 352 Sicut
1081 331 1156 361 ergo
1167 324 1277 361 cupIdi
1291 324 1394 354 laudis
1409 325 1524 355 alienae
1536 325 1599 355 tota
1615 326 1677 354 sol«

250 385 293 406 ex
304 385 354 407 eo,
368 377 540 414 Propterea
556 375 589 405 et
601 370 840 403 sanctusDavid
856 378 863 398 :
878 349 963 399 Noni
978 368 1148 397 licitudine
1155 376 1286 406 operam
1295 369 1413 400 dabant
1424 378 1462 400 ea
1473 371 1593 408 operari
1604 379 1676 408 qum

249 424 312 459 est,
336 422 461 460 inquit,
487 420 670 451 occultatum
692 426 725 447 os
748 424 883 445 meuma
901 407 1171 449 te‚!n1irarentur
1194 412 1358 450 homines,
1372 416 1406 444 et
1425 415 1677 446 laudarentzsic

250 469 328 505 quod
343 467 439 505 fecisti
449 468 480 496 in
493 466 618 495 occulto.
631 464 669 492 Et
683 462 716 491 in
729 461 791 490 alio
806 460 946 498 psalmo:
960 455 963 490 3
978 459 1032 488 isti
1061 460 1126 489 sola
1142 467 1180 489 ea
1199 458 1386 496 judicabant
1409 460 1561 491 sectanda
1588 469 1656 490 esse
1667 482 1677 495 ‚

251 513 345 550 Ossa,
360 512 484 551 inquit,
499 520 568 541 mea
582 511 615 539 ut
627 509 772 538 cremium
786 505 948 535 aruerunt.
961 494 964 532 i
978 513 1048 543 quae
1060 505 1196 535 interior
1211 504 1332 534 arbiter
1341 505 1466 536 animus
1474 505 1678 544 approbaret.

249 557 340 595 Quod
354 557 431 587 tunc
447 557 480 586 fit
491 578 500 594 ,
523 562 596 584 cum
612 559 740 582 omnem
761 535 964 597 detectati0-{
1018 551 1096 580 2.ss
1111 551 1178 581 haec
1194 550 1326 588 quidem
1339 558 1463 580 summa
1476 551 1680 589 philosophia

250 611 326 633 nem
340 603 414 633 boni
429 610 556 640 prorsus
572 597 715 629 amisisse
729 595 861 625 videtur
881 594 950 624 ani-
962 598 965 638 }
978 597 1174 634 sapientium
1189 596 1286 633 hujus
1301 595 1415 625 mundi
1431 597 1496 633 est,
1516 596 1586 633 ipsa
1601 604 1680 634 quo-

250 655 321 685 ma,
333 648 495 684 solamque
505 644 565 674 sibi
580 642 676 672 aridae
690 638 965 695 intentionisfor-1
978 649 1041 678 que
1066 641 1173 670 minus
1197 641 1321 670 habens
1333 661 1342 677 ,
1366 640 1446 669 licet
1470 639 1682 677 propinquior

249 693 426 722 titudinem
449 696 641 720 reservasse.
659 687 697 716 Et
712 686 789 715 vide
810 693 852 715 ne
869 684 949 714 forte
963 708 965 729 <¹
978 686 1123 716 veritati.
1138 685 1229 716 L'nde
1245 685 1279 716 et.
1292 686 1464 723 utramque
1479 684 1613 723 gloriam
1627 692 1683 713 su-

250 738 317 768 tale
333 736 453 775 aliquid
481 734 580 764 etiam
605 733 719 762 beatus
734 732 793 761 Job
818 732 949 769 patere-
963 733 965 781 1
978 729 1072 759 blimi
1095 731 1244 760 veritatis
1275 731 1549 768 contemplatione
1578 731 1684 760 trans·

251 782 305 813 tur
318 791 390 812 cum
407 780 530 810 diceret
546 788 553 808 :
570 779 648 809 Pelii
666 786 741 807 meae
767 778 950 815 consumptis
962 811 965 822 ¹
979 776 1120 805 cendens
1140 776 1309 814 Apostolus
1326 784 1334 804 :
1353 778 1413 814 Qui
1436 776 1606 814 yleriatur,
1630 776 1683 805 in-

251 828 395 859 car-nibus
411 826 537 856 adlzoesit
556 833 588 855 os
602 832 704 854 meum
719 832 729 853 ι
744 823 780 852 ut
794 822 949 852 videlicet
962 840 964 842 v
977 820 1067 857 quit,
1083 828 1147 849 non
1163 820 1197 849 in
1213 820 1332 856 altem,
1353 827 1419 849 non
1443 819 1478 849 in
1502 828 1535 850 se
1546 842 1556 858 ,
1572 820 1629 849 sed
1649 822 1683 850 in

253 873 399 910 corrupta
414 870 587 900 affectione
613 869 673 899 vix
699 868 797 898 solam
823 867 886 898 sibi
902 868 949 896 in-
961 852 964 908 ἶ
976 865 1110 894 Domino
1126 865 1282 903 qlorz'etur.
1299 864 1338 894 Et
1352 871 1422 893 eam
1433 885 1443 902 ‚
1464 872 1536 901 quae
1550 864 1682 894 veritati

252 919 430 948 tentionem
462 915 639 954 spiritualis
663 913 813 951 cogitatio
841 912 948 942 vindi-
962 925 965 961 ἰ
978 910 1152 939 videbatur
1167 917 1237 939 esse
1249 909 1406 945 vicinior,
1418 909 1532 944 majori
1547 910 1684 947 proinde

252 962 351 993 earet.
962 953 1175 994 fredarguens
1202 953 1423 984 sollicitudine
1434 975 1444 991 ,
1469 955 1503 984 et
1531 955 1685 985 condem-

962 996 1059 1028 !nans
1082 1000 1169 1029 certo
1189 999 1312 1036 judicio
1327 994 1475 1029 'veritatis
1491 1008 1499 1028 ε
1514 1001 1587 1029 Non
1603 1003 1685 1031 enim

450 1048 620 1083 SEIUIO
655 1048 746 1080 VII.
962 1026 1105 1082 linquit,
1118 1045 1171 1083 qui
1179 1046 1309 1081 seipsum
1331 1046 1534 1081 commendat,
1553 1047 1603 1076 ille
1612 1055 1686 1084 pro-

934 1104 937 1107 ⁴
963 1076 966 1112 i
981 1089 1070 1120 batus
1084 1092 1145 1126 est,
1161 1091 1211 1119 sed
1223 1098 1312 1127 quem
1326 1091 1409 1119 Deus
1429 1092 1630 1120 cowmnemlat.
1644 1092 1685 1120 Ut

253 1131 290 1156 lJe
302 1130 400 1161 triplici
412 1130 491 1160 ylori'a
501 1146 506 1156 .
521 1130 549 1152 ιἰι
563 1128 629 1151 illud
641 1126 752 1157 Apostoli
762 1144 767 1153 ,
780 1125 836 1158 Qui
851 1124 953 1156 gloria-

402 1168 463 1194 tur,
477 1166 504 1188 in
520 1164 639 1188 Domino
653 1163 801 1193 glorietur.

964 1161 967 1178 3
981 1135 1060 1172 quid
1075 1134 1162 1164 enim
1179 1136 1235 1164 aut
1247 1134 1286 1164 de
1306 1134 1441 1164 alterius
1455 1134 1596 1165 hominis
1607 1158 1616 1173 ,
1629 1138 1688 1167 aut·

964 1182 967 1214 i
981 1181 1021 1210 de
1038 1180 1104 1210 mei
1118 1181 1221 1218 ipsius
1233 1180 1355 1216 judicio
1363 1180 1595 1210 sollicitussum
1605 1203 1614 1218 ,
1630 1190 1687 1211 cu-

293 1226 323 1255 1.
339 1224 401 1261 Qm
416 1224 576 1261 qlorz'atur,
592 1223 624 1251 in
648 1221 779 1251 Domino
796 1219 952 1257 αῖον-ἰοίην.
979 1225 1031 1262 jus
1055 1234 1116 1256 nec
1138 1225 1302 1263 vituperio
1317 1225 1491 1263 reprobus,
1514 1234 1574 1255 nec
1590 1227 1685 1256 laude

251 1270 390 1300 Noverat
398 1269 564 1307 Apostolus
572 1265 874 1305 gloriampropriam
885 1273 953 1294 esse
980 1271 1134 1309 probatus
1147 1269 1317 1299 inveniar?
1331 1270 1475 1308 Fratres,
1498 1271 1525 1300 si
1541 1280 1592 1301 me
1609 1272 1686 1302 ante
1736 1284 1739 1286 ·

252 1315 428 1351 creatoris,
467 1321 531 1343 non
568 1313 724 1342 creatura}
736 1332 745 1348 ‚
775 1310 953 1340 secundum
983 1317 1126 1346 vestrum
1165 1315 1329 1354 oporteret
1362 1316 1506 1345 tribunal
1540 1317 1685 1355 adstare,

253 1360 334 1391 illud
350 1369 358 1389 ι
376 1360 516 1390 Gloriam
532 1367 631 1388 meam
647 1357 737 1387 alteri
748 1364 809 1385 non
821 1355 915 1392 dabo,
929 1358 955 1384 et
983 1363 1098 1391 merito
1115 1369 1211 1399 super
1225 1360 1343 1390 vestris
1357 1360 1506 1391 laudibus
1519 1363 1684 1400 gloriarer,

255 1407 361 1437 Gloria
386 1406 419 1434 in
439 1404 563 1434 excelsis
588 1405 670 1439 Deo,
688 1404 715 1431 et
733 1403 765 1431 in
786 1403 871 1430 terra
889 1411 955 1440 pas:
983 1407 1073 1444 Quod
1093 1407 1119 1436 si
1134 1407 1188 1437 vel
1209 1414 1283 1436 meo
1304 1406 1406 1444 ipsius
1422 1415 1524 1436 essem
1538 1408 1687 1443 judican-

254 1450 426 1481 hominibus
462 1449 547 1479 bonae
574 1449 753 1479 voluntatis.
782 1448 927 1485 Itemque
945 1469 954 1483 ,
984 1453 1043 1483 dus
1058 1452 1313 1488 0xamine,jure
1329 1459 1401 1481 meo
1424 1452 1526 1489 ipsius
1540 1453 1688 1483 testimo..

254 1498 326 1526 Jvon
339 1495 443 1532 nobis,
457 1496 606 1530 Domine,
622 1502 685 1523 non
709 1492 813 1529 nobes,
835 1494 885 1522 sed
899 1501 957 1522 no-
969 1503 971 1538 ¹3
983 1498 1038 1527 nio
1055 1498 1244 1534 contentus,
1258 1496 1397 1535 propriis
1411 1497 1562 1527 laudibus
1577 1497 1688 1527 delec-

254 1542 331 1571 Ἰηῖπί
349 1543 400 1571 luo
424 1542 464 1570 da
489 1541 631 1579 ῼῖονὶαὶη.
658 1537 720 1567 Sed
740 1537 955 1567 consideratii
984 1544 1082 1573 taren
1094 1544 1183 1572 Nunc
1199 1543 1308 1572 autem
1323 1550 1396 1571 cum
1409 1550 1470 1571 nec
1484 1543 1610 1580 vestro?
1626 1551 1687 1573 nec

255 1586 446 1616 rationalem
487 1586 668 1615 creaturam
697 1583 777 1612 adeo
806 1584 956 1613 affectare
970 1602 971 1606 =
984 1597 1075 1626 meo,
1090 1588 1212 1618 sedDei
1226 1587 1414 1624 simjudicio
1425 1588 1686 1626 praesentandus3

255 1631 408 1669 gloriam,
422 1632 460 1661 ut
474 1631 530 1660 aut
544 1632 622 1667 vix,
645 1631 700 1659 aut
720 1637 896 1667 numquam
918 1630 957 1659 ab
970 1612 971 1647 ¹
985 1634 1114 1672 quantae
1143 1633 1357 1671 insipientiae,
1380 1633 1477 1663 immo
1502 1634 1535 1663 et
1555 1633 1688 1664 insanioe

256 1678 316 1707 hoc
333 1677 492 1715 compesci
509 1676 669 1706 desiderio
692 1676 791 1713 possit
807 1683 814 1704 :
838 1676 957 1714 quippe
970 1676 973 1716 ’ζ
986 1679 1054 1716 est,
1070 1678 1124 1707 aut
1136 1678 1170 1706 in
1182 1677 1288 1706 vestro
1296 1685 1348 1707 me
1359 1699 1369 1715 ,
1381 1677 1485 1706 autin
1499 1685 1572 1707 meo
1586 1678 1689 1716 ipsius

255 1732 327 1762 quae
342 1722 383 1752 ad
410 1722 584 1760 imaginem
609 1721 693 1750 facta
717 1721 765 1750 est
787 1721 1172 1753 Creatoris.ltestimonio
1182 1722 1603 1761 gloriari2praesertimcum
1618 1723 1688 1761 ipse

254 1769 429 1806 Propterea
449 1767 626 1798 secundum
648 1766 755 1796 datam
781 1767 842 1796 sibi
860 1767 1047 1811 aDeoksit,
1071 1768 1162 1806 cujus
1189 1768 1290 1798 oculis
1313 1768 1420 1798 omnia
1446 1768 1533 1797 nuda
1557 1769 1632 1798 sunt
1656 1771 1690 1799 et

256 1814 449 1852 sapientiam
493 1812 743 1842 saluberrimum
789 1812 959 1842 adinvenit
987 1815 1116 1854 aperta,
1131 1815 1164 1845 et
1188 1814 1238 1844 cui
1255 1821 1459 1852 nequaquam
1474 1821 1553 1851 opus
1578 1813 1637 1851 sit,
1653 1814 1691 1843 ut

257 1859 443 1895 consilium,
460 1857 572 1887 dicens
588 1866 596 1886 t
610 1857 876 1894 Quandoquidem
885 1866 960 1894 per-
972 1891 973 1908 ¹
987 1860 1060 1898 quis
1077 1861 1124 1890 eis
1145 1858 1368 1889 testimonium
1386 1857 1558 1895 perhibeat
1576 1858 1615 1887 de
1631 1858 1690 1888 ho-

256 1904 385 1935 suaderi
405 1903 500 1934 nobis
519 1911 583 1933 non
604 1903 713 1940 potest
733 1910 796 1931 non
809 1902 957 1941 gloriari3
987 1905 1088 1935 mine.
1114 1905 1228 1934 Merito
1259 1903 1395 1942 proinde
1423 1903 1592 1940 Apostolus
1622 1903 1691 1941 ipse

257 1951 372 1980 saltem
387 1950 443 1988 qui
458 1948 631 1986 gloriatur,
648 1947 681 1977 in
694 1948 830 1977 Domino
845 1948 958 1986 glorie·
987 1957 1080 1979 vanae
1115 1949 1149 1978 et
1175 1948 1300 1977 fallacis
1334 1946 1444 1984 gloriae
1479 1947 1688 1984 reprobator:

259 1997 321 2025 tur.
338 1995 377 2024 Et
391 1994 579 2031 considera,
593 1995 749 2032 quantum
767 2002 960 2031 superexce-
989 1996 1082 2031 Mihi,
1098 1993 1223 2032 inquit,
1246 2001 1303 2031 pro
1325 1993 1453 2021 minimo
1468 1993 1511 2022 est
1525 1993 1559 2021 ut
1573 2002 1594 2022 a
1607 1993 1691 2023 vobis

259 2041 312 2071 dat
326 2041 417 2069 Pauli
432 2039 636 2078 philosophia
655 2039 894 2077 philosophiam
909 2049 960 2069 sa—
984 2040 1114 2078 judicer,
1140 2040 1195 2069 aut
1214 2038 1253 2068 ab
1281 2038 1418 2068 hnmano
1436 2038 1482 2067 dle
1496 2046 1507 2066 .·
1523 2038 1572 2067 sed
1596 2046 1692 2076 neque

257 2085 419 2124 pientiam
442 2085 553 2114 mundi
577 2084 692 2122 hujus⁷
715 2092 787 2122 quae
805 2084 960 2114 nimirum
988 2087 1135 2124 meipsum
1144 2085 1261 2123 jzcdico.
1277 2083 1362 2114 Nz'hz'l
1374 2084 1454 2112 enim
1467 2082 1545 2112 milii
1557 2085 1693 2114 conscius

258 2130 396 2160 stultitia
409 2131 458 2160 est
468 2130 554 2168 apud
562 2131 678 2160 Deum.
692 2129 768 2159 Cum
777 2129 868 2159 enim
883 2139 961 2160 non-
988 2140 1056 2162 sum
1068 2152 1076 2163 .
1091 2131 1141 2161 sed
1151 2139 1213 2159 non
1228 2130 1260 2159 in
1269 2129 1324 2159 hoc
1333 2128 1518 2166 justificatus
1532 2137 1601 2158 sum
1614 2138 1624 2158 .·
1641 2129 1695 2167 qui

259 2176 364 2206 nullos
385 2174 529 2204 viderint
553 2175 737 2213 philosophi
761 2174 876 2205 alienis
904 2176 961 2206 de-
990 2179 1092 2207 autem
1102 2176 1296 2214 iudicatam,
1320 2175 1474 2204 Dominus
1494 2175 1548 2203 est.
1566 2174 1602 2202 In
1616 2174 1691 2211 qui-

258 2219 371 2250 lectari
386 2220 552 2257 laudibus,
568 2221 601 2249 et
616 2221 749 2258 gloriam
764 2220 804 2249 ab
819 2220 960 2250 invicem
990 2222 1050 2251 bus
1064 2221 1172 2251 verbis
1186 2219 1269 2249 illud
1283 2226 1412 2257 quoque
1433 2218 1608 2256 diligenter
1619 2226 1693 2247 con-

259 2273 405 2303 quaerere
423 2273 430 2293 ε
445 2265 500 2303 qui
514 2265 600 2295 inter
615 2273 669 2295 eos
686 2265 776 2294 suere
792 2266 959 2303 praecipui,
973 2266 974 2271 ’
991 2266 1197 2296 siderandum
1213 2265 1281 2302 est,
1296 2264 1381 2302 quod
1404 2263 1546 2292 alienum
1561 2263 1693 2301 quidem

259 2310 438 2348 prudenter
452 2310 663 2340 adverterunt
678 2319 793 2340 vanam
814 2319 884 2342 esse
901 2313 961 2342 hu-
974 2332 975 2338 i
989 2312 1148 2349 judicium
1155 2318 1213 2349 pro
1220 2309 1355 2339 minimo
1363 2308 1502 2345 habens,
1515 2315 1608 2337 suum
1616 2316 1696 2346 quo-

258 2355 437 2392 juscemodi
452 2356 604 2394 gloriam,
621 2357 654 2386 et
672 2356 803 2394 penitus
819 2339 976 2387 contem-³
991 2365 1054 2395 que
1078 2363 1282 2395 nequaquam
1315 2354 1521 2392 sequeretur,
1547 2353 1695 2390 quamvis

261 2401 414 2430 nendam.
431 2400 494 2430 Sed
511 2402 751 2431 considerantes
767 2402 903 2438 deinde,
925 2391 1056 2433 ac²n0n
1085 2402 1165 2432 illud
1185 2401 1265 2430 adeo
1289 2408 1348 2438 pro
1372 2399 1508 2429 minimo
1531 2398 1695 2434 judicaret

262 2447 435 2477 studiosius
457 2447 659 2485 inquirentes
672 2469 681 2484 ,
700 2456 848 2485 quaenam
863 2456 963 2487 appe-
993 2448 1189 2478 habendum.
1218 2446 1317 2475 Nemo
1343 2444 1430 2473 enim
1446 2443 1506 2474 scit
1526 2443 1694 2472 hominum

262 2492 786 2530 tendaessetgloriasapienti3hic
792 2494 858 2530 jam
867 2495 962 2532 plane
994 2502 1065 2532 quae
1079 2492 1154 2522 sunt
1170 2491 1202 2521 in
1224 2489 1374 2526 homine,
1389 2490 1450 2519 nisi
1480 2488 1611 2525 spiritus
1635 2487 1695 2517 ho-

263 2539 466 2568 evanuerunt
479 2538 513 2567 in
525 2538 773 2576 cogitationibus
786 2539 872 2576 suis,
890 2548 964 2576 pro-
994 2539 1091 2568 minis
1107 2537 1205 2576 quiin
1219 2537 1287 2574 ipso
1313 2536 1361 2565 est
1376 2544 1384 2564 ε
1402 2536 1437 2564 ut
1459 2531 1695 2571 comparatione

265 2583 367 2620 priam
379 2583 496 2622 cuique
505 2583 795 2621 sufliceregloriam
807 2584 964 2613 arbitran-
996 2583 1160 2613 interioris
1182 2581 1378 2618 testimonii,
1401 2578 1545 2609 exterius
1565 2578 1695 2608 omnino

265 2629 324 2658 tes.
340 2628 435 2665 Quasi
450 2636 526 2658 vcro
542 2628 774 2667 aninia,quaea
791 2630 962 2667 semetipsa
997 2638 1054 2667 pro
1083 2628 1184 2657 nihilo
1213 2629 1255 2657 sit
1280 2624 1472 2655 habendum.
1501 2625 1583 2661 Qtssm
1608 2622 1695 2653 enim
