1830 3073
310 208 368 237 4:22

307 264 436 302 filicem,
448 263 502 303 qm·
513 272 576 294 non
596 263 672 294 sciat
692 263 824 301 compati
846 261 1012 298 infirmita-

309 310 388 340 tibus
402 310 525 340 nostris.
540 308 710 339 Peccatrix
734 315 808 345 ergo
833 306 873 336 ad
891 305 1010 343 pedes,

305 356 393 392 justa
405 356 446 386 ad
456 356 642 394 ungendum
652 355 748 392 caput
761 352 898 383 accedit.
909 350 1010 380 Tanto

308 402 418 432 autem
430 402 630 440 unguentum
643 399 756 437 capitis
768 398 824 427 illo
834 396 896 427 alio
905 418 914 434 ,
925 395 1010 434 quod

308 447 447 486 pedibus
462 446 637 486 apponitur
649 467 658 482 ,
674 443 849 483 pretiosius
864 442 912 472 est
925 441 1011 471 aesti-

307 493 481 531 mandum,
498 492 617 531 quanto
633 489 758 529 species
774 488 892 527 quibus
912 486 1012 517 confi-

307 539 394 568 citur
405 561 414 577 ,
444 538 510 568 illis
539 536 664 567 constat
693 543 762 565 esse
791 533 1009 572 pretiosiores.

307 584 371 614 Has
391 584 513 622 quippe
534 582 629 611 facile
651 581 683 610 et
705 581 826 618 absque
851 579 961 609 labore
977 578 1011 608 in

306 630 413 659 nostra
442 628 574 665 regione
602 626 797 665 reperimus.
822 625 1012 654 Peccatores

307 673 470 712 siquidem
485 680 596 702 omnes
612 680 734 701 sumus.
751 671 847 700 Porro
863 669 935 699 illas
949 669 1012 699 dif-

306 720 392 749 ficile
409 726 446 747 ac
467 717 507 747 de
523 717 698 755 longinquo
714 716 826 755 valde,
842 715 954 754 utpote
971 715 1011 745 de

306 763 455 802 paradiso
479 762 539 792 Dei
560 783 569 799 ,
596 762 773 800 asportatas
804 762 1010 799 suscipimus.

307 810 403 839 Omne
433 808 521 839 euim
548 810 655 838 datum
681 807 896 846 optimum,et
922 815 1011 836 omne

306 857 421 886 donum
443 856 611 895 perfectum
639 856 798 885 desursum
819 855 879 891 est,
894 854 1013 884 descen-

306 903 379 933 dens
407 912 427 932 a
454 903 549 932 Patre
576 901 740 931 luminum.
762 899 844 936 Quid
871 899 1011 937 denique

307 946 533 984 hujuscemodi
545 945 712 984 unguento
726 944 961 982 excellentius,
973 944 1012 974 de

307 991 402 1028 cujus
416 993 575 1023 effusione
593 991 691 1022 etiam
706 990 849 1029 Apostoli
866 998 1014 1020 murmu-

308 1047 395 1068 rasse
423 1038 593 1076 dicuntur,
609 1037 756 1067 diceutes
772 1045 780 1066 z
800 1037 836 1067 L't
852 1037 923 1076 quid
941 1046 1013 1076 per-

310 1085 384 1114 ditio
395 1084 458 1114 hoec
469 1083 590 1122 ?potuit
604 1084 685 1113 enim
696 1082 896 1119 venumdari,
905 1083 933 1112 et
946 1082 1016 1112 dari

308 1130 506 1169 pauperibus.

351 1177 381 1206 5.
399 1176 461 1206 Sed
472 1176 505 1206 et
521 1183 607 1205 nunc
622 1182 751 1213 quoque
767 1181 841 1203 cum
856 1172 939 1203 forte
964 1172 1016 1203 vi-

310 1222 406 1252 detur
428 1222 590 1261 quispiam
606 1229 723 1251 vacare
744 1221 831 1257 Deo,
852 1220 1014 1258 tantaeque

310 1269 493 1298 devotionis
514 1269 547 1298 et
572 1267 703 1305 gratiae,
719 1266 755 1296 ut
770 1265 888 1296 merito
904 1266 1016 1296 creda-

310 1316 366 1344 tur
392 1322 514 1353 ungere
545 1314 641 1352 caput
667 1312 809 1350 Christi,
838 1312 1015 1350 persistens

308 1360 431 1398 jugiter
451 1360 486 1389 in
511 1360 621 1389 sancta
646 1358 776 1397 quiete,
793 1358 827 1388 et
840 1357 1015 1396 gratiarum

311 1406 457 1443 actione,
475 1406 508 1435 et
533 1404 652 1434 divinae
677 1403 895 1433 delectatione
917 1402 1016 1432 devo-

310 1451 426 1488 tionis;
442 1458 506 1480 non
522 1449 640 1480 desunt
654 1449 710 1488 qui
722 1449 782 1479 hoc
797 1448 1015 1486 perditionem

311 1497 441 1535 dicant,
455 1497 486 1527 et
499 1497 604 1534 JustO,
621 1495 658 1525 ut
680 1495 741 1524 sibi
763 1494 911 1532 videtur,
928 1502 1017 1524 mur·

311 1552 405 1574 mure
421 1542 664 1581 conqueruntur
675 1563 683 1579 ,
696 1541 780 1579 quod
794 1541 820 1570 is
836 1540 892 1579 qui
913 1540 1018 1579 pluri-

312 1590 373 1620 bus
401 1590 554 1628 prodesse
581 1588 728 1627 poterat,
757 1586 902 1626 quiescat
927 1587 989 1617 sibi
1007 1595 1014 1616 :

312 1644 377 1666 non
392 1636 477 1674 quod
488 1635 650 1665 sanctitati
662 1633 848 1671 invideant,
865 1632 920 1662 sed
931 1633 1017 1671 quod

312 1682 505 1720 provideant
521 1680 659 1711 caritatI.
675 1681 833 1710 Caeterum
851 1679 920 1717 ipsa
935 1679 1018 1709 cari-

312 1728 363 1758 tas
377 1729 463 1758 Deus
492 1726 715 1765 hujuscemodi
741 1726 857 1755 animae
872 1726 1019 1763 plerum-

313 1783 378 1813 que
406 1774 531 1811 parcit,
560 1781 656 1811 quam
681 1771 772 1801 videt
796 1771 1019 1808 spiritualibus

314 1820 431 1850 studiis
449 1818 625 1857 delectari,
647 1817 857 1855 maximeque
873 1817 900 1846 si
920 1817 1018 1847 talem

314 1871 387 1896 eam
402 1865 549 1903 noverit,
558 1873 629 1903 quae
637 1864 741 1894 adhuc
751 1863 1018 1901 pusillanimitate

315 1914 349 1943 et
363 1912 588 1942 imbecillitate
604 1912 641 1940 ut
661 1910 781 1940 mulier
802 1909 861 1947 sit,
885 1909 919 1938 et
941 1917 1019 1938 nec—

315 1958 391 1988 dum
422 1958 455 1987 in
483 1958 593 1987 virum
618 1956 801 1995 perfectum
831 1954 1017 1992 profecerit.

314 2004 406 2042 Quod
420 2003 534 2042 utique
553 2003 671 2033 melius
692 2001 762 2040 ipse
785 1999 941 2030 discernit
962 2002 1036 2038 qui·

316 2051 465 2081 intuetur
491 2057 570 2087 cor,
598 2056 694 2087 quam
723 2046 871 2077 homines
897 2045 954 2084 qui
986 2046 1019 2074 in

316 2097 400 2127 facie
422 2096 548 2126 tantum
569 2094 701 2132 vident,
718 2094 750 2123 et
770 2091 950 2122 secundum
974 2090 1020 2120 fa-

317 2144 402 2173 ciem
422 2143 588 2180 judicant,
604 2149 679 2171 cum
703 2138 861 2170 videlicet
884 2137 1020 2168 minime

318 2189 511 2226 attendunt,
527 2196 591 2217 non
608 2195 677 2217 esse
693 2186 839 2224 ejusdem
855 2183 1021 2214 facilitatis

320 2235 437 2264 devote
462 2235 651 2273 quiescere,
678 2233 712 2262 et
735 2232 899 2262 fructuose
926 2238 1021 2259 occu-

316 2280 406 2319 pari:
418 2280 587 2310 humiliter
598 2280 728 2310 subesse
740 2300 749 2316 ,
763 2279 795 2307 et
806 2277 931 2307 utiliter
940 2284 1023 2315 prae-

319 2334 390 2356 esse
406 2335 414 2355 :
431 2325 500 2363 regi
515 2325 585 2355 sinc
604 2325 756 2363 querela,
771 2324 803 2354 et
818 2331 931 2362 regere
952 2321 1021 2351 sine

320 2374 415 2410 culpa
428 2380 436 2401 ε
450 2371 582 2401 obedire
594 2371 707 2409 sponte
717 2392 726 2408 ,
740 2371 772 2400 et
784 2370 945 2406 imperare
958 2368 1024 2398 dis·

320 2419 409 2449 crete
425 2426 433 2446 :
450 2417 570 2447 bonum
582 2416 722 2454 denique
735 2423 804 2446 esse
816 2415 901 2444 inter
911 2414 1022 2451 bonos,

321 2467 355 2495 ct
383 2464 503 2494 bonum
529 2462 616 2492 inter
640 2462 741 2491 malos
765 2469 774 2490 ε
797 2461 895 2490 immo
924 2461 1023 2490 etiam

322 2518 392 2541 esse
407 2508 558 2548 pacatum
578 2507 665 2537 inter
690 2507 773 2536 filios
796 2506 902 2544 pacis,
917 2506 951 2535 et
974 2506 1024 2535 his

322 2555 378 2594 qui
387 2554 525 2587 oderunt
532 2560 645 2592 pacem
655 2574 664 2591 ‚
678 2550 830 2581 exbiberi
841 2550 1023 2588 pacificum.

323 2601 434 2631 Sciens
455 2607 530 2638 ergo
553 2598 645 2629 Jesus
666 2597 722 2636 qui
747 2595 830 2633 sint,
843 2595 941 2633 quive
961 2604 1025 2625 non

326 2648 391 2680 sint
411 2646 518 2678 idonci
533 2644 692 2687 implicari
710 2643 812 2680 curis3
835 2650 882 2671 iro
900 2641 953 2671 tali
970 2641 1025 2671 de-

770 207 801 235 8.
832 203 1068 235 ΒΕΠΝΛΒὈῙ
1094 204 1283 233 ΑΒΒΑΤῐὸ

1045 258 1142 288 licata
1156 258 1280 296 anima,
1296 266 1393 297 quam
1409 267 1466 298 pro
1477 259 1527 290 sui
1541 257 1644 290 adhuc
1657 255 1745 288 tene-

1045 303 1189 333 ritudine
1206 304 1381 335 tractandis
1394 305 1536 344 negotiis
1549 305 1658 335 minus
1677 301 1745 333 suf-

1045 348 1141 378 ficere
1154 348 1272 385 sentit,
1285 349 1439 381 adversus
1450 351 1539 382 aliud
1549 348 1744 385 sentientes,

1045 395 1079 424 et
1096 394 1136 424 ob
1154 394 1215 424 hoc
1237 394 1308 432 ejus
1327 396 1492 436 quietem,
1516 397 1681 436 tamquam
1695 394 1745 424 in-

1045 439 1241 470 fructuosam
1250 462 1259 478 ,
1275 440 1358 470 bono
1369 442 1502 480 quidem
1514 443 1599 480 zelo,
1611 441 1669 472 sed
1681 447 1745 470 non

1045 486 1224 516 secundum
1235 486 1405 517 scientiam
1420 487 1646 518 insimulantes
1655 509 1665 526 ,
1677 486 1746 525 ipso

1044 531 1219 570 respondet
1245 532 1364 562 effectu
1393 541 1402 561 ε
1432 534 1512 572 Quid
1538 534 1657 564 molesti
1678 532 1748 563 estis

1045 577 1115 608 huic
1130 577 1272 609 mulieri?
1286 578 1366 608 Nam
1379 578 1440 608 etsi
1454 577 1562 617 (quod
1579 577 1747 608 fatendum

1046 622 1112 663 est)
1134 624 1253 653 melius
1273 624 1322 653 est
1340 624 1381 653 ad
1398 623 1485 662 quod
1504 624 1593 653 illam
1617 623 1748 653 trahere

1046 669 1196 708 tentatis,
1220 670 1341 700 bonum
1362 670 1473 700 tamen
1497 678 1578 709 opus
1594 669 1644 700 est
1664 669 1748 707 quod

1046 716 1177 753 operata
1195 716 1245 746 est
1271 716 1306 745 in
1318 724 1383 746 me.
1400 715 1505 746 Sinite
1523 723 1595 746 eam
1616 714 1749 745 interim

1045 761 1173 799 operari
1187 761 1309 791 bonum
1328 761 1414 800 quod
1435 760 1553 800 potest.
1564 761 1645 791 Novi
1662 760 1748 791 enim

1046 814 1104 845 ego
1116 806 1202 845 quod
1216 806 1321 837 adhuc
1336 807 1456 837 mulier
1475 807 1529 836 sit.
1545 807 1623 837 Cum
1639 808 1748 837 autem

1046 852 1225 882 mutatione
1249 852 1393 883 dexterae
1407 852 1534 883 Excelsi
1550 852 1590 882 de
1611 852 1749 882 muliere

1047 898 1149 929 factus
1165 899 1266 929 fuerit
1280 899 1349 936 vir,
1367 898 1471 938 (quod
1486 899 1519 929 et
1535 907 1605 937 me,
1621 897 1750 937 quando

1046 945 1156 974 tamen
1181 945 1261 982 erit,
1283 944 1386 975 latere
1411 953 1476 974 non
1501 944 1641 983 poterit,
1672 944 1750 983 quia

1047 997 1098 1019 me
1114 990 1310 1028 provocante
1325 990 1589 1029 promovebitur,
1605 998 1658 1021 me
1672 998 1752 1028 quo-

1047 1043 1111 1073 que
1138 1036 1288 1065 servante
1309 1036 1477 1066 tenebitur
1493 1045 1501 1065 ε
1515 1034 1527 1075 )
1543 1036 1621 1066 tunc
1636 1035 1752 1065 melior

1048 1081 1110 1111 erit
1130 1081 1286 1120 iniquitas
1306 1081 1390 1119 viri,
1404 1089 1502 1120 quam
1516 1089 1605 1111 nunc
1619 1080 1753 1110 benefa-

1049 1127 1138 1158 ciens
1165 1128 1297 1158 mulier.
1327 1127 1420 1157 Unde
1450 1128 1484 1158 et
1520 1127 1603 1157 illud
1635 1126 1752 1157 melius

1049 1181 1154 1211 spero.
1166 1175 1231 1204 Nec
1243 1175 1357 1212 reputo
1367 1173 1584 1213 perditionem
1595 1172 1751 1211 unguenti

1050 1220 1146 1257 hujus
1176 1220 1388 1257 effusionem,
1405 1220 1437 1249 in
1463 1228 1526 1258 quo
1551 1219 1585 1249 et
1606 1218 1753 1249 mulieris

1050 1265 1179 1296 devotio
1199 1266 1404 1304 designatur,
1421 1265 1454 1295 et
1475 1273 1548 1294 mea
1570 1264 1753 1303 praefigura-

1050 1312 1102 1341 tur
1125 1311 1304 1350 sepultura.
1321 1311 1391 1340 Huc
1419 1310 1564 1347 accedit,
1580 1309 1665 1348 quod
1686 1309 1753 1339 tam

1050 1358 1114 1387 late
1143 1365 1234 1386 suam
1263 1356 1471 1395 fragrantiam
1501 1356 1752 1393 circumquaque

1051 1403 1205 1433 diffundit
1220 1412 1228 1432 z
1245 1411 1344 1441 quare
1372 1402 1572 1440 ubicumque
1597 1400 1752 1439 praedica-

1051 1451 1119 1479 tum
1136 1449 1236 1479 fuerit
1250 1449 1311 1479 hoc
1326 1448 1535 1486 Evangelium
1550 1469 1559 1485 ,
1575 1446 1638 1477 dici
1655 1446 1752 1477 etiarn

1051 1496 1185 1534 habeat,
1202 1495 1287 1533 quod
1303 1495 1338 1525 et
1352 1494 1421 1525 haec
1435 1493 1515 1525 fecit
1530 1493 1564 1523 in
1583 1492 1653 1531 ejus
1667 1500 1753 1524 com-

1050 1540 1333 1571 memorationem.

1090 1586 1122 1616 ίι.
1138 1587 1208 1616 Jam
1231 1586 1271 1615 ad
1291 1585 1427 1616 tertium
1442 1583 1646 1623 unguentum
1661 1591 1754 1614 acce-

1051 1632 1174 1662 damus.
1201 1632 1282 1662 Sane
1300 1631 1333 1661 in
1356 1630 1494 1660 duorum
1515 1629 1753 1668 praemissorum

1052 1679 1209 1708 alterutra
1249 1677 1440 1714 collatione,
1468 1675 1579 1714 priore
1615 1682 1754 1713 sequens

1052 1724 1172 1763 absque
1198 1723 1286 1753 omni
1316 1720 1528 1760 ambiguitate
1553 1719 1755 1759 cognoscitur

1054 1779 1122 1801 esse
1137 1770 1276 1807 melius,
1292 1770 1453 1807 longeque
1469 1765 1695 1797 excellentius.
1712 1766 1755 1795 11-

1053 1817 1109 1847 lud
1137 1818 1247 1846 autem
1273 1814 1394 1844 mirum
1415 1812 1565 1850 videtur,
1580 1811 1607 1841 si
1623 1810 1755 1841 tertium

1053 1862 1183 1900 aliquod
1199 1860 1344 1890 inveniri
1360 1858 1476 1897 queat,
1492 1857 1579 1896 quod
1600 1855 1755 1886 ambobus

1050 1909 1123 1946 jure
1146 1906 1264 1937 debeat
1277 1904 1452 1943 anteponi,
1465 1904 1559 1941 juxta
1574 1901 1660 1941 quod
1674 1902 1756 1939 opti-

1052 1962 1142 1983 mum
1168 1952 1371 1989 unguentum
1395 1957 1510 1987 sponsa
1525 1956 1582 1979 sua
1607 1946 1756 1978 redolere

1052 2000 1154 2030 ubera
1179 1997 1346 2036 glorietur.
1369 1994 1521 2034 Alioquin
1544 1994 1667 2032 optima
1690 2001 1756 2023 non

1053 2045 1147 2082 sunt,
1164 2044 1190 2074 si
1205 2051 1271 2074 non
1285 2041 1423 2072 vincunt
1442 2040 1476 2071 et
1495 2039 1631 2070 meliora
1648 2047 1657 2068 :
1673 2038 1758 2069 sicut

1054 2092 1087 2122 et
1099 2091 1236 2121 meliora
1249 2087 1411 2120 veraciter
1425 2094 1490 2117 non
1506 2085 1679 2122 dicuntur,
1694 2083 1756 2114 nisi

1054 2146 1125 2176 quae
1147 2134 1302 2174 superant
1314 2133 1409 2163 bona.
1426 2133 1524 2162 Porro
1537 2131 1635 2161 tantae
1650 2130 1757 2160 excel-

1054 2181 1166 2213 lentiae
1178 2178 1382 2218 unguentum
1394 2177 1476 2208 illud
1487 2175 1664 2208 secundum
1673 2197 1683 2213 ,
1694 2182 1756 2213 quo

1055 2228 1153 2267 caput
1177 2224 1329 2265 ungitur,
1355 2224 1528 2254 inventum
1556 2221 1622 2260 est,
1636 2221 1675 2251 ut
1701 2219 1757 2251 vix

1054 2273 1212 2314 quaelibet
1225 2272 1256 2302 ei
1273 2270 1398 2301 divitiae
1409 2291 1418 2308 ,
1431 2276 1494 2299 non
1506 2268 1577 2298 dico
1591 2265 1758 2306 praeferri,

1056 2321 1115 2352 sed
1139 2327 1200 2350 nec
1223 2318 1338 2348 saltem
1354 2314 1495 2347 conferri
1518 2321 1611 2352 posse
1626 2312 1759 2342 videan-

1056 2369 1122 2398 tur.
1137 2367 1203 2404 Ego
1217 2365 1329 2395 tamen
1353 2370 1420 2392 non
1445 2359 1641 2391 crediderim
1665 2365 1759 2396 spon-

1056 2421 1124 2445 sam
1136 2419 1206 2442 esse
1218 2409 1390 2440 mentitam
1400 2416 1409 2446 3
1421 2406 1544 2446 quippe
1554 2412 1626 2444 quae
1642 2403 1759 2434 habeat

1057 2466 1209 2496 sponsum
1224 2457 1329 2495 ipsam
1342 2452 1522 2484 Veritatem
1531 2471 1541 2489 ,
1556 2450 1648 2488 cujus
1658 2449 1691 2479 et
1705 2448 1758 2478 hic

1058 2505 1158 2534 verba
1173 2502 1336 2542 loquitur,
1352 2498 1409 2538 qui
1423 2498 1536 2537 utique
1549 2496 1573 2527 si
1579 2495 1634 2525 cut
1647 2494 1758 2525 fallere

1058 2558 1123 2580 non
1138 2549 1228 2586 vult,
1245 2548 1290 2577 ita
1310 2554 1371 2576 nec
1386 2544 1458 2575 falli
1477 2541 1595 2582 potest.
1610 2539 1760 2578 Alioquin

1060 2594 1178 2624 frustra
1203 2591 1369 2623 desiderat
1393 2590 1427 2620 et
1450 2587 1591 2626 suspirat
1614 2585 1760 2617 veritatis

1060 2638 1269 2681 amplexibus
1292 2636 1382 2676 jungi
1393 2658 1402 2674 ‚
1427 2633 1588 2665 mentiens
1616 2629 1760 2665 veritati.
