1846 3078
532 236 576 263 {N
602 233 802 263 cAN‘rch
826 232 977 261 sERMO
1001 232 1158 260 LXXXI.

121 289 264 329 tantum,
285 289 342 321 sed
366 288 399 320 et
413 288 583 328 colligatae.
608 289 720 327 Neque
736 285 824 318 enim

122 344 222 366 unum
237 335 378 373 simplex
394 334 443 365 est
458 343 594 373 quaeque
610 334 728 363 harum
739 355 748 371 ,
767 332 825 363 sed

120 389 164 411 ex
178 381 325 419 pluribus
347 381 505 410 constans.
522 380 560 409 Et
575 380 746 418 propterea
760 386 825 408 non

121 426 280 465 redigitur
292 426 325 455 in
336 426 478 456 nihilum
489 425 563 464 ,sed
576 425 694 455 dissilit
705 425 739 454 in
750 432 826 462 par-

119 471 236 509 tes,ut
261 471 293 501 et
316 471 357 501 ad
385 480 480 502 suum
501 471 652 510 quodque
679 469 826 500 recurrat

121 516 320 555 principium
330 538 339 555 ,
356 517 448 547 verbi
463 524 558 546 causa
570 524 626 546 aer
640 515 681 545 ad
695 523 805 545 aerem
815 536 824 552 ,

119 561 205 600 ignis
220 562 259 592 ad
273 562 381 601 ignem
392 583 401 600 ,
415 563 448 592 et
463 563 590 600 reliqua
605 561 639 591 in
658 561 745 591 hunc
759 569 826 590 mo-

121 606 211 637 dum.
234 608 444 646 Nequaquam
461 607 560 646 igitur
574 606 632 637 tali
646 606 722 637 vitae
738 606 826 636 idem

120 660 189 683 esse
205 655 238 683 et
259 654 372 684 vivere
388 654 458 691 est,
473 662 546 692 quae
567 653 620 683 est
643 652 678 682 et
698 651 825 690 quando

120 706 186 730 non
200 699 296 729 vivit.

160 743 192 774 [ι.
208 745 305 775 Porro
315 744 401 774 nihil
412 744 529 774 horum
539 765 548 781 ,
557 743 675 781 quibus
686 749 752 771 non
764 741 826 771 hoc

121 797 191 819 csse
206 789 293 828 quod
314 788 427 819 vivere
440 788 500 826 sit,
514 787 555 817 ad
564 787 649 816 bene
664 786 825 824 beateque

120 834 298 864 vivendum
344 833 540 872 quandoque
579 831 728 871 proficiet
771 832 826 862 vel

122 880 285 917 emerget:
303 879 424 918 quippe
440 878 526 916 quod
541 886 649 916 neque
672 877 713 907 ad
737 876 825 907 hunc

123 922 312 954 inferiorem
340 923 474 962 gradum
502 923 612 962 potuit
638 922 824 961 pervenire.

119 968 210 1007 Sola,
234 977 306 1007 quae
340 969 376 998 in
404 969 476 1008 ipso
508 970 594 999 stare
624 968 827 1006 cognoscitur

119 1015 229 1045 anima
252 1014 412 1053 hominis,
427 1014 463 1044 in
481 1023 519 1045 eo
535 1014 704 1052 dignitatis
719 1014 826 1044 creata

120 1060 194 1098 est,
209 1061 277 1090 vita
301 1068 321 1090 a
344 1061 433 1098 vita,
461 1060 602 1099 simplex
615 1068 640 1089 ea
665 1059 824 1098 simplici,

118 1105 313 1137 immortalis
340 1106 380 1136 ab
405 1105 581 1136 immortali
608 1113 616 1135 :
640 1105 676 1135 ut
697 1113 762 1134 non
785 1104 827 1134 sit

118 1152 213 1190 longe
229 1159 386 1182 asummo
413 1151 532 1190 gradu,
558 1151 615 1181 uhi
639 1150 766 1181 scilicet
792 1150 827 1180 id

120 1205 193 1227 esse
213 1197 299 1235 quod
323 1197 419 1227 beate
433 1197 548 1227 vivere
565 1197 630 1234 est,
646 1196 682 1226 in
695 1205 759 1235 quo
775 1205 827 1226 so-

119 1243 170 1272 lus
191 1243 257 1272 stat
277 1243 409 1280 beatus,
426 1242 460 1272 et
484 1243 571 1273 solus
596 1243 729 1281 potens,
754 1243 827 1272 Rex

119 1296 233 1326 regum
244 1309 254 1326 ,
270 1289 304 1319 et
321 1289 479 1319 Dominus
495 1288 744 1318 dominantium.
768 1289 827 1318 Ac-

119 1333 209 1372 cepit
235 1334 347 1373 itaque
364 1335 399 1364 in
415 1335 464 1364 sui
490 1335 676 1365 conditione
698 1334 825 1373 anima,

119 1379 181 1409 etsi
203 1387 269 1409 non
286 1387 356 1410 esse
367 1401 377 1416 ,
393 1388 486 1418 posse
502 1380 611 1409 tamen
627 1387 696 1409 esse
713 1379 824 1417 beata3

119 1432 247 1454 summo
261 1424 396 1463 proinde
412 1425 524 1463 gradui
538 1446 548 1462 ,
564 1426 720 1463 quantum
735 1425 824 1464 licet,

118 1470 334 1508 appropians,
366 1479 431 1500 non
478 1470 671 1508 pertingens
702 1471 825 1501 tamen.

117 1515 228 1553 Neque
243 1516 330 1545 enim
346 1517 400 1546 vel
415 1516 478 1553 ipsi
493 1514 547 1555 (ut
557 1523 654 1553 supra
669 1514 824 1555 diximus)

119 1560 182 1590 hoc
207 1561 275 1591 erit
298 1562 473 1600 aliquando
497 1570 568 1592 esse
589 1561 675 1600 quod
697 1562 826 1591 beatam

118 1613 210 1643 esse,
234 1614 296 1637 nec
321 1607 449 1645 quando
473 1607 568 1637 beata
583 1607 658 1636 erit.
675 1608 827 1637 Fatemur

119 1651 391 1690 similitudinem,
406 1652 627 1691 aequalitatem
645 1652 825 1683 renuimus.

120 1697 222 1726 Verbi
247 1705 342 1727 causa
353 1719 362 1735 ,
375 1698 444 1727 vita
467 1699 571 1735 Deus,
584 1698 653 1727 vita
668 1699 702 1728 et
719 1699 826 1728 anima

119 1742 170 1771 est
187 1749 195 1770 z
213 1740 330 1771 similis
350 1741 500 1779 quidem,
516 1741 573 1771 sed
588 1741 708 1779 dispar.
729 1743 826 1773 Porro

119 1785 254 1822 similis,
269 1786 356 1823 quod
369 1786 436 1816 vita
446 1808 454 1824 ‚
471 1786 558 1824 quod
573 1786 678 1824 seipsa
690 1787 805 1817 vivens
816 1809 826 1826 ,

118 1830 205 1868 quod
219 1839 284 1860 non
300 1831 428 1862 tantum
443 1832 577 1870 vivens,
594 1832 653 1862 sed
670 1833 703 1862 et
717 1833 827 1862 vivifi-

119 1884 196 1906 cans
211 1885 219 1906 t
233 1876 318 1907 sicut
332 1877 366 1907 et
387 1877 444 1907 ille
466 1877 535 1907 haec
550 1878 659 1908 omnia
678 1879 738 1909 est.
754 1879 828 1909 Dis-

119 1929 179 1959 par
208 1929 308 1960 vero,
333 1923 492 1960 quantum
507 1931 524 1953 a
541 1925 672 1953 creante
705 1926 825 1955 creata,

118 1968 253 2007 Dispar,
265 1968 351 2007 quod
362 1991 371 2006 ,
386 1969 424 1999 ut
437 1969 501 1999 nisi
516 1971 623 2000 creata
638 1970 678 1999 ab
694 1970 750 2000 illo
762 1979 825 2001 non

119 2015 222 2052 esset,
245 2014 292 2045 sic
317 2014 381 2045 nisi
405 2015 446 2044 ab
475 2015 545 2053 ipso
572 2015 737 2046 vivificata
761 2025 826 2046 non

121 2058 261 2090 viveret.
283 2059 352 2089 Non
373 2060 503 2091 viveret
537 2060 628 2099 dico,
650 2061 708 2092 sed
730 2063 828 2100 spiri-

118 2104 202 2133 tuali
217 2104 305 2143 vita,
324 2113 389 2135 non
411 2106 564 2136 naturali.
585 2107 663 2136 Nam
685 2108 827 2137 naturali

118 2149 273 2187 quidem,
296 2150 397 2180 etiam
425 2160 496 2190 quae
519 2160 585 2182 non
612 2153 828 2191 spiritualiter

119 2194 224 2233 vivit,
240 2195 471 2227 immortaliter
490 2197 581 2227 vivat
605 2206 740 2228 necesse
766 2201 827 2230 est.

120 2239 160 2268 At
173 2240 278 2277 qualis
297 2241 383 2271 vita!
405 2242 439 2272 in
458 2251 522 2281 qua
543 2243 644 2273 satius
658 2243 741 2274 soret
763 2253 828 2275 non

119 2285 210 2314 nasci
219 2306 228 2322 ,
237 2294 333 2323 quam
344 2295 408 2316 non
420 2288 460 2317 ab
473 2296 511 2317 ea
522 2289 618 2318 mori.
628 2290 710 2319 Mors
720 2291 828 2327 potius

121 2330 171 2359 est
185 2339 193 2359 :
208 2331 241 2361 et
256 2331 330 2361 ideo
345 2332 491 2371 gravior,
513 2333 588 2371 quia
603 2335 747 2373 peccati,
764 2345 828 2366 non

121 2375 257 2406 naturae.
280 2377 429 2415 Denique
447 2387 531 2408 mors
544 2381 741 2416 peccatorum
760 2391 829 2420 pes-

120 2422 213 2451 sima.
236 2422 285 2451 lta
304 2430 377 2460 ergo
397 2431 470 2461 quae
492 2424 674 2454 secundum
697 2434 827 2457 carnem

121 2466 207 2497 vivit
217 2466 324 2497 anima
333 2489 343 2506 ,
355 2468 470 2499 vivens
483 2470 612 2500 mortua
625 2470 692 2509 est,
707 2472 827 2510 quippe

123 2512 178 2541 cui
199 2513 321 2543 bonum
349 2515 420 2545 erat
445 2515 577 2545 omnino
603 2524 669 2546 non
697 2517 827 2557 vivere,

121 2565 220 2596 quam
236 2558 282 2588 sic
297 2559 424 2591 vivere.
439 2561 465 2590 Α
479 2569 543 2599 qua
557 2561 715 2592 nimirum
735 2564 828 2594 vitali

122 2602 263 2639 quadam
278 2605 381 2635 morte
396 2605 533 2636 minime
547 2615 701 2646 umquam
724 2616 830 2639 resur-

123 2648 196 2686 get,
215 2649 280 2679 nisi
295 2658 354 2688 per
380 2650 517 2682 verbum
532 2652 627 2691 vitae,
650 2653 748 2684 imino
769 2663 828 2695 per

1495 238 1554 269 laio

860 286 1003 316 Verbum
1015 286 1117 316 vitam
1130 307 1139 324 ‚
1153 284 1320 317 viventem
1334 288 1445 329 utique
1461 292 1495 322 et
1506 293 1557 324 vi-

861 332 1062 362 vificantem.

902 377 933 406 5.
948 377 1034 406 Alias
1049 376 1158 407 autem
1170 375 1363 407 immortalis
1378 379 1425 409 est
1436 382 1558 420 anima,

862 421 895 451 et
927 421 963 451 in
990 421 1051 451 hoc
1075 420 1290 451 nihilominus
1313 422 1417 452 Verbo
1444 426 1561 458 similis

861 467 993 505 quidem
1003 489 1013 506 ,
1028 467 1086 497 sed
1100 475 1165 497 non
1180 466 1323 505 aequalis.
1339 467 1416 496 Nam
1431 468 1465 497 in
1490 472 1561 501 tan.

861 512 931 542 tum
952 512 1186 551 superexcellit
1204 512 1432 542 immortalitas
1455 514 1564 546 Deita-

861 558 920 595 tis,
936 559 973 588 ut
987 558 1158 597 Apostolus
1171 558 1258 588 dicat
1270 557 1310 588 de
1326 558 1394 587 Deo
1409 565 1417 587 ε
1443 560 1495 596 qai
1512 568 1563 590 so-

862 605 908 635 lus
920 604 1011 635 habet
1025 605 1301 635 immortalitatem.
1314 603 1407 642 Quod
1420 612 1478 642 ego
1494 612 1568 634 reor

862 658 920 687 pro
935 658 974 680 eo
1000 650 1143 688 dictum,
1166 649 1252 688 quod
1275 650 1362 680 solus
1387 649 1431 680 sit
1452 651 1568 680 natura

862 695 1144 725 incommutabilis
1178 696 1284 734 Deus,
1308 694 1366 733 qui
1391 695 1439 724 ait
1466 703 1474 724 ε
1501 696 1568 734 qu

861 742 1033 777 Dominus,
1054 743 1082 770 el
1103 749 1168 771 ‘non
1187 743 1302 770 mutor.
1318 741 1403 770 Vera
1424 747 1566 778 namque

863 786 896 816 et
912 785 1040 824 integra
1053 786 1280 816 immortalitas
1293 787 1361 816 tam
1372 794 1437 816 non
1448 786 1570 825 recipit

862 831 1096 869 mutationem,
1121 839 1221 870 quam
1250 839 1312 862 nec
1336 831 1453 870 finem,
1479 832 1568 870 quod

862 876 967 906 omnis
982 878 1121 907 mutatio
1136 877 1282 916 quaedam
1296 877 1409 907 mortis
1424 877 1568 908 imitatio

862 921 916 950 sit.
932 921 1034 951 Omne
1050 922 1174 951 etenim
1198 921 1284 959 quod
1309 921 1472 960 mutatur,
1489 922 1567 952 dum

863 966 902 996 de
926 975 992 996 uno
1008 967 1048 997 ad
1074 966 1163 997 aliud
1182 967 1302 998 transit
1322 975 1410 1005 esse,
1425 967 1567 1006 quodam

862 1013 957 1043 modo
972 1022 1107 1044 necesse
1120 1014 1169 1044 est
1180 1014 1338 1044 moriatur
1349 1014 1435 1052 quod
1448 1014 1515 1052 est,
1530 1015 1568 1044 ut

863 1066 932 1089 esse
949 1059 1085 1098 incipiat
1101 1059 1187 1098 quod
1201 1068 1266 1089 non
1285 1060 1345 1090 est.
1362 1059 1454 1097 Quod
1475 1059 1502 1090 si
1518 1060 1568 1090 tot

862 1105 983 1134 mortes
998 1105 1076 1142 quot
1095 1104 1309 1142 mutationes,
1325 1105 1383 1135 ubi
1399 1105 1568 1135 immorta-

862 1149 938 1179 litas
949 1149 962 1179 '5’
973 1151 1010 1180 Et
1026 1150 1102 1180 huic
1117 1150 1256 1181 vanitati
1273 1150 1420 1188 subjecta
1435 1152 1484 1181 est
1498 1151 1568 1190 ipsa

863 1196 1011 1225 creatura
1031 1204 1096 1225 non
1112 1197 1244 1234 volenS,
1259 1196 1317 1226 sed
1340 1197 1474 1235 propter
1489 1205 1567 1226 eum

862 1242 919 1279 qui
944 1241 1084 1279 subiecit
1098 1250 1170 1272 eam
1195 1242 1229 1272 in
1245 1250 1313 1280 spe.
1330 1242 1481 1272 Attamen
1503 1243 1568 1272 im-

862 1287 1010 1317 mortalis
1026 1287 1133 1317 anima
1149 1288 1198 1318 est
1213 1296 1221 1317 2
1238 1287 1391 1326 quoniam
1406 1296 1480 1318 cum
1495 1287 1569 1326 ipsa

863 1332 925 1361 sibi
942 1332 1010 1363 vita
1025 1332 1085 1370 sit3
1102 1333 1186 1363 sicut
1210 1341 1276 1362 non
1298 1334 1347 1363 est
1361 1341 1425 1372 quo
1441 1334 1534 1364 cadat
1549 1342 1569 1362 a

862 1386 914 1416 se,
928 1378 973 1408 sic
988 1386 1053 1408 non
1069 1379 1117 1409 est
1128 1387 1192 1417 quo
1205 1379 1297 1408 cadat
1312 1387 1330 1408 a
1346 1379 1426 1408 vita.
1442 1380 1562 1408 Verum

863 1431 936 1453 cum
949 1424 1074 1454 constet
1086 1424 1152 1453 suis
1164 1424 1335 1453 affectibus
1345 1423 1464 1453 mutari
1477 1432 1547 1453 eam
1558 1432 1568 1461 3

862 1469 1013 1506 agnoscat
1037 1469 1084 1498 ita
1110 1477 1143 1498 se
1168 1469 1237 1499 Deo
1263 1469 1298 1498 in
1322 1469 1568 1499 immortalitate

862 1514 1023 1553 similem,
1039 1515 1076 1545 ut
1097 1514 1179 1544 sciat
1205 1515 1268 1544 sibi
1293 1515 1404 1545 deesse
1420 1523 1485 1545 non
1499 1523 1570 1545 mo—

863 1559 970 1590 dicam
991 1559 1250 1591 immortalitatis
1266 1562 1393 1599 partem
1405 1582 1415 1599 ,
1429 1561 1491 1591 soli
1513 1570 1569 1591 ce-

863 1606 944 1636 dens
966 1606 1148 1636 absolutam
1164 1606 1408 1645 perfectamque
1435 1607 1569 1638 immor-

862 1652 1040 1690 talitatem,
1054 1653 1141 1691 apud
1155 1661 1252 1691 quem
1267 1661 1332 1682 non
1345 1653 1393 1682 est
1404 1654 1570 1684 transmu-

863 1697 960 1736 tatio,
986 1706 1049 1728 nec
1083 1698 1321 1728 vicissitudinis
1345 1698 1563 1730 obumbratio.

862 1744 930 1773 Non
951 1743 1124 1774 mediocris
1146 1744 1257 1774 tamen
1282 1744 1398 1774 animae
1423 1744 1565 1783 dignitas

861 1789 1015 1827 praesenti
1046 1789 1268 1828 disputatione
1303 1791 1469 1828 comperta
1496 1788 1564 1830 est,

862 1842 934 1871 quae
950 1833 1081 1872 gemina
1096 1834 1235 1872 quadam
1250 1833 1422 1864 vicinitate
1438 1835 1562 1866 naturae

863 1880 967 1910 Verbo
983 1880 1177 1918 appropiare
1189 1879 1338 1918 videtur,
1350 1880 1562 1918 simplicitate

863 1925 1031 1964 essentiae,
1047 1927 1080 1956 et
1101 1925 1322 1964 perpetuitate
1337 1926 1426 1956 vitae.

903 1971 934 2001 6.
957 1971 1020 2002 Sed
1039 1971 1128 2001 enim
1144 1972 1251 2001 adhuc
1275 1979 1377 2002 unum
1403 1973 1564 2010 occurrit,

861 2017 947 2056 quod
977 2018 1116 2047 minime
1151 2018 1327 2056 praeteribo
1354 2026 1363 2047 z
1389 2026 1451 2048 nec
1477 2019 1566 2048 enim

860 2063 968 2094 minus
980 2064 1139 2101 insignem
1149 2063 1332 2093 similemve
1344 2063 1452 2094 minus
1460 2064 1567 2094 Verbo

862 2109 1003 2138 animam
1018 2109 1113 2146 facit,
1129 2109 1163 2138 et
1187 2109 1272 2138 forte
1289 2109 1387 2138 etiam
1409 2110 1495 2147 plus.
1511 2109 1569 2139 Ar-

861 2155 952 2184 bitrii
978 2154 1114 2184 libertas
1129 2154 1199 2184 haec
1221 2155 1288 2192 est,
1304 2155 1400 2193 plane
1416 2154 1564 2185 divinum

862 2200 1017 2238 quiddam
1047 2199 1246 2238 praefulgens
1270 2200 1305 2229 in
1329 2200 1457 2239 anima,
1481 2200 1565 2230 tam—

862 2254 958 2284 quam
980 2254 1106 2283 gemma
1128 2246 1162 2275 in
1184 2253 1276 2276 auro.
1298 2247 1347 2275 Ex
1371 2247 1431 2276 hac
1447 2255 1567 2285 nempe

862 2291 948 2321 inest
973 2291 1022 2321 illi
1043 2291 1132 2322 inter
1155 2291 1276 2321 bonum
1293 2292 1426 2330 quidem
1453 2293 1485 2322 et
1500 2300 1567 2322 ma·-

862 2338 1090 2375 lum,necn0n
1116 2337 1203 2367 inter
1227 2337 1329 2367 vitam
1353 2338 1386 2368 et
1407 2338 1565 2376 mortem,

862 2383 920 2412 sed
936 2383 970 2413 et
982 2383 1198 2413 nihilominus
1210 2383 1297 2413 inter
1311 2384 1416 2413 lucem
1430 2383 1462 2412 et
1474 2383 1566 2412 tene·

862 2428 954 2466 bras,
971 2429 1006 2459 et
1022 2429 1165 2468 cognitio
1187 2428 1326 2465 judicii,
1343 2428 1375 2457 et
1400 2426 1486 2464 optio
1501 2427 1563 2456 eli-

862 2473 961 2511 gendi
972 2483 981 2512 3
994 2475 1026 2505 et
1036 2474 1135 2513 siqua
1148 2475 1222 2504 sunt
1234 2474 1295 2503 alia
1305 2494 1314 2510 ,
1327 2480 1398 2510 quae
1413 2471 1564 2501 similiter

863 2519 948 2549 circa
965 2519 1065 2550 animi
1088 2520 1235 2550 habitum
1251 2526 1320 2547 sese
1337 2525 1353 2547 e
1367 2516 1497 2554 regione
1511 2525 1562 2547 rc-

862 2565 988 2603 spicere
1023 2565 1209 2596 videantur.
1236 2561 1450 2592 Nihilominus
1474 2561 1561 2591 inter

862 2610 931 2649 ipsa
948 2610 1113 2641 censorius
1133 2609 1262 2647 quidam
1288 2607 1408 2637 arbiter
1425 2605 1473 2645 (is
1489 2608 1561 2637 ani*

862 2663 923 2685 mae
934 2654 1065 2694 oculus)
1080 2653 1234 2691 dijudicat
1248 2653 1279 2682 et
1291 2652 1464 2690 discernit,
1477 2653 1560 2683 sicut

1371 2697 1417 2722 27.
