1810 3073
312 229 373 259 222

311 283 441 324 regina,
462 283 531 317 sive
554 285 751 324 concubina,
773 286 842 317 sive
859 286 957 316 etiam
973 284 1013 315 de

310 337 448 361 numero
481 331 525 362 sit
554 332 887 370 adolescentularum,
935 339 1013 360 con-

311 383 428 414 gruum
451 385 590 416 quaeque
611 386 670 416 pro
685 377 813 408 meritis
833 376 953 415 accipit
965 376 1012 406 ibi

308 421 414 452 locum
438 421 694 462 terminumque,
720 431 891 461 quousque
914 422 1012 453 liceat

308 467 371 497 sibi
381 468 628 506 contemplando
637 469 825 506 procedere,
836 469 868 498 ct
878 467 1011 498 introire

307 512 343 543 in
357 514 511 552 gaudium
527 514 658 544 Domini
668 515 731 552 sui,
741 515 774 545 et
785 513 1010 543 rimaridulcia

306 560 432 589 secreta
453 559 574 598 sponsi.
595 559 688 596 Quod
709 568 767 590 suo
786 560 856 589 loco
876 559 1007 589 distinc-

305 604 385 642 tius,
410 606 567 642 quantum
595 605 783 643 dignabitur
806 604 875 643 ipse
895 613 1012 642 sugge-

306 658 396 689 rere,
415 651 635 681 demonstrare
655 651 805 681 conabor.
822 652 912 680 Nunc
931 659 1010 681 vero

305 695 340 725 id
355 703 449 725 nosse
465 696 617 733 sufficiat,
643 697 729 726 nulli
752 696 1010 726 adolescentula-

304 749 389 779 rum,
404 742 488 772 nulli
505 742 775 780 concubinarum,
789 742 873 772 nulli
891 742 944 772 vel
959 750 1009 772 re-

305 787 455 825 ginarum
479 789 592 826 patere
614 789 744 818 omnino
773 796 938 818 accessum
969 788 1008 817 ad

306 834 469 864 secretum
485 834 564 864 illud
582 834 744 870 cubiculi,
767 833 854 872 quod
868 842 934 864 suae
958 833 1007 863 illi

305 879 463 909 columbae
488 879 652 917 formosae,
668 879 820 918 perfectae
843 879 918 916 uni,
933 879 1008 908 uni-

305 932 378 953 cum
391 932 527 962 sponsus
541 926 661 954 servat.
678 925 769 954 Unde
786 933 846 954 nec
862 933 919 963 ego
931 934 1007 955 sanc

304 968 466 1007 indignor,
482 969 508 999 si
519 978 583 999 non
599 970 639 999 ad
651 970 733 999 illud
745 970 910 1008 admittor,
925 979 1008 1008 prae-

304 1015 417 1043 sertim
431 1023 504 1044 cum
526 1016 650 1044 constet
665 1015 746 1044 mihi
762 1023 804 1044 ne
821 1015 923 1053 ipsam
935 1017 1008 1054 qui-

304 1058 379 1088 dem
403 1068 552 1098 sponsam
568 1060 702 1090 interim
727 1061 832 1090 adhuc
859 1061 898 1090 ad
913 1070 1007 1092 omne

304 1106 389 1143 quod
397 1107 467 1136 vult
481 1107 654 1145 pervenire
670 1108 844 1137 secretum.
859 1107 1007 1146 Denique

304 1152 337 1180 ct
354 1151 477 1190 flagitat
489 1153 625 1182 indicari
640 1153 714 1191 sibi,
731 1153 788 1183 ubi
806 1154 932 1191 pascat,
950 1154 1005 1183 ubi

303 1197 401 1228 cubet
414 1198 446 1227 in
459 1199 607 1228 meridie.

347 1244 396 1273 11.
411 1244 472 1274 Sed
487 1244 597 1275 audite
609 1253 774 1283 quousque
787 1245 1005 1284 pervenerim,

305 1290 359 1319 aut
371 1298 423 1319 me
435 1290 622 1328 pervenisse
638 1291 832 1328 putaverim.
842 1291 905 1320 Nec
919 1292 1004 1321 enim

301 1335 467 1372 jactantiae
479 1336 703 1375 deputandum
716 1338 776 1374 est,
792 1337 876 1376 qnod
887 1338 921 1367 in
936 1347 1007 1368 ves-

302 1382 369 1410 tros
398 1381 506 1419 pando
531 1381 707 1420 profectus.
734 1383 787 1412 Est
803 1383 892 1412 locus
919 1384 1005 1422 apud

304 1435 456 1464 sponsum
467 1449 475 1464 ,
493 1427 533 1457 de
549 1436 613 1465 quo
630 1436 686 1457 sua
699 1428 772 1465 jura
788 1429 957 1467 decernit,
973 1431 1006 1460 et

303 1472 447 1510 disponit
466 1473 599 1502 consilia
624 1473 693 1511 ipse
709 1473 932 1504 universitatis
948 1484 1007 1513 gu·-

302 1516 472 1555 bernator,
488 1518 577 1556 leges
592 1518 792 1548 constituens
807 1519 893 1548 omni
915 1528 1006 1549 crea-

302 1564 397 1601 turae,
414 1563 558 1601 pondus,
575 1565 607 1593 et
622 1572 825 1602 mensuram,
842 1566 874 1594 et
890 1573 1005 1596 nume-

301 1617 385 1638 rum.
402 1610 440 1639 Et
456 1610 544 1639 locus
557 1610 616 1640 iste
630 1610 713 1640 altus
729 1610 761 1640 et
776 1611 934 1649 secretus,
948 1613 1005 1642 sed

304 1654 438 1684 minime
455 1655 598 1693 quietus.
614 1656 693 1685 Nam
717 1655 779 1685 etsi
803 1655 871 1693 ipse
889 1655 1005 1694 (quan-

302 1701 371 1730 tum
384 1700 417 1729 in
432 1708 464 1730 se
483 1700 552 1739 est)
567 1701 710 1740 disponit
727 1702 834 1731 omnia
848 1702 1003 1741 suaviter,

302 1746 445 1784 disponit
458 1747 586 1783 tamen3
602 1747 635 1776 et
649 1747 935 1785 contemplantem,
949 1748 1003 1785 qui

302 1792 385 1822 sorte
399 1800 436 1821 eo
454 1793 513 1821 loci
530 1793 738 1830 pervenerit,
753 1793 923 1831 quiescere
939 1801 1003 1823 non

302 1838 478 1875 permittit,
493 1838 548 1868 sed
564 1838 771 1876 mirabiliter,
785 1839 934 1877 quamvis
949 1839 1004 1869 de-

303 1884 500 1914 lectabiliter
512 1906 521 1922 ,
536 1884 711 1914 rimantem
736 1885 769 1914 ct
789 1885 1003 1915 admirantem

302 1930 432 1969 fatigat,
466 1930 637 1970 redditque
665 1931 862 1969 inquietum.
889 1932 1003 1962 Pulcre

301 1978 475 2015 utrumque
511 1977 547 2006 in
587 1978 861 2015 consequentibus
889 1986 1002 2016 sponsa

301 2022 475 2060 exprimit,
502 2024 535 2053 et
562 2023 816 2053 delectationem
848 2023 1005 2054 videlicet

302 2067 482 2098 istiusmodi
507 2068 809 2106 contemplationis,
827 2069 860 2099 et
875 2069 1004 2107 inquie—

300 2114 461 2152 tudinem,
472 2114 529 2144 ubi
541 2116 574 2144 et
586 2123 619 2144 se
633 2115 785 2152 dormire,
799 2116 832 2144 et
846 2123 899 2144 cor
909 2124 1002 2145 suum

301 2159 437 2197 vigilare
454 2160 587 2190 fatetur.
602 2161 681 2190 Nam
698 2160 729 2189 in
745 2169 856 2190 somno
871 2160 1002 2199 quidem

300 2205 485 2234 suavissimi
508 2206 665 2244 stuporis,
686 2206 887 2244 placidaequc
903 2206 1004 2235 admi-

300 2251 436 2280 rationis
473 2251 593 2281 sentire
621 2251 787 2289 quietem,
822 2252 856 2280 in
882 2251 1002 2288 vigiliis

301 2303 380 2325 vero
405 2296 561 2334 inquietae
576 2297 790 2326 nihilomiuus
805 2296 1002 2328 curiositatis

300 2349 338 2371 ac
352 2341 522 2372 laboriosae
535 2342 781 2372 exercitationis
798 2342 865 2380 pati
881 2351 914 2372 se
927 2342 1002 2373 sati-

301 2387 464 2424 gationem
487 2387 661 2426 significat.
682 2388 766 2417 Hinc
787 2387 902 2418 beatus
917 2389 1001 2418 Job:

302 2434 333 2464 Si
352 2435 522 2471 dormiero,
539 2434 604 2471 ait,
620 2435 685 2463 dico
702 2443 711 2463 .·
726 2434 854 2473 Quando
875 2443 1003 2464 consur-

299 2478 391 2517 qam?
403 2481 430 2509 et
441 2488 549 2510 rursus
561 2479 737 2518 exspectabo
748 2488 913 2518 vesperam.
925 2479 1003 2509 Sen-

300 2524 385 2554 tisne
414 2525 449 2554 in
480 2525 532 2555 his
554 2525 664 2555 verbis
693 2526 836 2554 sanctam
862 2525 1001 2555 animam

300 2570 388 2600 velle
403 2570 567 2601 interdum
582 2571 749 2601 molestam
767 2570 1001 2609 quodammodo

301 2615 467 2646 declinare
482 2616 688 2653 suavitatem,
703 2617 916 2655 eamdemque
932 2625 1002 2646 rur-

300 2669 371 2691 sum
394 2670 525 2695 suavem
545 2662 727 2692 molestiam
749 2662 918 2692 affectare?
936 2663 1000 2692 Non

777 233 807 260 S.
829 232 1070 260 BERNARDI
1091 232 1290 261 ABBATis

1047 285 1135 315 enim
1149 285 1304 325 dixisset,
1314 288 1443 327 Quando
1458 296 1652 328 consui-qam,
1665 291 1690 320 si
1705 298 1746 322 cx

1046 331 1114 361 toto
1136 331 1169 360 ei
1190 331 1285 370 quies
1304 333 1361 363 illa
1379 341 1445 363 suaa
1465 335 1744 373 contemplationis

1046 376 1223 413 placuisset
1238 385 1247 406 t
1263 378 1320 407 sed
1339 378 1372 408 et
1383 379 1409 409 si
1425 388 1467 409 ex
1481 380 1549 410 toto
1564 380 1746 419 displicuis-

1047 422 1121 460 set,
1153 431 1219 452 non
1248 423 1354 453 denuo
1379 426 1601 463 exspectasset
1635 427 1745 457 horam

1046 468 1180 506 quietis,
1193 468 1228 498 id
1243 469 1292 499 est
1310 478 1480 508 vesperam.
1496 473 1565 501 Non
1583 473 1684 510 igitur
1698 473 1746 502 lo·

1045 520 1103 543 cus
1115 514 1164 544 est
1175 514 1236 544 iste
1245 514 1400 553 cubiculi,
1408 517 1464 546 ubi
1472 525 1678 556 nequaquam
1688 526 1745 557 per

1045 567 1175 590 omnem
1186 561 1317 590 modum
1328 561 1522 600 quiescitur.

1086 607 1135 636 ΔΞ.
1152 608 1207 637 Est
1221 607 1302 637 item
1321 608 1429 646 locus,
1446 609 1486 639 de
1501 616 1566 647 quo
1583 617 1682 648 super
1695 617 1745 640 ra-

1044 651 1200 682 tionalem
1221 654 1393 692 reprobam
1407 654 1540 693 quidem
1563 656 1744 687 creaturam

1044 696 1221 728 immobilis
1238 698 1354 736 vigilat
1375 699 1592 729 secretissima
1607 700 1641 729 et
1654 707 1745 730 seve-

1044 742 1171 772 rissima
1187 743 1424 774 animadversio
1437 744 1515 781 justi
1528 744 1649 781 judicis
1662 745 1745 785 Dei,

1044 787 1205 818 terribilis
1218 789 1254 818 in
1269 789 1413 819 consiliis
1427 798 1524 827 super
1539 790 1623 820 filios
1638 790 1746 820 homi-

1043 840 1133 863 num.
1143 835 1304 872 Cernitur,
1317 835 1462 873 inquam,
1475 844 1493 865 a
1505 836 1654 866 timorato
1667 844 1746 866 con-

1042 879 1234 917 templatore
1258 881 1318 910 hoc
1343 881 1414 911 loco
1439 882 1544 918 Deus,
1566 882 1665 919 justo,
1687 883 1743 912 sed

1043 925 1167 955 occulto
1176 925 1300 962 judicio
1313 935 1369 956 suo
1378 948 1388 963 ,
1400 928 1610 964 reproborum
1625 936 1686 958 nec
1698 928 1746 957 di-

1043 969 1136 999 luens
1151 972 1255 1009 maIa,
1271 980 1332 1001 nec
1344 973 1515 1010 acceptans
1533 973 1636 1011 bona3
1653 973 1745 1003 insu-

1043 1022 1102 1051 per
1117 1016 1152 1045 et
1164 1017 1259 1046 corda
1271 1017 1439 1056 indurans,
1451 1026 1493 1048 ne
1506 1018 1587 1048 forte
1600 1019 1742 1059 doleant,

1043 1060 1076 1089 et
1096 1061 1310 1100 resipiscant,
1327 1064 1360 1092 et
1375 1064 1626 1101 convertantur,
1647 1064 1682 1094 et
1696 1073 1744 1094 sa—

1043 1107 1101 1136 net
1127 1115 1192 1136 eos.
1216 1108 1255 1137 Et
1276 1108 1337 1138 hoc
1365 1116 1431 1138 non
1453 1108 1574 1147 absque
1600 1111 1688 1140 certa
1711 1112 1744 1140 et

1042 1152 1162 1182 aeterna
1184 1153 1309 1183 ratione
1323 1176 1332 1192 ,
1351 1154 1437 1192 quod
1452 1155 1541 1184 tanto
1561 1154 1744 1186 formidolo-

1042 1197 1108 1228 sius
1133 1200 1257 1229 constat
1285 1208 1373 1237 esse,
1398 1201 1518 1238 quanto
1543 1200 1741 1232 immobilius

1042 1242 1143 1273 fixum
1167 1246 1275 1275 exstat
1294 1245 1328 1275 in
1344 1246 1538 1275 aeternitate.
1555 1247 1741 1277 Pavendum

1042 1290 1137 1319 valde
1153 1290 1239 1329 quod
1261 1299 1296 1321 in
1316 1291 1477 1329 Propheta
1499 1291 1539 1321 de
1555 1292 1742 1329 hujusmodi

1041 1336 1179 1373 legimus
1191 1358 1200 1373 ‚
1223 1337 1281 1367 ubi
1303 1337 1440 1375 loquens
1460 1337 1499 1366 ad
1514 1338 1653 1375 Angelos
1667 1346 1741 1368 suos

1041 1382 1127 1412 Deus
1142 1382 1187 1413 sic
1202 1383 1249 1412 ait
1263 1404 1271 1411 .
1288 1384 1491 1413 Mis-creamur
1499 1384 1602 1421 impio.
1618 1384 1741 1421 Quibus

1040 1429 1236 1466 paventibus
1262 1430 1358 1467 atque
1389 1429 1610 1467 quaerentibus
1635 1437 1644 1458 :
1669 1431 1740 1459 Non

1041 1483 1115 1512 ergo
1134 1476 1226 1505 discet
1251 1476 1352 1513 facere
1368 1474 1547 1512 justiliam?
1571 1475 1661 1513 Non,
1690 1475 1738 1505 in-

1040 1521 1123 1559 quit,
1135 1521 1340 1559 subdensque
1356 1529 1484 1550 causam
1494 1543 1504 1558 ‚
1521 1522 1558 1550 1η
1575 1523 1679 1558 terra,
1695 1522 1740 1551 ait

1038 1569 1215 1597 sanctorum
1235 1568 1343 1605 iniqua
1364 1567 1471 1605 gessit,
1493 1568 1521 1596 ct
1541 1575 1604 1595 uon
1632 1567 1740 1597 ridebit

1039 1615 1170 1652 qim-iam
1198 1615 1336 1644 Domim'.
1361 1613 1512 1642 Timeant
1539 1612 1672 1650 clerici,
1699 1614 1740 1642 ti-

1039 1660 1148 1689 meant
1173 1658 1312 1688 ministri
1330 1658 1496 1696 Ecclesise,
1514 1658 1570 1696 qui
1594 1658 1628 1687 in
1645 1658 1739 1687 terris

1040 1706 1224 1734 sanctorum
1246 1712 1326 1742 quas
1347 1703 1525 1741 possident,
1543 1704 1609 1732 tam
1625 1703 1738 1740 iniqua

1040 1751 1169 1788 gerunt,
1185 1750 1221 1779 ut
1236 1749 1420 1787 stipendiis,
1433 1757 1505 1786 quae
1520 1748 1670 1778 sufficere
1685 1748 1739 1777 de—

1040 1797 1138 1825 beant
1148 1817 1156 1833 ,
1169 1795 1304 1824 minime
1320 1794 1476 1831 contenti,
1493 1793 1654 1831 superflua
1667 1793 1737 1831 qui-

1040 1842 1100 1872 bus
1123 1841 1221 1880 egeni
1249 1839 1450 1871 sustentandi
1480 1840 1608 1876 forent,
1637 1839 1735 1876 impie

1039 1887 1259 1924 sacrilegeque
1275 1885 1333 1915 sibi
1353 1884 1531 1921 retineant,
1556 1885 1590 1914 et
1612 1883 1646 1913 in
1661 1892 1735 1914 usus

1039 1941 1104 1962 suae
1131 1932 1290 1970 superbiae
1315 1932 1412 1968 atque
1445 1929 1586 1959 luxuriae
1615 1929 1734 1959 victum

1039 1985 1220 2015 pauperum
1242 1983 1434 2006 consumere
1456 1983 1521 2004 non
1541 1975 1732 2011 vereantur,

1038 2023 1160 2061 duplici
1186 2022 1330 2061 profecto
1346 2021 1520 2059 iniquitate
1546 2021 1735 2058 peccantes,

1038 2068 1124 2106 quod
1140 2069 1172 2097 et
1193 2068 1300 2097 aliena
1320 2067 1503 2105 diripiunt,
1527 2068 1560 2096 et
1582 2065 1679 2096 sacris
1703 2065 1735 2094 in

1038 2115 1105 2144 suis
1120 2113 1322 2144 vanitatibus
1335 2113 1368 2143 et
1382 2111 1645 2151 turpitudinibus
1659 2111 1735 2142 ahu-

1038 2161 1164 2190 tuntur.

1077 2203 1733 2242 15.Talibuserg0cumimpraesentiarum

1037 2259 1169 2288 parcere
1194 2258 1231 2280 ac
1256 2250 1424 2287 misereri,
1453 2257 1495 2279 ne
1522 2250 1555 2278 in
1580 2250 1733 2279 aeternum

1037 2297 1163 2334 parcat,
1186 2295 1279 2333 cujus
1303 2295 1427 2334 judicia
1453 2296 1587 2332 abyssus
1611 2293 1733 2331 mulla,

1036 2341 1219 2372 advertitur
1248 2349 1255 2370 ε
1283 2341 1356 2379 quis
1385 2341 1446 2370 hoc
1484 2341 1555 2370 loco
1591 2339 1731 2377 requiem

1036 2387 1178 2426 quaerat?
1192 2387 1297 2416 Habet
1315 2387 1384 2416 haec
1398 2386 1483 2417 visio
1497 2387 1670 2416 tremorem
1681 2384 1732 2421 Ju-

1037 2433 1134 2471 dicii,
1152 2441 1215 2463 non
1230 2433 1440 2463 securitatem
1455 2431 1612 2462 cubiculi.
1626 2429 1732 2459 Terri-

1036 2479 1111 2508 bilis
1134 2480 1184 2508 est
1208 2479 1297 2508 locus
1327 2477 1408 2515 iste,
1432 2478 1467 2507 et
1491 2477 1592 2507 totius
1616 2471 1731 2512 expers

1037 2525 1168 2563 quietis.
1188 2525 1286 2554 Totus
1308 2523 1478 2561 inhorrui,
1500 2522 1527 2553 si
1549 2520 1675 2560 quando
1697 2520 1728 2548 in

1037 2579 1112 2601 eum
1126 2571 1239 2609 raptus
1254 2578 1324 2599 sum
1335 2592 1343 2607 ,
1358 2569 1447 2599 illam
1462 2567 1547 2607 apud
1559 2574 1610 2596 me
1630 2565 1730 2603 repli-

1037 2625 1112 2647 cans
1136 2625 1211 2646 cum
1233 2617 1373 2646 tremore
1398 2613 1591 2645 sententiam
1623 2619 1630 2639 :
1658 2611 1729 2649 Quis

1037 2664 1110 2699 scit,
1134 2665 1159 2691 si
1173 2664 1215 2693 cst
1237 2663 1344 2700 diffinis
1367 2669 1488 2697 autore,
1505 2667 1545 2689 cm
1560 2655 1646 2688 odio?
1666 2657 1727 2686 Mc
