1846 3078
508 221 553 249 IN
575 222 779 251 CANTICA
802 222 953 250 SERMO
979 223 1158 253 XXXVII.

1507 235 1565 264 277

148 273 195 303 eis
210 272 270 304 hac
281 272 352 305 vice
362 281 502 312 morem,
517 276 549 305 et
560 276 645 313 quod
655 276 842 306 continuan—
875 274 987 305 dinem
1011 277 1066 315 qui
1083 277 1212 308 dicebat
1228 287 1236 307 :
1252 281 1403 313 Seminate
1426 286 1508 317 vobis
1529 289 1569 317 aa

147 318 223 348 dum
244 319 326 349 ratio
356 319 524 357 exigebat,
554 329 665 350 eorum
686 321 818 351 caritate
832 342 841 358 ,
867 323 1042 359 justitiam,
1057 325 1158 353 metite
1179 332 1260 361 spem
1275 327 1361 364 viloe3
1377 330 1409 358 et
1423 331 1498 360 tunc
1514 332 1568 361 de-

145 364 310 401 pendente
326 363 403 394 licet
415 364 650 404 disputatione,
666 366 840 404 partimur,

146 409 304 439 facientes
314 409 411 440 finem
421 432 430 447 ,
442 411 500 440 ubi
511 419 575 440 non
589 412 659 441 erat
676 412 759 442 finis.
777 411 841 449 Ipsi

143 461 223 483 vero
237 463 334 492 super
347 455 408 484 sibi
423 456 506 486 facta
522 457 724 494 indulgentia
735 457 842 486 nobis·

142 507 218 528 cum
239 500 418 536 glorificent
434 510 585 540 sponsum
600 503 751 532 Ecclesiae
763 523 772 539 ,
788 502 842 531 Je—

141 552 214 573 sum
229 545 390 576 Christum
412 548 586 577 Dominum
607 548 769 584 nostrum,
785 548 840 585 qui

143 590 193 618 est
215 599 314 628 super
339 593 447 622 omnia
475 594 561 624 Deus
589 593 782 624 benedictus
804 592 839 623 in

142 637 279 675 saecula,
294 645 401 668 amen.

433 699 531 707 ——-

289 749 456 782 SERMO
487 749 686 781 XXXVII.

142 815 183 839 De
205 815 310 846 duplici
334 817 432 840 notitia
443 833 450 846 ‚
473 819 500 840 et
527 817 632 847 duplici
659 816 816 847 ignorantia
829 824 835 846 ;

200 850 291 881 deque
304 852 382 875 malis
395 859 442 876 seu
456 851 563 876 damnis
574 859 639 883 quae
651 853 776 882 pariunt.

180 911 194 940 l
203 933 210 941 .
223 912 314 943 PUTo
326 921 389 943 non
405 914 561 944 habemus
572 923 660 946 nunc
673 925 752 954 opus
762 917 837 947 hor-

140 958 202 987 tari
218 958 256 988 ad
271 959 470 997 vigilandum
481 983 489 998 ,
514 969 586 990 cum
604 962 722 1000 absque
738 963 835 992 dubio

139 1011 243 1033 sermo
258 1004 313 1034 ille
326 1005 563 1042 suggillatorius
577 1006 710 1045 vigilet,
723 1008 835 1046 utpote

139 1049 243 1079 adhuc
251 1051 439 1088 recens,qui
448 1051 519 1081 heri
532 1060 548 1081 a
561 1052 653 1081 nobis
665 1053 834 1083 caritative

139 1096 282 1133 prolatus
298 1118 307 1134 ,
334 1096 417 1126 bene
448 1097 571 1135 aliquos
604 1099 833 1137 expergefecit.

138 1141 219 1179 Ergo
234 1141 353 1171 tenetis
371 1142 525 1171 memoria
545 1143 628 1180 quod
642 1144 770 1173 teneam
788 1153 833 1174 as-

137 1194 270 1215 sensum
284 1188 446 1225 vestrum,
461 1188 625 1217 neminem
646 1189 764 1226 absque
784 1191 833 1219 sui

139 1232 319 1269 cognitione
347 1233 463 1262 salvari
491 1242 498 1262 :
524 1233 564 1263 de
591 1242 653 1271 qua
678 1234 834 1265 nimirum

139 1277 241 1307 mater
252 1278 364 1308 salutis
375 1278 540 1308 humilitas
553 1279 672 1317 oritur,
690 1280 723 1309 et
738 1280 835 1310 timor

138 1322 284 1360 Domini,
304 1323 361 1361 qui
385 1324 419 1353 et
439 1323 507 1362 ipse
530 1323 614 1354 sicut
633 1325 764 1354 initium
785 1334 834 1355 sa-

139 1367 290 1406 pientiae,
311 1369 357 1398 ita
382 1369 430 1398 est
445 1369 478 1398 et
501 1369 624 1399 salutis.
639 1371 738 1399 Nemo
763 1370 834 1400 dico

139 1413 260 1451 absque
288 1414 344 1444 illa
375 1414 558 1453 cognitione
586 1415 747 1453 salvatur,
777 1416 833 1454 qui

138 1458 247 1487 tamen
279 1459 406 1489 aetatem
436 1459 554 1489 habeat
584 1467 620 1489 ac
648 1459 833 1490 facultatem

138 1504 358 1542 cognoscendi.
395 1504 488 1542 Quod
518 1505 651 1542 propter
681 1507 833 1543 parvulos

137 1549 261 1588 loquor,
280 1550 313 1580 et
326 1551 458 1588 propter
480 1550 602 1587 fatuos,
617 1559 755 1588 quorum
771 1552 832 1581 alia

135 1594 217 1623 ratio
233 1594 294 1627 est.
307 1592 392 1632 Quid
413 1595 439 1625 si
455 1594 582 1633 ignoras
602 1591 727 1625 Deum?
741 1596 833 1626 Pote-

134 1640 220 1669 ritne
245 1649 318 1678 spes
339 1648 408 1670 esse
430 1641 542 1670 salutis
563 1648 637 1670 cum
658 1640 719 1670 Dei
740 1641 833 1678 igno-

134 1685 259 1715 rantia?
271 1686 316 1716 Ne
332 1686 393 1715 hoc
404 1685 548 1723 quidem.
564 1686 627 1715 Nec
640 1686 727 1715 enim
742 1686 833 1724 potes

136 1731 192 1760 aut
216 1739 324 1761 amare
347 1739 443 1769 quem
467 1730 610 1768 nescias,
633 1732 688 1760 aut
712 1732 832 1761 habere

134 1783 231 1813 quem
255 1784 320 1805 non
344 1776 513 1806 amaveris.
538 1776 671 1806 Noveris
695 1776 831 1814 proinde

134 1821 166 1850 te
176 1843 185 1859 ,
199 1822 236 1851 ut
246 1822 349 1851 Deum
360 1821 476 1851 timeas
491 1829 500 1850 z
516 1821 645 1851 noveris
658 1821 761 1859 ipsum
772 1843 781 1859 ,
797 1822 831 1851 ut

135 1874 224 1904 teque
244 1867 349 1904 ipsum
372 1867 497 1905 diligas.
519 1867 554 1895 In
570 1867 670 1896 altero
692 1867 832 1896 initiaris

133 1912 174 1941 ad
197 1912 413 1951 sapientiam,
438 1913 473 1941 in
498 1912 599 1942 altero
625 1912 659 1942 et
683 1921 831 1942 consum-

132 1957 230 1987 maris
250 1966 258 1987 :
281 1957 357 1996 quia
381 1957 512 1987 initium
540 1957 707 1995 sapientiae
734 1958 831 1988 timor

132 2002 262 2039 Domini
287 2003 353 2040 est,
370 2003 404 2032 et
424 2002 595 2041 plenitudo
616 2003 698 2041 legis
712 2004 761 2033 est
778 2012 832 2034 ca-

131 2046 220 2076 ritas.
235 2047 313 2076 Tam
337 2055 411 2085 ergo
426 2048 561 2085 utraque
577 2048 757 2084 ignorantia
778 2057 830 2078 ca-

132 2091 238 2121 venda
260 2092 309 2122 est
332 2092 414 2130 tibi,
436 2100 532 2130 quam
559 2093 629 2121 sine
655 2093 771 2122 timore
798 2095 830 2124 et

132 2144 239 2167 amore
254 2137 314 2167 Dei
330 2138 415 2168 salus
426 2145 494 2167 esse
507 2145 571 2166 non
582 2138 698 2175 potest.
709 2139 829 2169 Caetera

129 2181 348 2213 indifferentia
357 2184 450 2220 sunt,
458 2191 519 2212 nec
531 2183 683 2220 salutem,
694 2183 718 2212 si
729 2184 830 2213 scian-

129 2228 202 2266 tur;
217 2236 277 2258 nec
293 2228 550 2267 damnationem,
572 2228 601 2260 si
620 2228 827 2268 nesciantur,

131 2272 297 2303 habentia.

171 2318 202 2347 2.
212 2318 280 2347 Non
292 2318 401 2348 tamen
413 2317 484 2348 dico
496 2317 763 2349 contemnendam
773 2319 828 2349 aut

129 2363 356 2401 negligendam
367 2363 535 2394 scientiam
545 2363 727 2394 litterarum
737 2386 746 2402 ,
756 2373 828 2403 quae

132 2408 224 2437 ornat
240 2408 379 2438 animam
391 2431 400 2446 ,
417 2409 450 2438 et
465 2408 575 2438 erudit
590 2417 680 2447 eam,
697 2411 730 2439 et
751 2410 828 2440 facit

129 2453 168 2482 ut
188 2453 288 2491 possit
310 2454 407 2484 etiam
431 2454 509 2483 alios
524 2454 665 2484 erudire.
681 2454 745 2484 Sed
765 2455 827 2485 duo

128 2498 206 2537 illa,
222 2500 348 2537 oportet
372 2500 404 2529 et
420 2499 554 2538 expedit
569 2499 606 2529 ut
626 2500 826 2540 praecedant,

127 2543 165 2577 in
176 2544 293 2583 quibus
307 2552 465 2574 summam
480 2544 591 2574 salutis
605 2545 764 2576 constitui
773 2554 827 2576 su-

128 2590 239 2629 perior
252 2590 335 2621 ratio
357 2590 545 2621 declaravit.
562 2591 601 2620 Et
620 2591 696 2621 vide
721 2591 747 2621 si
762 2599 826 2622 non

128 2635 334 2674 intuebatur,
350 2637 383 2666 et
398 2637 423 2666 si
440 2644 504 2666 non
520 2635 655 2667 docebat
669 2637 756 2668 hunc
774 2645 826 2668 or-

874 375 962 396 mum
976 368 1146 398 illuminate
1159 369 1243 399 vobis
1252 389 1263 406 ,
1276 370 1342 408 ait,
1358 372 1457 402 lumen
1473 378 1568 405 scien-

874 413 934 442 tiae.
961 413 1113 443 Ultimam
1139 413 1248 452 posuit
1276 415 1459 455 scientiam,
1487 421 1568 449 tam-

874 465 969 495 quam
998 458 1176 497 picturam,
1200 468 1272 498 quae
1302 460 1420 490 statum
1449 463 1568 495 habere

874 504 1015 541 nequeat
1029 512 1127 542 super
1146 505 1241 534 inane
1259 514 1266 534 :
1283 506 1316 535 et
1340 505 1413 534 ideo
1435 507 1488 536 illa
1508 509 1569 538 duo

873 548 1029 584 praemisit
1050 550 1084 579 et
1105 549 1246 588 subjecit
1268 549 1337 587 illi,
1362 550 1522 587 tamquam
1543 553 1569 582 si

873 593 1012 623 solidum
1035 595 1157 633 aliquid
1179 595 1315 634 picturae
1339 595 1569 627 substerneret.

872 638 1007 668 Securus
1020 639 1086 676 jam
1099 641 1264 670 intendam
1276 640 1418 671 scientiae
1429 663 1438 678 ‚
1454 642 1481 670 si
1495 642 1571 672 vitae

871 683 960 720 prius
981 692 1040 721 per
1060 685 1257 715 beneficium
1279 686 1349 724 spei
1364 687 1569 716 securItatem

871 736 1037 767 accepero.
1052 731 1099 760 Tu
1111 739 1186 769 ergo
1199 731 1365 761 seminasti
1379 732 1439 761 tibi
1455 732 1493 761 ad
1503 731 1569 768 jus-

872 773 996 813 titiam,
1012 776 1039 804 si
1059 784 1101 806 ex
1115 784 1192 807 vera
1214 777 1330 807 notitia
1344 777 1394 806 tui
1409 777 1570 815 evigilasti

869 817 987 849 timere
1001 821 1105 851 Deum
1115 843 1125 859 ,
1139 822 1349 860 temetipsum
1370 822 1569 858 humiliasti,

870 862 983 894 fudisti
1010 866 1190 905 lacrymas,
1217 868 1436 905 eleemosynas
1459 867 1570 905 profu-

870 908 963 947 disti,
979 912 1168 950 caeterisque
1183 912 1215 942 te
1236 912 1367 950 pietatis
1389 913 1570 942 actionibus

869 955 1076 994 mancipasti,
1093 957 1119 986 si
1139 957 1274 995 jejuniis
1297 959 1330 987 et
1350 958 1472 996 vigiliis
1487 958 1569 987 affli-

869 1000 945 1030 xisti
957 1009 1089 1040 corpus,
1105 1002 1131 1032 si
1142 1004 1254 1041 pectus
1268 1003 1486 1041 tunsionibus,
1502 1012 1568 1033 coe-

869 1045 914 1075 los
930 1046 1122 1078 clamoribus
1146 1048 1299 1087 fatigasti.
1320 1050 1387 1078 Hoc
1408 1049 1566 1087 siquidem

868 1092 1026 1124 seminare
1043 1095 1092 1124 est
1105 1094 1144 1124 ad
1156 1094 1327 1132 justitiam.
1348 1096 1477 1125 Semina
1491 1095 1568 1125 sunt

869 1136 952 1167 bona
967 1147 1075 1177 opera,
1092 1140 1173 1169 bona
1186 1140 1308 1178 studia;
1326 1141 1450 1170 semina
1464 1141 1568 1178 lacry-

869 1190 927 1211 mae
945 1185 1030 1214 sunt.
1054 1185 1163 1223 Ibant,
1184 1186 1307 1223 inquit,
1324 1188 1351 1216 et
1368 1187 1482 1224 flebant
1496 1188 1567 1216 mil-

869 1229 959 1258 tentes
970 1231 1086 1259 semina
1096 1240 1165 1260 sua.
1176 1231 1237 1260 Sed
1252 1230 1353 1269 quid?
1366 1239 1495 1269 semper
1506 1231 1565 1261 sse-

868 1272 1076 1305 hunt3Absit.
1087 1275 1148 1305 Sed
1155 1278 1272 1307 venient
1285 1286 1352 1306 cum
1364 1277 1566 1307 exsultatione

865 1321 1022 1356 portantes
1047 1322 1220 1359 manipulos
1244 1332 1325 1352 suos.
1353 1322 1466 1351 Merito
1494 1331 1564 1352 cum

867 1366 1087 1403 exsultatione,
1108 1375 1180 1396 cum
1200 1367 1366 1406 reportant
1381 1368 1564 1405 manipulos

867 1409 986 1446 gloriae.
1012 1411 1050 1441 At
1070 1411 1173 1448 istud,
1196 1412 1320 1450 inquis,
1340 1412 1375 1441 in
1402 1420 1564 1443 resurrec-

869 1454 953 1485 tione
966 1456 1000 1485 111
1029 1457 1204 1486 novissimo
1230 1457 1302 1494 die,
1332 1458 1365 1486 et
1392 1458 1441 1488 est
1466 1458 1564 1488 nimis

867 1499 958 1537 longa
986 1502 1197 1539 exspectatio.
1222 1503 1293 1532 Noli
1314 1503 1422 1532 animo
1442 1503 1563 1542 frangi,

866 1545 932 1574 noli
947 1545 1085 1576 delicere
1100 1555 1118 1576 a
1132 1548 1399 1586 pusillanimitate
1412 1549 1562 1588 spiritus3

867 1591 964 1621 habes
992 1592 1124 1622 interim
1153 1593 1194 1623 de
1222 1594 1377 1632 primitiis
1406 1595 1537 1632 spiritus
1551 1617 1561 1633 ,

865 1636 950 1673 quod
962 1637 1001 1666 ad
1015 1646 1154 1676 praesens
1169 1638 1203 1668 in
1219 1639 1434 1669 exsultatione
1447 1641 1560 1671 metas.

865 1683 1037 1720 Seminate,
1053 1684 1117 1721 ait,
1129 1684 1213 1715 vobis
1227 1685 1447 1723 adjustitiam,
1462 1688 1562 1717 metite

864 1736 946 1765 spem
959 1729 1040 1758 vitoe.
1057 1729 1124 1758 Non
1145 1730 1177 1760 te
1192 1730 1285 1760 modo
1300 1730 1402 1760 mittit
1421 1731 1460 1760 ad
1475 1731 1559 1762 diem

865 1773 1072 1803 novissimum
1084 1796 1093 1812 ,
1108 1775 1235 1813 quando
1247 1784 1298 1805 res
1307 1775 1372 1812 jam
1387 1776 1449 1806 erit
1460 1776 1493 1805 in
1505 1786 1540 1806 re
1551 1799 1560 1814 ,

865 1818 897 1847 et
911 1819 1021 1848 nonin
1033 1828 1107 1858 spe3
1120 1821 1175 1850 sed
1190 1821 1229 1850 de
1243 1820 1394 1859 praesenti
1405 1821 1558 1860 loquitur.

863 1864 992 1894 Prorsus
1001 1873 1112 1904 magna
1118 1866 1231 1896 laetitia
1239 1866 1271 1896 et
1279 1867 1450 1897 exsultatio
1459 1868 1560 1899 multa

864 1908 978 1948 nimis,
992 1919 1065 1940 cum
1081 1911 1149 1941 vita
1161 1911 1302 1941 venerit.

902 1954 933 1983 5.
959 1954 1023 1984 Sed
1042 1956 1202 1993 numquid
1221 1956 1319 1986 tantae
1344 1957 1466 1987 laetitiae
1488 1966 1561 1998 spes

864 1999 928 2028 erit
952 1999 1022 2030 sine
1049 2000 1186 2031 laetitia?
1218 2003 1276 2040 Spe
1300 2004 1486 2041 qaudentes,
1514 2004 1561 2034 ait

863 2045 1040 2083 Apostolus.
1050 2046 1088 2075 Et
1101 2046 1204 2076 David
1215 2054 1278 2076 non
1290 2047 1471 2077 laetaturum
1481 2070 1490 2086 ,
1504 2049 1561 2078 sed

863 2091 999 2121 Ioelatam
1020 2099 1053 2121 se
1069 2091 1169 2129 dixit,
1184 2092 1270 2130 quod
1292 2092 1326 2121 in
1341 2092 1472 2122 domum
1496 2094 1562 2124 Do-

862 2136 941 2165 mini
953 2145 987 2166 se
999 2138 1145 2175 speraret
1159 2137 1290 2167 iturum.
1301 2138 1446 2167 Nondum
1459 2139 1561 2169 vitam

862 2181 1015 2220 tenebat,
1040 2182 1097 2212 sed
1110 2191 1202 2220 spem
1220 2183 1363 2221 profecto
1378 2183 1453 2214 vitae
1474 2192 1561 2214 mes-

861 2227 986 2265 suerat3
997 2227 1092 2265 atque
1103 2227 1137 2257 in
1149 2229 1322 2266 semetipso
1330 2229 1561 2266 experiebatur

862 2272 1033 2302 veritatem
1057 2274 1224 2311 scripturae
1243 2273 1463 2313 perhibentis,
1485 2275 1560 2313 quia

860 2326 923 2347 non
934 2318 1027 2347 modo
1036 2319 1254 2349 remuneratio
1264 2341 1273 2357 ,
1285 2319 1342 2349 sed
1354 2319 1421 2357 ipsa
1432 2328 1559 2358 quoque

860 2365 1043 2402 exspectatio
1056 2365 1213 2402 justorum
1228 2366 1344 2396 laetz'tia.
1370 2365 1458 2394 Hanc
1474 2365 1559 2402 parit

860 2409 894 2438 111
914 2409 1021 2438 animo
1044 2409 1151 2448 illius,
1176 2410 1231 2448 qui
1253 2410 1315 2440 sibi
1339 2409 1378 2439 ad
1400 2409 1557 2446 justitiam

860 2454 1049 2494 seminavit,
1064 2455 1259 2493 praesumpta
1285 2453 1484 2491 indulgentia
1499 2453 1557 2482 de-

861 2500 1031 2530 lictorum:
1047 2500 1074 2530 si
1086 2500 1194 2530 tamen
1207 2500 1308 2538 ipsam
1323 2497 1556 2535 indulgentiam

859 2547 1001 2577 efficacia
1026 2547 1197 2577 attestatur
1218 2546 1358 2583 acceptae
1380 2543 1491 2582 gratiae
1515 2543 1556 2574 ad

859 2593 1035 2623 vivendum
1055 2592 1195 2623 sanctius
1216 2591 1379 2628 deinceps.
1396 2588 1506 2619 Omnis
1522 2588 1555 2618 in

858 2638 949 2669 vobis
971 2638 1027 2676 qui
1050 2638 1119 2667 haec
1142 2635 1242 2667 sentit
1260 2634 1344 2665 intra
1359 2642 1392 2664 se
1409 2632 1550 2667 actitari,
