1830 3073
283 231 326 263 23

282 295 416 318 necesse
431 288 492 327 est,
508 289 541 320 et
557 287 716 319 curiosius
732 288 894 319 exteriora
906 294 982 317 con-

283 333 424 372 sideret,
444 334 500 373 qui
515 334 561 365 sic
577 334 706 364 interna
721 333 877 371 despicit,
897 340 983 370 prae-

283 379 382 409 terita
398 387 464 409 non
478 378 631 419 respicit,
656 379 829 417 praesentia
848 385 913 408 non
934 377 983 406 in-

282 423 398 463 spicit,
420 424 528 455 futura
542 434 606 455 non
623 425 790 463 prospicit.
807 423 983 454 Evidenter

283 470 418 507 proinde
439 470 618 501 curiositati
640 470 747 500 Pietas
772 468 980 505 adversatur,

283 515 317 545 et
332 523 430 553 quem
446 516 503 545 illa
517 523 535 546 a
551 515 646 545 corde
663 515 788 552 evocat,
804 513 867 543 ista
888 521 983 543 revo-

283 561 345 590 cat.
361 561 519 591 Nimirum
535 560 640 599 pietas
654 559 709 589 illa
725 560 774 589 est
788 559 895 589 cultus
909 560 980 597 Dei3

282 607 316 636 et
329 606 362 636 in
377 607 471 636 corde
484 606 611 643 colitur,
626 605 682 642 qui
695 605 729 634 in
739 604 833 635 corde
850 613 982 643 cognos-

284 649 370 680 citur
398 650 556 679 habitare.
580 650 667 679 Parit
687 651 797 679 autem
813 649 981 680 curiositas

285 695 524 733 experientiam
548 694 644 731 mali,
669 695 707 724 ut
725 694 821 725 facile
842 694 900 733 qui
923 703 983 732 per

282 740 383 769 multa
399 740 548 778 vagatur,
563 739 717 777 offendat,
732 738 828 770 facile
843 739 937 770 cadat
948 739 980 769 in

282 785 454 822 laqueum,
469 784 567 814 facile
590 784 738 814 inveniat
759 785 846 824 quod
869 786 982 823 perni-

282 830 368 859 ciose
391 829 543 860 delectet.
559 830 710 869 Confligit
729 838 807 861 sane
828 830 982 861 adversus

282 875 365 904 hanc
381 874 534 905 Scientiae
551 875 704 913 spiritus,
724 876 843 906 docens
859 876 980 914 eligere

281 920 412 957 honum,
428 920 602 958 reprobare
617 922 757 959 malum3
772 921 890 951 docens
904 922 981 960 quid

280 963 496 1002 periculosum
507 965 566 1005 sit,
581 967 703 1006 quidve
716 967 869 1006 expediat
882 975 980 1007 expe-

282 1018 352 1039 riri.
957 1041 961 1049 ,

318 1056 349 1084 5.
360 1055 593 1086 Verumtamen
608 1055 759 1087 inmultis
770 1057 836 1094 jam
853 1055 888 1087 in
903 1066 982 1088 con-

278 1101 514 1138 cupiscentiam
528 1101 736 1140 experientia
744 1102 881 1132 transire
891 1103 981 1132 vide-

278 1147 344 1176 tur.
359 1147 466 1177 Habes
481 1147 540 1176 hos
558 1148 674 1185 gradus
687 1148 722 1176 in
745 1148 827 1177 Dina
846 1148 912 1177 filia
927 1149 981 1178 Ja-

278 1192 351 1229 cob,
368 1200 464 1230 quam
476 1192 645 1230 nimirum,
661 1193 700 1222 ad
714 1193 981 1223 videndumalie-

277 1236 410 1275 nigcnas
426 1238 582 1269 mulieres
598 1247 770 1276 egressam,
785 1240 880 1269 Emor
895 1239 980 1269 filius

278 1282 406 1312 Sichem
423 1284 580 1321 rapuisse,
596 1285 791 1322 corrupisse,
807 1293 844 1314 ac
861 1285 978 1315 deinde

276 1327 403 1358 tristem
419 1329 587 1359 blanditiis
602 1330 756 1360 delinisse
777 1330 896 1367 legitur
907 1352 916 1367 ,
933 1331 977 1361 ita

277 1373 314 1402 ut
330 1373 418 1403 illius
437 1374 553 1404 animae
574 1375 681 1404 anima
703 1375 774 1412 ejus
793 1376 976 1406 adhaeserit.

281 1417 358 1447 Dico
371 1418 481 1448 autem
496 1419 531 1448 in
543 1419 839 1458 concupiscentiam
850 1441 860 1457 ,
876 1421 928 1459 et,
943 1422 980 1451 ut

277 1464 437 1501 Propheta
457 1464 626 1503 meminit,
642 1465 677 1494 in
697 1465 851 1495 affectum
873 1466 980 1497 cordis

277 1510 433 1539 transisse
448 1509 614 1539 hominem
637 1510 692 1548 qui
708 1510 814 1548 legem
834 1511 977 1549 sprevit,

279 1555 482 1585 honestatem
504 1555 644 1593 abjecit,
666 1556 820 1586 valefecit
845 1557 976 1594 pudori:

277 1599 427 1629 timorem
440 1600 549 1631 autem
563 1601 693 1630 Domini
708 1601 840 1639 penitus
850 1602 981 1631 transsi-

277 1645 346 1681 liit3
362 1646 495 1684 soloque
507 1646 642 1677 vehitur
656 1647 817 1685 appetitu,
833 1647 980 1686 sequitur

278 1691 575 1728 concupiscentIam
605 1692 723 1730 solam,
750 1692 817 1722 sola
840 1693 980 1722 trahitur

278 1737 460 1775 voluptate,
476 1739 511 1767 et
525 1738 574 1767 est
590 1738 676 1775 apud
691 1746 766 1767 eum
780 1746 837 1777 pro
852 1739 978 1770 ratione

280 1782 442 1812 voluntas.
460 1783 575 1812 Contra
594 1783 676 1813 hanc
696 1783 796 1821 igitur
810 1785 980 1822 concupis-

276 1827 416 1857 centiam
431 1828 509 1857 mali
528 1828 662 1859 dimicat
674 1829 840 1859 FortItudo
852 1838 860 1858 ε
872 1838 978 1868 neque

278 1872 365 1902 enim
380 1874 447 1903 ulla
460 1874 610 1911 jam,nisi
629 1874 664 1904 in
679 1875 877 1913 manuforti,
894 1876 979 1906 libe-

278 1918 358 1948 ratio
369 1919 428 1949 est.
438 1919 563 1949 Iudicat
575 1920 636 1949 sihi
652 1921 747 1950 homo
758 1920 894 1958 jejunia,
909 1930 980 1951 cor-

278 1972 337 2000 pus
359 1966 495 2003 castiget
515 1967 548 1996 et
567 1966 720 2003 subjiciat
739 1967 914 2003 servituti,
937 1975 978 1996 ne

278 2009 359 2040 forte
373 2011 439 2047 jam
455 2011 495 2041 de
520 2011 630 2042 radice
645 2012 771 2041 colubri
794 2011 979 2049 egrediatur

279 2057 424 2093 regulus,
437 2056 476 2086 de
493 2057 754 2096 concupiscentia
767 2058 977 2087 consuetudo.

278 2101 554 2136 Quemadmodum
567 2104 653 2133 enim
666 2103 784 2133 misera
798 2103 938 2133 nimium
947 2104 980 2133 et

278 2146 471 2177 miserabilis
485 2149 627 2178 humana
641 2149 797 2187 fragilitas
815 2149 887 2179 sine
902 2157 979 2187 pru-

276 2191 344 2220 ritu
354 2194 636 2231 concupiscentiae,
648 2195 702 2224 aut
716 2195 843 2233 impetu
855 2194 979 2224 deside-

277 2237 339 2273 rii,
362 2238 427 2266 sola
452 2240 686 2270 consuetudine
710 2241 779 2279 ipsa
804 2240 844 2270 ad
864 2240 979 2270 illicita

279 2282 439 2320 trahatur,
459 2284 584 2313 utinam
604 2285 754 2315 omnibus
769 2285 866 2316 liceat
886 2285 980 2323 igno-

277 2335 361 2357 rare.
370 2328 527 2358 Nimirum
537 2331 706 2367 peccatum
718 2330 852 2368 faciens,
867 2339 979 2361 servus

278 2373 327 2402 cst
352 2374 497 2411 peccati,
521 2382 634 2405 servus
657 2376 754 2414 plane
776 2376 917 2413 diaboli,
939 2376 979 2405 ad

277 2426 376 2456 prava
392 2427 527 2457 quaeque
542 2421 639 2457 prout
655 2421 796 2451 trahitur
822 2429 978 2459 sequens,

277 2472 293 2491 a
307 2471 369 2500 quo
386 2464 541 2493 nimirum
561 2465 708 2503 captivus
724 2466 865 2503 tenetur,
878 2466 917 2495 ad
927 2466 979 2505 ip-

277 2508 345 2538 sius
359 2509 572 2539 voluntatem.

319 2552 349 2581 [ι.
367 2553 420 2584 Est
439 2555 550 2584 autem
564 2555 762 2585 consuetudo
778 2555 847 2585 haec
872 2557 979 2593 gravis

279 2599 426 2634 quaedam
441 2600 474 2630 et
484 2600 665 2638 perniciosa
679 2601 806 2638 catena,
825 2602 977 2631 solvenda

281 2644 393 2683 utiquc
406 2644 543 2684 facilius,
553 2653 650 2685 quarn
662 2646 861 2685 rumpenda:
878 2647 913 2678 ut
925 2646 976 2676 hic
996 2667 998 2672 f

745 235 775 263 S.
797 233 1028 264 BERNARDI
1048 234 1240 265 ABBA'I'IS

1015 287 1158 319 maxime
1173 290 1306 328 vulgare
1331 289 1414 323 illud
1434 291 1648 331 proverbium
1664 291 1721 323 vi-

1015 331 1130 363 deatur
1144 337 1312 375 usurpari,
1332 337 1527 369 Industriam
1549 339 1715 370 violentia

1014 377 1174 413 potiorem
1202 388 1211 409 ι
1240 381 1278 410 ut
1303 383 1575 420 quemadmodum
1603 384 1654 414 vis
1680 383 1714 413 vi

1013 422 1184 460 repellitur
1198 446 1208 461 ‚
1236 425 1269 455 et
1292 425 1420 459 fervore
1444 429 1578 467 spiritus
1606 428 1715 459 fervor

1014 468 1233 507 exstinguitur
1247 470 1498 512 desideriorum3
1518 475 1565 506 sic
1580 474 1713 512 maligni

1013 512 1116 543 artem
1129 515 1197 545 arte
1205 514 1350 554 deludas,
1360 518 1392 547 et
1401 519 1627 550 consuetudini
1636 520 1715 550 Con-

1013 557 1122 588 silium
1144 567 1300 599 opponas.
1320 562 1474 601 Alioquin
1494 564 1522 594 si
1540 564 1623 595 forte
1642 564 1715 595 rio-

1013 603 1148 635 lentiam
1163 614 1309 645 quaeras,
1333 608 1367 638 et
1380 607 1624 646 castigationem
1642 618 1715 640 cor-

1012 650 1100 687 poris
1125 659 1237 689 speres
1263 653 1491 684 consuetudini
1511 656 1712 692 praevalere,

1012 694 1196 726 timendum
1212 698 1343 728 omnino
1361 700 1411 730 est
1427 707 1470 729 ne
1494 699 1537 729 sit
1550 700 1713 737 pernicio-

1012 747 1065 770 sus
1079 741 1188 780 labor,
1203 743 1237 773 et
1249 743 1341 781 prius
1356 743 1425 782 ipsa
1440 743 1618 774 substantia
1633 744 1714 774 defi-

1013 785 1088 824 ciat,
1101 795 1199 825 quam
1215 788 1329 819 inolita
1344 789 1616 827 concupiscentia,
1631 797 1713 829 prae-

1011 831 1124 861 sertim
1139 833 1225 870 quod
1247 835 1348 864 altera
1368 835 1516 872 quaedam
1535 835 1651 864 natura
1669 835 1715 865 sit

1015 875 1084 913 ipsa
1112 879 1322 909 consuetudo.
1351 880 1574 910 Necessarium
1601 880 1711 918 itaque

1012 922 1061 951 est
1081 923 1272 962 consilium,
1291 925 1346 955 vel
1366 925 1406 955 ab
1421 925 1490 964 ipso
1505 925 1613 963 magni
1635 933 1713 955 con-

1011 967 1077 997 silii
1091 970 1211 1006 Angelo
1222 970 1454 1008 ministratum,
1463 971 1516 1001 vel
1529 970 1569 1000 ab
1581 971 1712 1001 homine

1011 1012 1120 1051 aliquo
1143 1015 1328 1053 spirituali,
1351 1015 1407 1054 qui
1428 1015 1641 1053 cogitationes
1661 1024 1712 1046 sa-

1010 1059 1112 1095 tanae,
1130 1061 1375 1099 spiritualiaque
1386 1061 1531 1091 remedia
1544 1069 1609 1090 non
1623 1061 1713 1099 igno-

1012 1103 1074 1132 ret.
1092 1103 1319 1133 subtrahenda
1343 1105 1437 1134 nohis
1451 1105 1577 1134 occasio
1594 1106 1662 1142 est,
1678 1106 1713 1135 et

1011 1149 1234 1185 opportunitas
1242 1149 1393 1188 fugienda
1401 1150 1538 1188 peccati.
1549 1149 1711 1189 Legimus,

1010 1193 1156 1231 Fratres,
1175 1195 1210 1224 in
1230 1203 1339 1225 eremo
1358 1195 1580 1225 fornicationis
1595 1195 1712 1234 spiritu

1011 1239 1153 1275 graviter
1175 1240 1361 1278 quempiam
1381 1240 1625 1278 impugnatum,
1640 1241 1712 1270 lau-

1009 1282 1111 1312 dabili
1123 1291 1252 1321 prorsus
1259 1284 1414 1314 industria
1422 1292 1439 1313 a
1448 1284 1540 1314 Patre
1551 1285 1709 1314 curatum.

1011 1327 1179 1358 Advocans
1194 1329 1283 1358 enim
1296 1329 1403 1358 senior
1417 1328 1552 1358 fratrem
1573 1329 1710 1359 alterum

1009 1373 1146 1412 secreto,
1155 1373 1251 1410 jussit
1264 1374 1301 1404 ut
1313 1374 1463 1403 eumdem
1475 1374 1650 1405 lacesseret
1661 1375 1712 1404 in-

1007 1417 1102 1453 juriis
1113 1427 1122 1456 ς
1132 1420 1164 1448 et
1172 1419 1260 1457 prior
1275 1419 1361 1457 ipse,
1376 1418 1467 1457 quasi
1479 1419 1612 1457 accepta
1620 1419 1660 1448 ab
1673 1427 1711 1449 eo

1009 1463 1127 1500 injuria
1137 1486 1146 1502 ,
1159 1466 1362 1503 quereretur.
1373 1464 1572 1495 Anxiabatur
1585 1464 1641 1494 ille
1652 1486 1661 1502 ‚
1677 1465 1711 1494 et

1009 1509 1160 1540 confusus
1175 1511 1398 1548 vehementer,
1413 1511 1459 1540 sic
1474 1510 1508 1540 in
1519 1510 1613 1540 brevi
1627 1511 1712 1541 obli-

1009 1554 1060 1584 tus
1076 1556 1125 1586 est
1137 1556 1281 1594 pristinae
1293 1556 1491 1593 tentationis,
1507 1557 1545 1586 ut
1559 1557 1710 1594 querenti

1010 1603 1051 1633 de
1077 1610 1115 1632 ea
1138 1610 1203 1633 non
1230 1603 1301 1633 sine
1332 1602 1547 1633 admiratione
1569 1602 1710 1641 plurima

1009 1649 1220 1688 responderet
1237 1658 1244 1677 ε
1261 1648 1371 1686 Papae!
1392 1648 1507 1679 vivere
1531 1655 1596 1678 non
1611 1647 1708 1685 licet,

1011 1697 1044 1726 et
1058 1695 1210 1725 fornicari
1228 1693 1367 1723 liberet?

1049 1742 1079 1771 5.
1094 1740 1158 1770 Sed
1173 1740 1255 1769 forte
1271 1740 1410 1769 necdum
1425 1737 1517 1769 venit
1532 1739 1586 1769 cui
1603 1737 1709 1768 victo-

1009 1785 1058 1817 ria
1070 1785 1209 1824 reposita
1219 1785 1280 1823 est,
1289 1793 1385 1823 quem
1397 1784 1582 1822 triumphus
1589 1784 1710 1822 manet,

1009 1832 1063 1862 cui
1085 1840 1202 1862 corona
1218 1831 1375 1868 debetur,
1392 1830 1426 1860 et
1446 1830 1650 1868 contemptus
1668 1837 1710 1859 ex

1010 1877 1244 1908 consuetudine
1257 1876 1365 1915 prodit
1381 1884 1388 1904 :
1402 1876 1438 1905 ut
1454 1876 1543 1905 tanto
1557 1875 1710 1912 liberius,

1010 1924 1130 1961 quanto
1145 1922 1346 1960 desperatius
1371 1928 1528 1958 peccans,
1543 1920 1625 1950 totas
1644 1920 1711 1957 jam

1010 1968 1280 2006 concupiscentiae
1295 1967 1386 1996 laxet
1400 1966 1554 2004 habenas,
1570 1965 1637 1995 toto
1653 1965 1714 1995 im-

1010 2015 1088 2052 petu
1101 2014 1222 2044 feratur
1237 2013 1272 2042 in
1287 2020 1444 2050 praecepS,
1459 2011 1544 2041 sicut
1555 2012 1711 2050 scriptum

1012 2061 1084 2089 est:
1107 2060 1273 2096 Peccator,
1297 2066 1365 2087 cnm
1385 2057 1501 2087 venerit
1527 2057 1560 2086 in
1579 2056 1712 2094 profun-

1010 2106 1082 2135 dum
1105 2105 1260 2135 malorum
1272 2125 1282 2139 ,
1309 2103 1485 2133 contenmit.
1513 2102 1607 2131 Hunc
1637 2109 1711 2139 ergo

1012 2150 1235 2187 contemptum
1250 2156 1381 2178 necesse
1400 2148 1449 2177 est
1462 2146 1498 2177 ut
1512 2146 1645 2185 spiritus
1660 2147 1713 2176 ln-

1012 2196 1161 2226 tellectus
1170 2195 1350 2233 impugnet,
1362 2193 1550 2223 illuminans
1561 2192 1712 2222 tenebras

1011 2241 1128 2278 cordis,
1141 2241 1173 2270 et
1186 2242 1293 2270 lucem
1305 2239 1422 2269 divinae
1434 2236 1666 2267 misericordiae
1679 2237 1711 2266 et

1011 2286 1145 2324 copiosae
1161 2283 1380 2314 miserationis
1400 2282 1589 2312 infundens.
1613 2281 1713 2311 Intel-

1012 2330 1146 2367 ligentia
1161 2337 1279 2367 nempe
1296 2327 1418 2358 divinis
1431 2327 1465 2356 et
1479 2324 1647 2356 altissimis
1659 2333 1713 2355 re-

1012 2376 1071 2405 bus
1082 2374 1292 2405 attribuenda
1306 2373 1373 2411 est,
1388 2380 1468 2411 quas
1485 2370 1618 2410 quidem
1629 2371 1712 2400 ratio

1012 2422 1152 2451 humana
1166 2420 1351 2449 nullatenus
1362 2440 1371 2456 ,
1388 2417 1523 2447 difficile
1536 2417 1645 2446 autem
1660 2415 1712 2446 vei

1012 2467 1091 2496 fides
1107 2466 1177 2504 ipsa
1189 2464 1466 2503 comprehendere
1480 2462 1597 2501 possit,
1613 2463 1649 2491 ut
1665 2463 1713 2491 est

1011 2511 1117 2541 illud:
1138 2511 1196 2542 Ubi
1219 2511 1387 2541 abundavit
1406 2510 1564 2544 delictum,
1584 2516 1712 2546 supera-

1012 2557 1157 2586 bundarit
1174 2556 1201 2585 et
1213 2557 1326 2594 qratia.
1558 2580 1561 2582 t

1052 2601 1082 2631 6.
1095 2602 1164 2630 Jain
1180 2601 1206 2630 si
1224 2600 1424 2638 contemptus
1449 2597 1646 2637 perstiterit,
1663 2604 1714 2627 ac-

1013 2646 1127 2676 cedere
1140 2654 1272 2677 ncccssc
1285 2646 1331 2678 est
1345 2643 1558 2683 eimaliticm5
1574 2645 1711 2682 utquam
