1846 3078
538 229 584 257 IN
608 226 809 265 oANTch
834 225 982 254 SERMO
1006 225 1165 254 LXXVI.

137 294 251 317 revera
266 285 356 316 iilam
371 282 497 322 recepit
513 291 530 313 a
547 283 640 313 Patre
657 282 756 312 Filius
771 281 836 311 cla-

137 332 270 363 ritatem
282 353 292 370 ,
317 330 370 361 cui
385 338 448 359 non
464 329 586 367 poterit
607 328 721 359 similis
743 327 835 356 inve-

136 378 224 414 niri,
252 385 294 406 ne
327 376 363 405 in
388 374 576 405 coelestibus
602 373 748 412 quidem.
777 371 836 401 Cui

137 422 226 452 enim
237 420 409 459 aliquando
424 420 619 458 Angelorum
635 418 758 449 dictum
774 418 834 454 est,

136 469 209 499 Sede
232 477 254 497 a
275 468 392 497 dextris
413 465 509 496 meis?
523 466 591 495 Non
614 464 708 494 modo
726 463 836 493 autem

138 513 178 544 de
193 520 328 543 numero
343 512 536 550 Angelorum
550 532 559 548 ,
579 511 637 541 sed
649 517 710 539 nec
725 509 765 539 de
782 517 836 538 su-

137 558 319 598 perioribus
347 557 480 596 quidem
507 556 642 594 reliquis
667 555 836 585 beatorum

137 603 302 634 ordinibus
314 603 444 632 omnino
456 602 528 640 quis
539 602 687 640 repertus
702 600 837 630 idoneus

138 649 186 680 est
209 649 251 679 ad
265 649 495 687 capessendam
516 646 836 686 superexcellentem

136 694 220 724 hanc
260 694 408 733 glorIam.
435 693 483 723 Ad
514 693 679 722 neminem
706 698 836 729 prorsus

135 740 266 770 illorum
282 740 365 769 facta
384 740 433 769 est
448 747 511 769 vox
533 739 589 768 illa
604 737 711 776 gloriae
727 737 837 774 singu-

134 785 229 823 laris,
253 784 379 815 nemini
404 783 494 814 vocis
515 783 549 812 in
570 791 604 812 se
626 780 836 811 efficientiam

135 830 281 869 experiri
297 829 419 859 datum.
437 828 512 858 Sive
529 827 652 857 Throni
665 848 675 864 ,
690 826 759 856 sive
774 826 837 855 Do-

135 876 332 906 minationes
344 895 354 912 ,
369 873 439 904 sive
454 873 658 912 Principatus
671 894 680 910 ,
693 872 761 902 sive
777 872 837 901 Po-

133 922 292 958 testates,
318 919 466 959 profecto
495 919 683 949 desiderant
704 918 739 948 in
761 926 836 948 eum

133 966 322 1005 prospicere
333 987 342 1003 ,
356 973 422 995 non
436 973 470 995 se
486 965 536 994 illi
551 972 738 1003 comparare
754 972 837 1002 prae-

134 1014 281 1042 sumunt.
299 1012 401 1050 Igitur
414 1011 551 1040 Domino
567 1018 640 1040 meo
664 1009 837 1047 singulari-

133 1059 186 1087 ter
197 1065 215 1087 a
227 1057 363 1086 Domino
380 1057 413 1086 et
429 1056 553 1086 dictum
566 1078 575 1094 ‚
592 1057 626 1086 et
640 1055 753 1085 datum
774 1055 834 1093 est,

133 1103 250 1133 sedere
272 1111 290 1132 a
307 1102 432 1132 dextris
451 1101 561 1140 gloriae
578 1101 679 1140 ipsius
692 1122 701 1137 ,
723 1101 836 1138 utpote

133 1147 170 1177 in
197 1147 299 1186 gloria
323 1147 499 1185 coaequali,
528 1146 563 1176 in
592 1145 731 1176 essentia
761 1153 838 1175 con-

133 1192 359 1230 substantiali,
394 1201 453 1231 pro
488 1191 698 1230 generatione
733 1191 838 1220 consi-

133 1238 229 1276 mili,
257 1238 428 1275 majestate
453 1246 519 1267 non
544 1237 683 1275 dispari,
706 1237 838 1267 aeterni-

133 1285 201 1315 tate
222 1292 288 1314 non
302 1284 484 1322 posteriori.
507 1283 574 1322 Ibi,
592 1283 638 1313 ibi
663 1284 756 1313 illum
780 1282 836 1321 qui

133 1331 259 1369 quaeret
285 1330 459 1368 inveniet,
489 1330 523 1359 et
548 1329 675 1359 videbit
702 1328 837 1367 gloriam

135 1376 206 1413 ejus
221 1385 231 1406 ι
247 1384 312 1406 non
327 1376 462 1413 gloriam
477 1376 568 1413 quasi
588 1375 686 1405 unius
706 1375 837 1405 caetero-

134 1430 227 1460 rum,
246 1422 302 1451 sed
317 1422 413 1460 plane
429 1422 560 1461 gloriam
580 1422 668 1460 quasi
687 1422 839 1460 Uniqem'tc'

133 1477 155 1498 a
168 1469 275 1498 Patre.

173 1513 204 1542 6.
220 1513 306 1549 Quid
320 1512 420 1543 facies
432 1535 441 1551 ,
460 1521 478 1542 o
494 1513 629 1550 sponsa?
639 1513 734 1541 Putas
745 1513 837 1550 potes

132 1558 224 1596 sequi
239 1566 314 1588 eum
326 1558 426 1588 illuc?
441 1558 504 1588 Aut
520 1559 552 1587 te
568 1558 718 1596 ingerere
737 1558 836 1588 audes

133 1603 187 1633 vel
202 1603 292 1634 vales
304 1603 380 1633 huic
395 1604 462 1634 tarn
477 1604 588 1633 sancto
603 1611 720 1633 arcano
730 1625 739 1641 ,
756 1604 837 1633 tam-

131 1656 196 1686 que
228 1656 343 1678 arcano
372 1649 575 1686 sanctuario,
602 1649 639 1678 ut
661 1649 777 1678 Filium
803 1649 836 1678 in

132 1693 245 1729 Patre,
268 1693 302 1722 et
327 1692 455 1722 Patrem
480 1693 640 1722 intuearis
669 1693 705 1722 in
734 1693 837 1723 Filio?

132 1739 199 1768 Non
213 1738 339 1777 utique.
362 1738 425 1768 Ubi
442 1739 491 1768 est
506 1739 562 1767 ille
576 1760 584 1776 ,
601 1740 637 1769 tu
655 1747 719 1768 non
743 1740 836 1777 potes

132 1784 246 1814 venire
277 1783 372 1814 modo
386 1806 395 1822 ,
423 1786 540 1814 venies
569 1785 680 1814 autem
709 1786 833 1823 postea.

132 1831 197 1869 Age
221 1830 354 1866 tamen,
379 1838 540 1868 sequere,
565 1838 693 1868 quaere3
720 1839 781 1860 nec
802 1831 835 1861 te

131 1874 367 1905 inaccessibilis
378 1875 433 1904 illa
446 1875 574 1905 claritas
586 1876 639 1905 vel
655 1876 836 1906 sublimitas

130 1929 149 1951 a
171 1920 345 1959 quaerendo
366 1920 551 1959 deterreat,
572 1921 612 1950 ab
637 1922 835 1952 inveniendo

132 1967 306 2005 desperare
329 1966 439 1996 faciat.
456 1968 491 1997 Si
501 1969 585 2006 potes
606 1969 723 1997 credere
735 1990 745 2005 ,
771 1978 836 1998 om-

129 2014 186 2044 m'a
207 2013 364 2051 possibilia
389 2014 461 2042 sunt
483 2013 627 2043 credenti.
649 2015 750 2052 Prope
771 2015 833 2052 est,

130 2058 256 2097 inquit,
280 2058 406 2088 verbum
426 2059 459 2087 in
481 2067 533 2088 ore
556 2060 627 2095 tuo,
642 2062 671 2089 et
691 2060 723 2089 in
745 2061 835 2090 corde

130 2106 196 2134 tuo.
217 2103 338 2141 Crede,
363 2103 396 2133 et
418 2102 586 2133 invenisti.
602 2105 680 2134 Nam
701 2105 834 2135 credere

129 2149 295 2180 invenisse
306 2149 366 2179 est.
379 2149 501 2180 Norunt
517 2149 630 2180 fideles
649 2149 833 2181 inhabitare

128 2195 292 2226 Christum
313 2203 374 2233 per
394 2194 493 2224 fidem
521 2195 555 2224 in
578 2195 729 2225 cordibus
754 2196 832 2226 suiS.

129 2240 216 2278 Quid
231 2240 364 2279 propius
379 2240 446 2270 est?
470 2241 585 2278 Quaere
610 2249 685 2279 ergo
701 2250 832 2281 secura,

132 2294 241 2324 quaere
254 2286 380 2316 devota.
397 2287 503 2316 Bonus
519 2286 569 2316 est
589 2287 748 2316 Dominus
762 2288 835 2317 ani-

130 2339 192 2361 mae
207 2331 365 2370 quaerenti
381 2339 427 2360 se.
445 2332 560 2368 Quaere
576 2332 679 2369 votis,
695 2341 832 2370 sequere

130 2377 258 2407 actibus
271 2398 280 2414 ,
290 2376 353 2406 fide
369 2376 494 2406 inveni.
508 2376 593 2413 Quid
604 2385 669 2406 non
684 2377 833 2409 inveniat

128 2421 242 2452 Fides?
265 2423 432 2452 Arrmelr
447 2422 626 2461 inaccessa,
649 2423 834 2461 deprehen-

130 2468 179 2499 dit
195 2468 314 2506 ignota,
331 2468 578 2505 comprehendit
589 2468 759 2507 immensa,
773 2478 832 2508 ap-

129 2514 306 2553 prehendit
329 2514 527 2553 novissima,
557 2514 661 2553 ipsam
687 2514 831 2554 denique

131 2559 347 2590 aeternitatem
376 2567 433 2590 suo
462 2559 519 2589 illo
545 2560 728 2590 vastissimo
757 2561 832 2591 sinu

131 2605 268 2643 quodam
289 2605 383 2636 modo
410 2605 651 2636 circumcludit.
678 2606 832 2637 Fidenter

131 2650 269 2682 dixerim
284 2673 293 2690 ,
310 2651 462 2682 aeternam
478 2651 670 2692 beatamque
693 2652 831 2684 Trinita-

1498 230 1558 259 2103

869 279 955 317 tem,
984 286 1081 317 quam
1110 286 1176 308 non
1202 278 1366 319 intelligo,
1386 284 1498 321 cred03
1527 285 1560 314 et

869 323 931 354 fide
948 323 1065 360 teneo,
1081 331 1177 361 quam
1192 331 1256 352 non
1273 325 1363 362 capio
1378 329 1496 357 mente.

910 370 940 399 7.
954 369 1017 400 Sed
1029 369 1109 399 dicit
1123 368 1239 407 aliquis
1256 377 1263 397 :
1281 369 1441 404 Quomodo
1454 374 1560 403 credet

869 415 939 446 sine
959 415 1174 454 praedicante,
1196 422 1271 444 cuin
1291 413 1370 444 fides
1388 424 1428 444 ex
1451 419 1563 448 auditu

869 460 926 499 sit,
941 461 1069 491 auditus
1083 468 1142 498 per
1153 459 1291 489 verbum
1305 459 1564 497 praedicationis?

869 507 955 536 Deus
967 506 1027 536 hoc
1038 505 1233 544 providebit.
1244 505 1281 535 Et
1290 512 1365 534 ecce
1379 503 1443 540 jam
1453 508 1565 542 praesto

870 553 944 581 sunt
962 553 1018 590 qui
1032 559 1149 582 novam
1165 558 1331 590 sponsam,
1347 550 1470 580 coelesti
1486 559 1567 589 nup-

870 596 975 626 turam
999 605 1134 636 sponso,
1151 596 1190 626 de
1207 596 1326 635 quibus
1343 595 1492 633 oportet,
1518 595 1568 624 in-

870 642 996 673 struant
1020 642 1055 673 et
1078 642 1277 680 informent,
1295 641 1393 671 fidem
1413 641 1568 678 doceant,

870 688 1005 718 formam
1024 688 1156 727 pietatis
1174 696 1210 718 ac
1232 688 1400 726 religionis
1429 687 1568 717 tradant.

869 734 951 763 Audi
970 742 1108 772 namque
1126 733 1204 772 quid
1226 734 1370 771 adjiciat.
1387 735 1570 763 Invenerunt

869 789 916 809 ‘me
931 781 1052 818 viqiles,
1069 781 1122 818 qui
1135 781 1308 810 custodiunt
1329 781 1490 810 civitatem.
1508 779 1569 816 Qui

871 825 958 854 enim
975 824 1091 862 vigiles
1109 824 1165 854 hi?
1185 825 1308 862 Nempe
1323 824 1392 862 illi,
1407 833 1487 863 quos
1501 824 1572 854 Sal-

869 870 962 900 vator
984 869 1019 900 in
1044 870 1218 908 Evangelio
1235 869 1346 900 beatos
1365 869 1570 909 pronuntiat,

869 915 917 952 si,
934 923 1007 945 cum
1032 916 1162 946 venerit
1177 937 1187 953 ,
1204 915 1370 947 invenerit
1385 915 1569 954 vigilantes.

869 961 973 998 Quam
986 961 1063 991 boni
1078 962 1212 1000 vigiles,
1228 962 1284 1001 qui
1300 962 1393 992 nobis
1408 962 1572 992 dormien-

871 1006 958 1036 tibus
981 1007 1043 1045 ipsi
1065 1007 1283 1046 pervigilant,
1299 1007 1390 1046 quasi
1411 1007 1571 1037 rationem

870 1051 1030 1082 reddituri
1052 1061 1111 1091 pro
1127 1053 1296 1083 animabus
1313 1053 1447 1083 nostris!
1468 1053 1571 1090 Quam

871 1096 948 1126 boni
971 1097 1137 1135 custodes,
1160 1098 1217 1136 qui
1246 1097 1419 1136 vigilantes
1444 1098 1570 1137 animo,

871 1143 968 1180 atque
985 1143 1018 1172 in
1032 1143 1231 1174 orationibus
1246 1145 1484 1182 pernoctantes,
1497 1145 1572 1174 hos-

872 1189 954 1217 tium
967 1189 1102 1219 insidias
1115 1189 1273 1227 sagaciter
1288 1190 1473 1228 explorant,
1486 1191 1572 1221 anti-

871 1234 981 1272 cipant
1001 1236 1135 1265 consilia
1159 1236 1426 1274 malignantium,
1454 1237 1571 1275 depre-

871 1280 1019 1312 hendunt
1039 1282 1188 1320 laqueos,
1212 1282 1348 1312 eludunt
1370 1281 1569 1321 tendiculas,

870 1326 1026 1356 retiacula
1076 1327 1262 1369 dissipant„
1310 1328 1572 1358 machinamenta

871 1372 1088 1403 frustrantur!
1107 1375 1148 1403 Hi
1162 1374 1239 1404 sunt
1259 1373 1397 1403 fratrum
1414 1376 1572 1405 amatores

871 1419 903 1448 et
920 1420 1033 1458 populi
1048 1420 1221 1451 Christiani
1243 1420 1299 1458 qui
1314 1419 1455 1448 multum
1480 1421 1574 1450 orant

870 1473 928 1502 pro
943 1466 1062 1503 populo
1079 1467 1113 1496 et
1128 1466 1279 1496 universa
1300 1464 1408 1493 sancta
1425 1464 1571 1495 civitate.

871 1511 910 1539 Hi
925 1512 1018 1549 sunt,
1035 1513 1090 1550 qui
1107 1511 1246 1541 multum
1272 1510 1405 1540 solliciti
1426 1519 1484 1548 pro
1510 1511 1574 1541 sibi

870 1557 1049 1587 commissis
1066 1557 1236 1587 dominicis
1251 1557 1385 1595 ovibus,
1401 1565 1456 1586 cor
1477 1565 1573 1586 suum

870 1602 1004 1632 tradunt
1016 1602 1056 1632 ad
1070 1602 1272 1639 vigilandum
1288 1601 1431 1631 diluculo
1447 1602 1487 1631 ad
1508 1603 1573 1631 Do·-

870 1647 996 1677 minum
1009 1649 1065 1685 qui
1082 1648 1160 1677 fecit
1182 1648 1255 1677 illos
1267 1669 1277 1684 ,
1297 1648 1330 1676 et
1346 1647 1380 1676 in
1397 1649 1571 1685 conspectu

869 1693 1024 1723 Altissimi
1042 1694 1269 1732 deprecantur.
1292 1693 1330 1722 Et
1357 1692 1516 1730 vigilant,
1539 1696 1572 1723 et

870 1738 1087 1776 deprecantur
1097 1761 1106 1777 ,
1122 1739 1262 1768 scientes
1273 1747 1360 1768 suam
1373 1739 1573 1769 insufficien-

869 1785 949 1814 tiam
974 1785 1008 1814 in
1032 1785 1244 1815 custodienda
1273 1784 1424 1822 civitate,
1446 1785 1478 1814 et
1496 1785 1571 1823 quia

869 1830 932 1859 nisi
966 1830 1123 1860 Dominus
1157 1829 1348 1860 custodierIt
1378 1830 1546 1860 civitatem
1562 1852 1571 1868 ,

869 1875 989 1906 frustra
1001 1876 1114 1914 vigilat
1127 1876 1182 1913 qui
1198 1875 1340 1905 custodit
1351 1883 1435 1904 eam.

908 1922 939 1951 8.
956 1923 1052 1951 Porro
1065 1930 1137 1951 cum
1148 1922 1304 1951 Dominus
1322 1921 1368 1950 ita
1383 1921 1571 1960 praecipiat,

871 1967 902 1998 V
902 1968 1002 2005 iqz'tate
1014 1988 1024 2003 ,
1047 1968 1075 1997 et
1096 1968 1204 2003 orate,
1226 1975 1264 1996 ue
1285 1968 1403 1997 intretis
1424 1968 1456 1996 in
1472 1969 1572 1998 tenta-

869 2013 1003 2051 tionem,-
1018 2013 1122 2051 liquet
1137 2012 1222 2051 quod
1236 2012 1358 2051 absque
1374 2012 1498 2051 duplici
1510 2013 1571 2043 hoe

869 2058 1027 2088 exercitio
1061 2058 1228 2096 fidelium,
1258 2058 1429 2096 studioque
1458 2059 1568 2089 custo-

868 2104 965 2142 dum,
988 2112 1052 2134 non
1076 2104 1184 2142 potest
1206 2113 1275 2134 esse
1294 2112 1406 2134 secura
1432 2105 1572 2144 civitas,

868 2158 932 2179 non
947 2159 1078 2188 sponsa,
1092 2158 1156 2180 non
1171 2158 1260 2180 oves.
1276 2151 1398 2180 Horum
1417 2151 1571 2181 differen-

868 2196 947 2225 tiam
963 2196 1104 2234 quaeris?
1118 2197 1223 2226 Unum
1238 2197 1324 2226 sunt.
1340 2197 1460 2228 Civitas
1474 2206 1572 2236 prop-

868 2242 919 2271 ter
934 2242 1159 2272 collectionem
1170 2264 1179 2280 ,
1192 2251 1309 2281 sponsa
1323 2242 1456 2281 propter
1470 2244 1571 2274 dilec-

868 2287 990 2317 tionem
1003 2310 1012 2325 ,
1034 2296 1111 2318 oves
1126 2289 1259 2326 propter
1272 2289 1567 2319 mansuetudinem.

867 2333 923 2363 Vis
939 2332 1021 2363 scire
1035 2333 1094 2363 hoc
1109 2342 1258 2372 sponsam
1269 2355 1277 2371 ,
1299 2334 1385 2372 quod
1401 2332 1569 2365 civitatem

868 2378 958 2409 esse?
984 2380 1074 2416 Vidi,
1095 2380 1226 2418 inquit,
1255 2382 1407 2410 civitatem
1427 2383 1567 2410 sanctam

866 2426 1036 2455 Jerusalem
1052 2434 1164 2457 novam
1178 2427 1401 2457 descendentem
1415 2427 1449 2455 de
1460 2427 1532 2456 coelo
1547 2436 1567 2455 ιι

866 2472 948 2508 Deo,
962 2473 1110 2509 paratam
1122 2474 1281 2510 tamquam
1292 2479 1454 2509 sponsam,
1470 2479 1566 2500 orna—

867 2518 930 2546 tam
945 2518 1012 2547 vtro
1026 2526 1093 2547 suo.
1119 2517 1301 2547 Identidem
1315 2516 1375 2545 tibi
1393 2515 1453 2544 hoc
1469 2516 1502 2545 et
1524 2515 1563 2545 de

867 2562 982 2593 ovibus
1007 2563 1131 2601 liquido
1154 2562 1343 2601 apparebit,
1365 2560 1392 2590 si
1413 2560 1564 2591 recorde-

865 2608 908 2638 riS
918 2631 927 2647 ,
944 2608 1067 2647 primus
1079 2609 1134 2639 ille
1147 2608 1252 2638 custos
1264 2605 1275 2645 (
1287 2606 1416 2635 Petrum
1429 2605 1561 2643 loquor)

866 2663 936 2685 cum
960 2653 1021 2684 sibi
1041 2654 1146 2693 primo
1171 2660 1246 2684 oves
1268 2650 1561 2690 committerentur,
