1846 3078
295 242 356 273 330

293 305 374 326 mea.
391 296 511 328 Verum
526 295 586 328 hoe
601 305 729 336 quoque
746 298 840 329 alteri
856 297 990 328 servabo

290 341 453 380 principio
462 364 472 380 ,
482 350 544 372 nec
556 342 717 372 brevitate
728 342 857 372 arctabo
870 350 908 371 ea
919 350 990 379 quae

291 387 494 425 diligentiam
508 388 725 418 desiderantia
740 388 814 418 sunt
824 396 832 424 ;
844 395 885 417 ne
908 387 989 417 forte

291 432 325 462 et
338 432 378 463 de
393 433 456 462 hoc
476 441 553 463 reus
568 433 735 470 inveniar,
751 433 779 462 si
794 441 857 470 quo
882 432 989 462 minus

290 485 346 507 vos
360 478 577 508 inveniamini
592 479 625 507 in
647 479 707 508 hac
728 478 820 516 parte
840 477 988 508 aediticati

288 522 330 551 ad
360 523 611 562 intelligentiam
637 524 670 552 et
696 531 842 552 amorem
875 523 987 562 Sponsi

288 568 438 598 Ecclesiae
447 569 523 598 Jesu
534 567 652 597 Christi
665 568 907 598 Domini-nostri
916 569 987 607 ,qui

287 615 338 644 est
362 622 460 652 super
488 614 597 644 omnia
619 614 706 645 Deus
727 614 920 646 benedictus
953 615 987 646 in

287 660 405 690 saecula
414 681 424 698 ,
437 667 544 689 amen.

479 765 649 800 SERMO
688 768 791 803 LVI.

287 841 371 874 Quod
381 843 490 872 peccata
502 843 528 865 et
541 842 608 866 vitia
618 844 684 866 sunt
698 845 845 874 tamquam
855 844 971 874 parietes
979 862 986 874 ‚

345 877 498 901 mediantes
509 878 585 901 inter
597 878 690 902 Deum
702 881 728 903 et
739 882 924 910 peccatorem.

325 938 353 967 1.
368 939 415 967 Εη
426 939 487 977 ipse
500 940 563 970 stat
573 941 642 978 post
653 942 814 978 parietem,
825 942 986 979 respz‘cz’ens

281 992 336 1020 per
358 984 523 1021 fenestras,
548 987 735 1024 prospiciens
752 996 807 1025 per
821 988 981 1017 cancellos.

283 1026 466 1057 Secundum
481 1029 622 1058 litteram
636 1030 768 1068 quidem
786 1031 918 1061 videtur
936 1031 986 1060 di-

283 1080 375 1110 cere,
391 1074 468 1112 quia
490 1074 517 1105 is
537 1076 591 1113 qui
615 1083 688 1105 cum
707 1076 840 1106 saltibus
861 1077 986 1106 adven-

280 1119 350 1147 tare
362 1121 618 1158 prospiciebatur
627 1143 635 1158 ‚
649 1123 872 1160 appropiasset
882 1130 984 1160 usque

281 1164 321 1193 ad
333 1166 582 1197 contubernium
598 1175 720 1205 sponsae
733 1190 743 1206 ,
759 1169 792 1198 et
806 1169 893 1198 stans
911 1169 983 1206 post

281 1211 442 1248 parietem
478 1213 636 1243 curiosius
664 1213 894 1252 introspiceret
926 1223 985 1252 per

281 1255 440 1288 fenestras
469 1259 503 1288 et
526 1260 642 1297 rimas,
669 1259 702 1289 et
718 1260 902 1290 verecunde
917 1268 983 1289 non

279 1303 491 1338 praesumeret
515 1311 585 1333 sese
607 1304 769 1342 ingerere.
799 1304 983 1334 Secundum

278 1346 429 1384 spiritum
463 1349 573 1379 autem
608 1350 815 1388 appropiasse
851 1350 982 1388 quidem

280 1391 492 1425 nihilominus
510 1395 716 1434 intelligitur,
729 1395 786 1425 sed
801 1395 913 1434 aliter,
937 1396 982 1426 ita

279 1444 356 1467 sane
371 1440 641 1476 quemadmodum
655 1443 685 1469 et
698 1449 715 1469 a
732 1441 856 1470 coelesti
867 1449 982 1479 sponso

279 1481 331 1519 agi
357 1484 518 1522 oportuit,
535 1486 600 1514 eta
622 1485 745 1523 SpIritu
770 1486 880 1515 sancto
904 1486 980 1516 dici.

278 1527 328 1556 Nil
344 1529 464 1567 quippe
477 1530 564 1568 quod
573 1531 625 1561 vel
638 1531 802 1560 auctorem
813 1531 981 1569 dedeceat,

279 1574 334 1603 vel
364 1577 586 1614 narratorem,
613 1585 712 1608 verus
740 1578 772 1607 et
802 1577 981 1615 spiritualis

278 1618 466 1651 intellectus
487 1621 651 1652 admittet.
674 1623 753 1660 Ergo
777 1623 980 1660 appropiavit

277 1665 414 1703 parieti,
431 1675 504 1696 cum
520 1668 657 1697 adliaesit
669 1667 769 1697 carni.
784 1668 862 1698 Caro
874 1669 980 1706 paries

277 1711 325 1740 cst
340 1720 347 1739 :
361 1712 603 1751 etappropiatio
616 1713 729 1751 Sponsi
739 1735 748 1750 ,
761 1713 860 1742 Verbi
876 1714 981 1744 incar-

277 1756 376 1786 natio.
399 1758 495 1787 Porro
520 1760 681 1788 cancellos
697 1761 730 1788 et
745 1758 902 1788 fenestras
922 1768 981 1797 per

277 1809 356 1839 quas
376 1803 542 1841 respicere
564 1804 780 1842 perhibetur,
797 1812 909 1833 sensus
927 1803 980 1843 (ut

276 1847 407 1887 opinor)
425 1850 549 1887 carnis,
563 1851 596 1880 et
610 1850 769 1880 humanos
783 1850 865 1880 dicit
885 1851 979 1880 affec·

275 1895 327 1923 tus
337 1917 345 1931 ,
359 1903 418 1932 per
432 1904 511 1933 quos
527 1896 790 1934 experimentum
807 1896 897 1935 cepit
911 1905 979 1926 om-

276 1939 365 1968 nium
381 1940 599 1971 humanarum
613 1941 857 1972 necessitatum.
878 1943 979 1972 Deni-

275 1992 338 2020 que
376 1986 548 2024 languores
576 1988 702 2017 nostros
729 1986 798 2026 ipse
826 1987 922 2026 tulit,
946 1989 978 2018 et

275 2029 400 2061 dolores
417 2033 543 2063 nostros
557 2033 627 2071 ipse
648 2033 803 2071 portavit.
822 2033 978 2064 Humanis

276 2083 350 2113 ergo
377 2078 602 2109 affectionibus
623 2079 838 2117 sensibusque
864 2087 977 2117 corpo-

275 2122 339 2152 reis
351 2132 408 2161 pro
423 2124 634 2155 foraminibus
654 2133 731 2155 usus
750 2125 799 2155 est
816 2125 849 2155 et
869 2125 978 2156 fenes—

274 2168 332 2197 tris
342 2190 351 2205 ,
365 2172 401 2199 ut
416 2171 562 2201 miserias
579 2171 747 2201 hominum
762 2171 859 2200 homo
874 2170 977 2201 factus

275 2215 500 2251 experimento
523 2217 641 2254 sciret,
658 2217 692 2247 et
707 2217 892 2247 misericors
918 2217 977 2247 fie-

275 2259 336 2287 ret.
353 2258 481 2290 Sciebat
495 2262 526 2290 et
543 2263 637 2298 ante,
654 2261 712 2292 sed
724 2261 829 2291 aliter.
847 2261 976 2292 Sciebat

275 2304 416 2342 (lenique
439 2306 594 2336 virtutem
624 2307 800 2337 obediendi
826 2307 895 2346 ipse
911 2308 976 2338 Do-

274 2350 382 2379 minus
397 2350 573 2389 virtutum,
589 2354 622 2382 et
636 2354 764 2391 tamen,
780 2353 865 2382 teste
893 2354 975 2392 Apo-

274 2396 375 2433 stoIo,
394 2396 510 2427 didicit
534 2406 577 2426 ex
598 2398 650 2427 his
671 2407 742 2436 quae
771 2406 883 2436 passus
907 2400 973 2437 est,

274 2441 505 2472 obedientiam.
524 2443 561 2471 In
576 2443 661 2472 hunc
680 2443 810 2473 modum
826 2444 859 2475 ct
876 2444 976 2474 mise-

274 2487 447 2517 ricordiam
475 2486 611 2524 didicit,
644 2488 706 2517 etsi
749 2489 974 2519 misericordia

274 2532 407 2562 Domini
427 2532 466 2562 ab
493 2533 627 2563 aeterno.
648 2533 750 2563 Docet
769 2534 831 2564 hoc
845 2542 974 2572 quoque

275 2578 361 2608 idem
376 2578 523 2617 gentium
535 2578 670 2616 Doctor,
683 2578 743 2608 ubi
761 2587 837 2608 eum
862 2580 975 2610 asserit

276 2625 437 2654 tentatum
458 2632 520 2662 per
543 2623 651 2654 omnia
672 2631 730 2662 pro
758 2624 973 2655 similitudine

277 2670 396 2709 absque
422 2670 572 2710 peccato,
596 2671 632 2702 ut
655 2669 837 2701 misericors
865 2669 972 2700 ficret.

770 246 800 273 S.
821 244 1054 273 BERNARm
1074 246 1267 275 ABBATIS

1023 302 1164 333 Videsne
1176 303 1298 335 factum
1312 313 1382 336 esse
1395 306 1480 345 quod
1491 307 1561 338 erat
1570 329 1580 346 ,
1592 307 1626 338 et
1639 307 1724 346 quod

1024 349 1158 379 noverat
1169 349 1338 389 didicisse,
1350 353 1383 382 et
1396 353 1458 383 sibi
1470 353 1556 391 apud
1566 361 1623 384 nos
1637 361 1724 391 quae-

1024 393 1102 423 sisse
1117 394 1215 425 rimas
1227 396 1260 426 et
1273 396 1449 437 fenestras,
1464 407 1523 437 per
1538 407 1617 437 quas
1636 399 1724 428 cala—

1024 438 1153 469 mitates
1173 442 1297 472 nostras
1311 442 1496 480 diligentius
1514 443 1723 482 exploraret?

1022 484 1082 514 Tot
1108 486 1218 516 autem
1241 486 1276 517 in
1301 489 1410 518 nostro
1425 490 1556 520 ruinoso
1578 491 1612 520 et
1626 490 1723 528 pleno

1022 528 1176 560 rimarum
1188 533 1314 569 pariete
1326 533 1454 564 invenit
1464 535 1619 565 foramina
1628 556 1637 572 ,
1645 534 1724 572 quot

1022 576 1137 605 nostrae
1169 576 1367 608 infirmitatis
1395 581 1429 609 et
1455 580 1669 618 corruptionis
1689 579 1724 610 iu

1022 628 1078 649 suo
1095 629 1226 659 corpore
1242 624 1345 654 sensit
1359 624 1596 663 experimenta.

1060 666 1092 696 2.
1116 667 1168 698 Sic
1195 668 1305 707 itaque
1320 678 1455 708 sponsus
1475 670 1549 708 post
1562 669 1722 708 parietem

1021 711 1123 750 stans,
1136 714 1169 744 et
1189 722 1248 752 per
1262 715 1422 746 fenestras
1436 717 1470 746 et
1485 716 1645 746 cancellos
1667 723 1723 745 re-

1020 758 1160 796 spiciens
1176 760 1257 790 erat.
1274 762 1313 792 Et
1327 762 1411 792 bene
1426 763 1531 798 stans,
1546 760 1622 799 quia
1634 760 1724 790 solus

1019 812 1133 835 revera
1144 806 1179 835 in
1194 815 1289 838 carne
1304 808 1413 846 stetit,
1429 808 1487 846 qui
1511 806 1617 837 carnis
1640 814 1721 844 pee-

1019 851 1127 880 catum
1142 860 1209 882 non
1227 853 1340 883 sensit.
1355 855 1526 884 Possumus
1551 852 1585 883 et
1604 852 1665 881 hoc
1681 851 1720 881 fi-

1019 895 1136 927 deliter
1152 906 1264 936 sapere
1274 921 1283 937 ,
1298 899 1374 937 quia
1388 899 1481 929 stetit
1495 906 1554 936 per
1568 897 1721 927 divinita-

1019 941 1061 971 tis
1081 944 1259 979 potentiam
1271 966 1280 981 ,
1295 944 1352 983 qui
1373 953 1432 982 per
1451 943 1558 973 carnis
1581 941 1720 973 infirmi-

1018 987 1118 1018 tatem
1133 989 1303 1028 occubuit,
1325 990 1456 1019 dicente
1471 989 1541 1027 ipso
1557 997 1565 1018 :
1582 990 1715 1027 Spiritus

1017 1035 1138 1072 quidem
1159 1037 1318 1073 promptus
1341 1036 1385 1065 cst
1395 1055 1406 1072 ,
1422 1043 1494 1064 caro
1511 1036 1615 1064 autem
1628 1033 1718 1070 insir-

1016 1089 1082 1110 ma.
1099 1081 1162 1118 Ego
1178 1081 1288 1110 autem
1312 1082 1392 1120 puto
1414 1081 1512 1110 etiam
1534 1078 1618 1109 illud
1640 1078 1716 1108 huic

1017 1125 1188 1156 sententiae
1203 1126 1391 1164 suffragari,
1406 1125 1493 1164 quod
1511 1125 1640 1154 sanctus
1653 1124 1719 1154 Da-

1016 1171 1073 1200 vid
1099 1172 1134 1201 in
1156 1172 1217 1202 hoc
1243 1172 1417 1210 mysterio,
1436 1170 1550 1209 utpote
1575 1169 1719 1208 Prophe-

1016 1216 1049 1246 ta
1064 1218 1212 1256 Domini,
1228 1219 1262 1248 et
1286 1218 1502 1256 prophetans,
1518 1216 1560 1246 de
1581 1215 1718 1246 Domino

1016 1261 1225 1301 loquebatur3
1235 1263 1267 1292 et
1278 1262 1411 1301 quidem
1422 1262 1552 1299 Moysen
1563 1260 1698 1298 loquens
1708 1282 1717 1297 ,

1016 1308 1072 1337 sed
1084 1309 1257 1339 Dominum
1273 1309 1414 1338 intuens.
1431 1308 1502 1346 Ipse
1518 1306 1606 1337 enim
1620 1313 1717 1335 verus

1016 1353 1065 1382 est
1078 1353 1200 1392 Moyses
1210 1375 1219 1391 ,
1235 1354 1291 1392 qui
1305 1361 1383 1383 vere
1398 1360 1457 1390 per
1478 1358 1594 1389 aquam
1607 1349 1715 1386 venit,

1015 1398 1049 1428 et
1068 1406 1132 1428 non
1147 1399 1181 1428 in
1201 1406 1283 1437 aqua
1296 1398 1439 1435 tantum,
1456 1396 1512 1427 sed
1526 1396 1561 1426 in
1585 1402 1667 1433 aqua
1685 1395 1718 1424 et

1014 1444 1182 1481 sanguine.
1191 1444 1360 1481 Aititaque
1371 1441 1566 1472 memoratus
1576 1439 1716 1478 Prophe-

1013 1489 1071 1518 ta:
1089 1491 1180 1520 Dixit
1206 1491 1241 1519 ut
1267 1490 1448 1528 disperderet
1473 1496 1543 1523 eos,
1566 1485 1716 1525 (Patrem

1015 1534 1175 1572 siquidem
1186 1533 1397 1573 loquebatur)
1406 1534 1628 1571 sz'nonMoyses
1639 1532 1716 1562 elec-

1015 1581 1061 1609 tus
1077 1580 1142 1618 ejus
1161 1581 1286 1610 stetisset
1307 1581 1340 1610 in
1364 1579 1571 1617 confractione
1592 1578 1625 1607 in
1642 1586 1714 1607 con-

1012 1628 1113 1663 spectu
1131 1626 1212 1664 ejus,
1238 1627 1273 1655 ut
1292 1626 1439 1655 averteret
1463 1625 1546 1654 iram
1571 1623 1654 1661 ejus,
1676 1632 1714 1653 ne

1013 1672 1195 1709 disperderet
1210 1680 1269 1701 eos.
1284 1671 1430 1708 Quonam
1451 1669 1563 1706 mod0‚
1584 1677 1691 1707 quaeso
1704 1692 1714 1708 ‚

1013 1716 1135 1754 Moyses
1148 1716 1239 1747 stetit
1254 1716 1289 1746 in
1303 1714 1714 1751 confractione‘3Quemad-

1013 1761 1142 1791 modum
1152 1783 1161 1799 ,
1178 1762 1309 1800 inquam
1318 1783 1328 1799 ,
1341 1761 1397 1791 aut
1408 1760 1499 1791 stetit
1508 1782 1517 1798 ‚
1528 1759 1555 1790 si
1571 1760 1715 1790 contrac-

1013 1806 1064 1835 tus
1072 1806 1119 1836 est
1129 1814 1137 1843 3
1147 1807 1203 1836 aut
1214 1806 1241 1836 si
1252 1805 1360 1843 stetit,
1369 1805 1526 1843 quomodo
1534 1803 1716 1836 confractus

1013 1849 1081 1881 est?
1104 1852 1144 1881 At
1166 1859 1224 1889 ego
1250 1850 1311 1881 tibi
1336 1850 1488 1888 ostendo,
1513 1849 1541 1880 si
1568 1849 1636 1887 vis,
1658 1851 1714 1888 qui

1012 1905 1091 1927 vere
1112 1898 1204 1928 stetit
1219 1897 1253 1927 in
1270 1896 1506 1927 confractione.
1536 1896 1599 1933 Ego
1615 1895 1714 1925 alium

1011 1942 1088 1972 novi
1116 1941 1281 1972 neminem
1305 1941 1363 1980 qui
1390 1941 1452 1971 hoc
1471 1939 1714 1979 potuerit,nisi

1011 1986 1185 2016 Dominum
1205 1994 1317 2016 meum
1337 1986 1468 2023 Jesum,
1490 1985 1547 2024 qui
1569 1985 1660 2015 certe
1679 1985 1714 2014 in

1011 2034 1114 2063 morte
1135 2032 1288 2069 vivebat,
1304 2031 1359 2070 qui
1379 2039 1514 2070 corpore
1537 2030 1657 2061 fractus
1677 2031 1712 2060 in

1012 2086 1123 2116 cruce,
1143 2078 1318 2108 divinitate
1333 2076 1438 2107 stabat
1458 2084 1532 2106 cum
1546 2076 1655 2113 Patre;
1678 2075 1713 2105 in

1012 2132 1075 2154 uno
1109 2124 1277 2154 nobiscum
1312 2122 1517 2160 supplicans,
1545 2121 1583 2151 in
1610 2121 1711 2151 altero

1011 2178 1084 2200 cum
1113 2170 1207 2199 Patre
1235 2168 1426 2207 propitians.
1451 2167 1490 2196 Et
1513 2166 1618 2197 stabat
1639 2167 1712 2204 post

1010 2215 1186 2253 parietem,
1208 2214 1303 2251 dum,
1318 2212 1405 2252 quod
1421 2211 1554 2249 jacebat
1574 2212 1609 2241 in
1627 2211 1705 2249 illo,

1009 2260 1217 2290 manifestum
1242 2259 1312 2289 erat
1349 2258 1384 2288 in
1411 2265 1526 2295 carne3
1554 2257 1589 2287 et
1621 2257 1708 2295 quod

1009 2305 1112 2336 stabat
1127 2305 1161 2335 in
1178 2304 1247 2344 ipso
1258 2326 1268 2343 ,
1283 2303 1374 2343 quasi
1389 2304 1461 2343 post
1472 2310 1604 2333 carnem
1624 2302 1708 2332 late-

1010 2351 1081 2390 bat3
1097 2359 1173 2381 sane
1186 2359 1273 2380 unus
1286 2349 1438 2388 idemque
1449 2349 1546 2379 homo
1556 2347 1711 2379 manifes-

1011 2397 1076 2435 tus,
1093 2396 1126 2426 et
1139 2397 1228 2427 Deus
1241 2395 1461 2425 absconditus.

1048 2443 1078 2472 5.
1095 2442 1158 2472 Sed
1169 2442 1202 2472 et
1216 2440 1392 2478 unicuique
1406 2439 1569 2477 nostrum,
1581 2438 1637 2477 qui
1654 2437 1709 2467 dc-

1009 2488 1189 2519 sidcramus
1203 2486 1379 2517 adventum
1393 2484 1597 2523 ipsius‚put0
1615 2483 1707 2512 illum

1009 2534 1222 2563 nihilominus
1242 2533 1315 2570 post
1334 2531 1493 2570 parietem
1508 2530 1610 2566 stare,
1630 2528 1705 2558 dum

1009 2587 1122 2618 corpus
1135 2579 1196 2608 hoc
1207 2579 1350 2608 nostrum
1359 2599 1368 2615 ,
1384 2575 1468 2615 quod
1483 2574 1571 2604 certe
1582 2574 1706 2611 peccati

1009 2626 1074 2662 est,
1098 2623 1273 2654 abscondat
1302 2622 1435 2652 interim
1464 2619 1558 2649 nobis
1589 2618 1704 2647 faciem

1010 2670 1140 2707 eju52et
1153 2668 1357 2708 praesentiam
1376 2664 1587 2696 intercludat‘
1605 2664 1706 2695 Deni-÷
