1810 3073
516 233 560 262 IN
587 231 786 261 CANTICA
810 230 961 258 SERMO
985 231 1064 257 ΧΗ.

84 290 237 322 bonitatis
256 289 377 321 intuitu
401 287 652 319 consolationem
667 285 782 323 dante,

83 338 118 367 et
138 336 270 367 sedante
294 335 450 365 dolorem.
473 333 536 363 Sed
564 334 613 363 est
636 339 784 369 unguen-

84 384 170 419 tum,
191 381 277 420 quod
299 380 455 410 ambobus
476 379 571 417 longe
593 376 781 408 antecellit:

83 428 116 457 et
136 428 197 457 hoc
220 427 453 465 appellaverim
466 425 620 461 Pietatis,
636 431 674 453 eo
697 422 783 461 quod

80 472 136 502 {iat
157 473 197 502 de
229 472 479 502 necessitatibus
512 476 708 508 pauperum,
743 467 782 497 de

80 518 303 548 anxietatibus
329 524 572 556 oppressorum,
589 515 628 544 de
652 513 782 552 pertur-

79 563 263 593 bationibus
294 563 454 600 tristium,
485 561 525 591 de
549 560 652 597 culpis
676 559 783 589 delin-

78 609 266 648 quentium,
301 610 335 639 et
368 611 532 647 postremo
566 605 605 636 de
632 605 781 635 omnibus

77 654 299 692 quorumlibet
358 654 551 683 miserorum
609 650 779 688 aerumnis,

79 700 205 730 etiamsi
234 699 357 730 fuerint
390 696 529 727 inimici.
558 696 780 734 Despicabiles

79 745 230 775 videntur
264 745 388 783 species
409 743 477 772 istae
504 751 512 771 :
535 742 593 772 sed
621 742 669 771 est
683 750 781 780 super

77 792 185 821 omnia
211 790 352 820 aromata
375 791 596 826 unguentum,
627 787 713 826 quod
737 796 777 817 ex

77 837 126 866 eis
161 836 341 865 conficitur.
368 834 559 864 sanativum
590 833 666 863 est:
691 835 781 863 Beati

75 882 155 911 enim
171 882 396 917 misericordes,
422 881 568 919 quoniam
583 880 643 919 ipsi
660 880 780 909 miseri-

73 928 211 958 cordiam
225 928 457 965 conseqaentur.
474 925 573 963 Igitur
592 925 702 954 multae
717 925 779 954 ini—

75 973 167 1004 seriae
183 973 345 1010 collectae,
360 974 458 1010 atque
475 971 568 1001 oculo
583 971 715 1010 pietatis
731 971 777 1000 in-

74 1020 210 1057 spectae,
227 1020 304 1057 ipsae
327 1018 403 1048 sunt
424 1018 568 1056 species,
595 1025 637 1046 ex
661 1016 779 1054 quihus

74 1067 238 1103 unguenta
250 1064 371 1103 optima
387 1064 625 1101 componuntur
634 1084 642 1099 ‚
655 1070 778 1100 sponsae

74 1111 171 1148 digna
189 1111 361 1147 uberibus,
385 1109 493 1148 sponsi
515 1108 663 1138 sensibus
676 1109 776 1146 grata.

74 1158 168 1186 Felix
193 1164 304 1193 mens,
329 1164 400 1194 quae
434 1155 550 1184 talium
586 1154 776 1184 collectione

73 1204 253 1233 aromatum
289 1210 360 1232 sese.
390 1201 493 1231 ditare
520 1201 552 1230 et
574 1200 776 1237 impinguare

73 1249 220 1286 curavit,
238 1247 414 1277 infundens
439 1254 476 1276 ea
496 1246 569 1275 oleo
593 1245 777 1274 misericor-

73 1295 147 1332 diae,
156 1293 310 1324 etardore
322 1293 507 1330 decoquens
519 1290 675 1321 caritatis.
687 1291 775 1327 Quis,

73 1341 186 1380 putem,
200 1340 249 1369 est
271 1339 432 1376 jucundus
454 1338 549 1367 hoino
564 1337 621 1374 qui
640 1336 777 1366 misere-

72 1389 126 1418 tur
139 1387 171 1416 et
186 1385 383 1422 commodat,
398 1392 516 1422 pronus
529 1383 686 1422 compati,
702 1383 776 1413 sub-

73 1431 186 1462 venire
209 1429 392 1468 promptus„
418 1429 494 1458 dare
516 1436 612 1467 quam
628 1428 775 1466 accipere

72 1475 353 1512 beatiusjudicans
363 1482 371 1511 ς
383 1474 547 1512 ignoscere
559 1473 671 1510 facilis,
680 1474 775 1504 irasci

71 1521 230 1558 difficilis,
247 1519 360 1549 ulcisci
384 1518 516 1557 penitus
539 1527 602 1548 non
627 1519 776 1557 acquies-

72 1575 165 1603 cens,
191 1567 224 1596 et
238 1574 295 1604 per
317 1564 424 1594 omnia
446 1564 670 1602 proximorum
684 1573 774 1603 aeque

72 1614 108 1642 ut
135 1612 281 1650 proprias
303 1610 481 1648 respiciens
504 1610 736 1641 necessitates?
751 1611 774 1640 Ο

71 1664 284 1695 quaecumque
311 1663 344 1684 es
370 1655 478 1684 anima
512 1655 557 1684 sic
582 1656 712 1694 aflecta,
729 1657 774 1686 sic

72 1702 198 1731 imbuta
215 1710 287 1730 rore.
309 1699 540 1730 misericor-dire
551 1721 559 1735 ,
575 1701 621 1730 sic
637 1701 775 1731 affluens

70 1748 205 1787 pietatis
220 1746 417 1782 visceribus⁷
434 1746 479 1775 sic
495 1747 527 1775 te
544 1747 693 1777 omnihus
709 1755 775 1776 0111—

69 1795 123 1824 nia
140 1794 277 1831 faciens,
292 1793 337 1821 sic
352 1791 436 1821 facta
452 1791 520 1829 ipsa
535 1792 595 1821 tibi
612 1793 773 1831 tamquam

71 1848 127 1869 vas
140 1839 320 1877 perditum,
334 1839 370 1868 ut
385 1837 511 1866 caeteris
524 1838 640 1875 praesto
653 1839 774 1877 ubique

69 1894 199 1923 semper
220 1893 369 1914 occurras
395 1884 493 1920 atque
520 1893 705 1921 succurras,
728 1886 773 1915 sic

69 1932 210 1969 denique
223 1932 348 1960 mortua
362 1931 439 1968 tibi,
453 1930 488 1959 ut
504 1930 595 1959 vivas
606 1931 772 1961 omnibus:

70 1979 107 2006 tu
124 1978 220 2015 plane
235 1976 370 2006 tertium
388 1976 610 2014 optimumque
626 1986 774 2016 unguen-

68 2023 136 2052 tum
163 2022 243 2051 felix
258 2022 420 2060 possides,
437 2022 597 2052 etmanus
622 2023 686 2054 tuae
708 2024 773 2054 dis-

69 2069 261 2098 tillaverunt
286 2068 384 2097 totius
408 2068 577 2098 suavitatis
601 2069 770 2107 liquorem.

68 2114 136 2143 Non
147 2113 365 2143 exsiccabitur
380 2113 413 2142 in
431 2113 577 2151 tempore
594 2115 694 2153 malo,
712 2124 771 2145 nec

68 2160 177 2190 servor
198 2159 434 2197 persecutionis
449 2160 560 2190 ebibet
577 2160 668 2190 illum
685 2170 692 2190 :
716 2163 771 2192 sed

68 2213 196 2243 semper
211 2206 298 2235 Deus
322 2214 446 2235 memor
470 2206 533 2236 erit
549 2207 652 2237 omnis
674 2209 771 2237 sacri-

67 2251 134 2281 ticii
150 2251 216 2289 tui,
231 2252 265 2281 et
289 2251 512 2282 holocaustum
538 2252 630 2282 tuum
652 2253 771 2292 pingue

67 2298 135 2327 fiet.

111 2343 142 2372 2.
169 2341 250 2372 Sunt
274 2342 338 2372 viri
364 2342 554 2374 divitiarum
579 2344 613 2374 in
639 2345 770 2375 civitate

67 2388 196 2418 Domini
220 2388 380 2418 virtutum
396 2397 404 2417 τ
419 2397 530 2426 quaero
547 2398 587 2419 an
609 2391 696 2428 apud
712 2392 772 2420 ali-

65 2442 145 2472 quos
161 2433 229 2463 haec
242 2434 406 2470 unguenta
420 2434 641 2465 inveniantur.
656 2437 693 2465 Et
706 2437 771 2474 pri-

66 2483 137 2508 mus
153 2479 311 2515 occurrit,
334 2478 419 2508 sicut
433 2479 553 2517 ubique
570 2481 669 2518 solet,
690 2482 771 2513 milii

66 2524 182 2554 Paulus
203 2532 259 2553 vas
280 2524 468 2563 electionis,
483 2534 597 2555 revera
619 2535 674 2557 vas
699 2536 772 2558 aro-

66 2570 238 2608 maticum,
255 2578 310 2600 vas
325 2569 522 2600 odoriferum
533 2593 542 2609 ‚
559 2574 592 2602 et
613 2572 770 2604 refertum

66 2615 153 2644 omni
164 2616 301 2653 pulvere
312 2615 541 2654 pigmentario.
550 2618 669 2648 Christi
681 2620 769 2650 enim

67 2660 137 2690 erat
166 2660 267 2690 bonus
292 2661 371 2691 odor
402 2663 470 2692 Deo
501 2663 534 2692 in
567 2664 654 2693 omni
687 2665 767 2696 loco.

1460 231 1518 265 179

817 284 925 314 Multa}
950 284 1095 323 profecto
1117 285 1289 316 suavitatis
1313 287 1521 325 fragrantiam

818 331 910 368 longe
937 331 1065 368 lateque
1091 331 1262 368 spargebat
1286 334 1398 369 pectus
1420 335 1521 373 illud,

816 376 901 414 quod
926 376 971 406 sic
987 376 1144 406 affecerat
1168 376 1352 406 sollicitudo
1377 380 1521 410 omnium

817 423 1039 452 ecclesiarum.
1055 422 1137 452 Vide
1163 422 1250 452 enim
1266 424 1378 461 quales
1399 426 1524 461 species

817 470 849 498 et
874 469 984 507 qualia
1009 468 1151 498 aromata
1177 471 1426 498 coacervaverat
1448 470 1522 500 sibi.

818 516 974 553 Quotidie,
998 514 1124 552 inquit,
1149 516 1268 544 morior
1301 524 1356 553 per
1385 517 1522 545 vestram

816 561 958 597 pieriam.
976 562 1013 590 Et
1029 569 1156 590 rursum
1171 570 1178 589 :
1197 562 1271 600 Qals
1284 561 1479 597 infirmatur,
1495 563 1525 591 et

815 616 867 645 eqo
882 616 945 636 mm
966 607 1128 645 infirmor?
1145 608 1218 646 Quis
1233 608 1481 643 scandalizatur,
1495 609 1524 636 el

815 661 866 691 eqo
888 661 951 681 non
976 652 1075 682 uror?
1097 653 1134 682 Et
1156 653 1267 682 multis
1292 652 1428 690 talibus,
1452 661 1524 689 quae

815 698 905 727 vobis
921 699 1004 728 bene
1020 698 1096 728 nota
1116 698 1208 735 sunt,
1225 698 1410 727 abundabat
1431 697 1524 727 dives

816 744 875 774 iste
892 744 925 773 in
941 744 1174 782 componendis
1189 744 1364 782 unguentis
1378 743 1523 781 optimis.

814 790 957 820 Decebat
979 798 1119 828 namque
1144 790 1259 829 primis
1282 791 1315 820 et
1340 789 1524 827 purissimis

814 836 1010 866 aromatibus
1022 837 1170 866 redolere
1183 836 1285 865 ubera
1294 857 1303 874 a
1316 844 1388 874 quae
1402 835 1522 864 Christi

814 883 958 912 membra
975 883 1152 920 lactarent,
1168 890 1307 920 quorum
1321 882 1440 911 Paulus
1456 888 1524 910 ma-

813 928 863 957 ter
880 928 950 958 erat
965 936 1022 966 pro
1038 928 1145 964 certo,
1164 928 1349 966 parturiens
1372 927 1474 956 semel
1489 927 1524 956 et

814 974 951 1011 iterum,
968 975 1072 1004 donee
1098 974 1245 1004 Christus
1269 973 1463 1002 formaretur
1487 972 1522 1002 in

814 1020 878 1058 eis,
895 1028 931 1049 ac
953 1021 1099 1050 membra
1115 1019 1215 1058 capiti
1231 1027 1288 1049 suo
1303 1019 1522 1049 reformaren-

813 1066 876 1095 tur.

852 1112 881 1140 ’5.
906 1110 988 1141 Audi
1010 1111 1043 1141 et
1065 1110 1105 1141 de
1128 1111 1193 1141 alio
1214 1109 1337 1149 divite,
1361 1110 1522 1149 quomodo

812 1157 851 1186 ad
867 1165 999 1186 manum
1015 1157 1157 1186 habebat
1179 1157 1300 1186 electas
1322 1156 1464 1195 species,
1480 1156 1521 1186 de

811 1202 929 1239 quibus
959 1202 1082 1240 optiina
1116 1201 1284 1239 unguenta
1310 1202 1484 1232 conficeret
1509 1210 1520 1231 ε

812 1248 917 1284 Foris,
948 1247 1074 1285 inquit,
1099 1256 1164 1277 ηοη
1194 1248 1310 1277 mansit
1328 1249 1520 1286 pereffluas.

812 1294 929 1323 Ostiam
944 1302 1047 1323 meum
1069 1294 1183 1324 viatori
1195 1294 1308 1332 patuit.
1322 1294 1403 1323 Item
1414 1316 1423 1332 ‚
1441 1294 1522 1325 Ocu-

811 1339 857 1369 lus
881 1339 929 1377 fui
941 1348 1037 1377 coeco,
1053 1341 1082 1370 et
1101 1348 1152 1378 pes
1167 1340 1288 1369 claudo.
1312 1341 1409 1370 Pater
1432 1349 1521 1370 eram

807 1394 996 1424 pauperum,
1019 1385 1213 1415 conterebam
1239 1386 1338 1416 ‘molas
1355 1386 1470 1424 iniqui,
1491 1389 1521 1417 el

809 1431 843 1459 (le
860 1431 997 1462 dentibus
1012 1432 1093 1462 illias
1116 1431 1294 1469 auferebam
1306 1433 1458 1470 proeclam.
1486 1434 1523 1463 Si

808 1476 960 1514 neqabam
993 1478 1072 1516 quocl
1097 1477 1240 1507 volebant
1262 1477 1467 1515 pauperibus,
1491 1480 1521 1509 et

809 1523 910 1553 oculos
928 1524 1027 1553 viduae
1053 1525 1230 1562 eoespectare
1255 1524 1325 1561 feci.
1343 1524 1378 1554 Si
1401 1526 1523 1555 comedi

810 1567 972 1598 buccellam
994 1578 1095 1599 meam
1124 1570 1224 1606 solus,
1252 1571 1281 1599 el
1304 1578 1367 1599 non
1391 1573 1520 1602 comedit

805 1615 939 1652 pupillus
953 1625 992 1645 ex
1001 1625 1048 1645 ea.
1060 1616 1094 1645 Sa·
1104 1616 1228 1654 despeaei
1235 1617 1472 1654 proelereunlem
1483 1627 1518 1647 eo

809 1661 887 1697 quod
902 1669 964 1690 non
979 1661 1103 1691 haberet
1118 1657 1330 1691 indumentum
1338 1683 1348 1698 ,
1364 1664 1392 1692 et
1404 1662 1519 1701 absque

808 1706 993 1742 operimento
1012 1715 1191 1744 pauperem.
1215 1708 1249 1737 Si
1269 1715 1332 1736 non
1358 1707 1518 1737 benedixe-

808 1752 882 1779 runt
901 1751 978 1780 mihi
999 1752 1098 1781 latera
1128 1753 1211 1789 ejus,
1233 1754 1262 1782 el
1293 1754 1328 1782 de
1355 1753 1516 1783 velleribus

808 1796 906 1824 orium
919 1805 1060 1825 mearam
1076 1797 1241 1834 calefactus
1253 1800 1306 1828 est.
1318 1798 1443 1834 Quanto
1456 1807 1517 1836 pu·-

808 1839 912 1870 tainus
928 1841 1051 1871 viriste
1064 1841 1162 1871 odore
1179 1842 1299 1871 terram
1315 1845 1516 1880 resperserat

808 1886 841 1915 in
865 1886 916 1917 his
931 1886 1107 1924 operibus?
1121 1887 1253 1925 Singula
1268 1896 1365 1926 opera
1389 1889 1515 1927 singula

808 1934 900 1962 erant
911 1934 1066 1963 aromata.
1080 1933 1136 1963 llis
1152 1933 1315 1971 propriam
1328 1935 1516 1972 repleverat

807 1980 1058 2016 conscientiam,
1085 1979 1121 2009 ut
1138 1979 1286 2009 foetorem
1309 1981 1430 2018 putida:
1447 1990 1514 2010 car-

807 2024 856 2053 nis
872 2025 1008 2054 interna}
1028 2025 1200 2055 suavitatis
1224 2025 1433 2056 exhalatione
1449 2027 1513 2056 sibi

806 2070 1017 2108 temperaret.

845 2115 875 2144 [ι.
889 2116 1008 2154 Joseph
1020 2115 1188 2154 postquam
1202 2116 1386 2146 universam
1401 2118 1515 2156 AEgyp-

807 2161 873 2191 tum
889 2162 960 2200 post
980 2170 1014 2191 se
1031 2161 1110 2191 fecit
1133 2170 1264 2192 currere
1281 2162 1314 2191 in
1330 2163 1427 2193 odore
1453 2172 1515 2193 un·-

804 2207 997 2245 guentorum
1018 2215 1168 2245 suorum,
1186 2208 1286 2238 etiam
1307 2209 1373 2238 suis
1395 2210 1515 2239 vendi-

805 2253 930 2283 toribus
961 2254 1110 2283 eamdem
1136 2254 1268 2284 deinum
1304 2254 1514 2292 fragrantiam

804 2299 1002 2336 propinavit.
1015 2300 1051 2329 Et
1064 2299 1197 2338 quidem
1210 2299 1426 2338 increpatoria
1439 2310 1516 2332 ver-

804 2344 844 2373 ba
859 2345 951 2376 vultu
970 2345 1156 2383 proferebat
1170 2346 1271 2383 irat03
1288 2346 1345 2376 sed
1361 2355 1515 2385 erumpe-

804 2391 883 2421 bant
917 2391 1069 2430 lacrymae
1094 2392 1135 2421 de
1162 2391 1362 2429 pinguedine
1389 2392 1513 2430 cordis,

804 2444 867 2466 non
883 2437 939 2467 irae
956 2437 1097 2475 indices,
1111 2437 1168 2468 sed
1183 2437 1294 2475 gratiae
1307 2438 1514 2476 proditrices.

804 2482 934 2513 Samuel
959 2484 1091 2520 lugebat
1107 2483 1201 2520 Saul,
1218 2483 1273 2521 qui
1291 2492 1324 2513 se
1347 2483 1514 2522 quaerebat

804 2529 972 2567 occidere,
989 2530 1022 2559 et
1037 2529 1077 2559 ad
1092 2530 1200 2567 ignem
1216 2529 1358 2559 caritatis
1372 2529 1512 2558 incales-

805 2576 898 2605 cente
913 2576 1044 2613 pectore
1067 2575 1262 2614 liquefactus
1284 2574 1388 2610 intus,
1406 2573 1514 2610 pieta-

804 2621 847 2651 tis
860 2621 959 2659 adeps
975 2621 1059 2651 foras
1074 2621 1245 2651 emanabat
1256 2628 1315 2658 per
1330 2619 1451 2648 oeulos.
1464 2619 1513 2649 Ob

804 2666 922 2696 bonum
956 2667 1098 2705 denique
1131 2674 1228 2704 quem
1261 2665 1511 2731 circiicrinquaqne
