1830 3073
300 204 304 206 .
353 192 371 207 δ

469 229 525 259 DE
553 222 764 258 DIVERSIS
785 221 935 253 SERMO
962 224 1118 253 xxxiv.

1473 227 1511 258 69

84 286 118 317 in
134 284 297 325 potentias
321 282 470 322 Domini,
485 283 519 314 et
533 282 622 313 omni
647 278 781 311 infirmi.-
815 277 884 315 tur,
901 278 934 308 et
949 276 994 308 sic
1010 275 1139 316 diligat,
1156 275 1189 308 ot
1204 275 1415 309 vehementer
1438 278 1513 311 dili-

79 334 147 363 tate
163 331 323 372 privatus,
340 329 459 360 exutus
471 329 626 359 nimirum
637 326 779 357 sordidas

80 379 152 408 ilias
172 377 296 414 vestes,
312 374 429 413 quibus
452 382 532 404 sane
557 372 643 412 apud
663 371 780 402 Zacha-

80 423 162 452 riam
181 421 373 459 Prophetam
397 420 502 458 primo
520 418 657 450 vestitus
680 424 779 455 appa-

81 467 165 505 ruit,
178 467 212 496 et
223 465 355 496 indutus
370 465 566 504 splendidis,
578 463 662 493 sicut
674 462 779 500 loqui—

79 512 173 544 turin
186 512 327 543 Psalmo:
337 512 515 542 Conscidz'sti
527 517 649 540 saccum
663 516 777 543 meum,

78 560 109 589 et
134 558 356 589 circumdedisti
382 565 430 586 me
454 556 570 586 loetitz'a.
586 553 668 591 QuIa
691 553 778 582 enim

79 611 189 634 veram
196 604 346 633 humanae
356 600 460 633 carnis
469 599 622 631 etanimae
630 598 779 629 substan-

78 649 158 679 tiam
177 648 339 686 suscepit,
353 654 464 678 veram
489 644 657 682 utriusque
684 644 778 674 natu-

79 702 166 731 ram3
188 701 250 724 nec
275 692 415 730 corporis
438 690 488 720 illi
504 689 697 727 defuerunt,
716 696 778 719 nec

79 739 194 769 animae
216 738 381 777 passiones
396 744 405 766 τ
422 735 479 766 sed
495 743 537 765 ex
557 734 618 764 hoc
629 735 696 772 jam
710 734 778 772 glo-

79 784 221 814 rificatus
229 783 277 813 est
286 782 320 811 in
329 782 476 819 utroque.
486 780 566 810 Puto
577 781 683 810 autem
693 779 778 818 quod

77 828 244 866 utriusque
256 826 519 866 glorificationem
531 826 624 856 brevi
632 833 696 855 uno
708 833 778 856 ver-

80 873 182 903 siculo
195 872 351 911 Propheta
363 871 626 910 comprehendit‚
642 871 752 901 dicens
768 881 776 901 z

78 919 229 949 Dominus
239 918 389 956 regnavit,
400 918 537 947 decorem
552 917 651 947 induit
658 938 668 954 ‚
680 917 778 947 induit

78 966 228 994 Dominus
244 964 464 1002 fortitudinem.
481 963 637 992 Decorem
653 970 728 993 sane
744 962 778 992 in

77 1016 208 1047 corpore
224 1008 400 1044 claritatis,
416 1007 640 1038 fortitudinem
651 1016 729 1038 vero
744 1008 778 1037 in

79 1054 338 1091 imperturbabili
365 1053 452 1083 statu
476 1054 606 1083 mentis.
629 1053 777 1091 Denique

79 1100 173 1129 tristis
191 1101 252 1135 est,
268 1098 392 1137 inquit,
421 1100 529 1129 anima
551 1107 621 1129 mea
634 1108 728 1137 usque
740 1100 779 1129 ad

77 1146 218 1174 mortem.
233 1144 325 1174 Unde
340 1144 374 1174 et
388 1144 548 1174 inclinans
563 1145 660 1182 caput
675 1144 777 1182 dixit,

79 1191 332 1220 Consummatum
355 1192 398 1220 est
418 1199 429 1220 .-
450 1197 491 1219 ne
520 1189 597 1227 quid
626 1189 779 1230 deinceps

78 1234 274 1265 infirmitatis
288 1235 324 1264 in
344 1242 381 1264 eo
396 1234 493 1264 liceat
508 1234 674 1272 suspicari.

116 1280 147 1310 5.
170 1280 235 1311 Sed
249 1280 295 1310 ait
309 1280 370 1310 iste
384 1288 392 1309 ε
411 1291 428 1306 α
443 1280 476 1310 Si
492 1280 660 1318 Apostolus
675 1277 778 1319 ipsius

79 1336 95 1351 υ
110 1325 199 1364 luget
212 1326 365 1364 quosdam
379 1325 435 1364 qui
452 1325 526 1356 ante
541 1325 776 1364 peccaverunt,

80 1382 97 1397 n
111 1379 171 1402 nec
186 1371 414 1409 poenitentiam
431 1372 565 1408 egerunt
582 1371 615 1401 in
641 1371 692 1401 his
706 1379 777 1410 quae

79 1426 97 1442 »ι
111 1415 278 1452 gesserunt
294 1425 301 1445 :
319 1415 398 1454 quid
422 1415 527 1445 dicam
549 1416 590 1446 de
619 1416 707 1455 ipso,
722 1416 777 1455 qui

78 1472 96 1487 »
112 1461 210 1492 Filius
237 1461 357 1491 dicitur
384 1460 546 1491 caritatis?
569 1461 608 1492 Et
633 1461 774 1492 deinde:

80 1518 95 1531 »
111 1506 188 1536 Cum
203 1514 278 1546 ergo
294 1515 366 1546 quae
380 1507 488 1537 nostra
503 1507 578 1538 sunt
592 1507 776 1546 quaesierit,

78 1564 94 1576 ν
111 1560 196 1582 nunc
216 1552 282 1590 jam
301 1560 358 1583 nos
381 1560 446 1582 non
469 1553 606 1591 quaerit,
620 1561 682 1583 nec
705 1562 777 1592 quae

80 1608 95 1621 »
111 1598 218 1627 nostra
232 1598 308 1628 sunt
323 1597 462 1636 cogitat,
479 1606 541 1628 nec
557 1598 597 1628 de
613 1600 777 1632 erroribus

80 1653 95 1667 »
111 1642 227 1672 nostris
237 1643 364 1680 moeret,
373 1651 433 1673 nec
443 1643 640 1682 perditiones
653 1647 778 1677 nostras

80 1699 94 1712 >v
107 1687 204 1718 deflet
216 1690 248 1719 et
269 1689 491 1726 contritiones,
503 1689 558 1727 qui
574 1689 666 1721 flevit
681 1700 778 1730 super

80 1744 95 1757 »v
110 1733 307 1763 Jerusalem?
323 1744 340 1760 »
356 1734 436 1764 Item
450 1742 458 1762 ε
477 1744 496 1760 «
518 1735 607 1764 Nunc
618 1756 627 1772 ,
648 1735 775 1776 inquit,

82 1789 96 1801 υ
113 1778 190 1814 quia
213 1778 396 1808 misericors
414 1778 447 1808 et
467 1777 636 1809 m1serat0r
652 1782 700 1810 est
713 1782 775 1811 Do-

80 1832 96 1844 »
113 1821 218 1851 minus
232 1843 242 1859 ,
256 1821 368 1858 majori
384 1822 518 1861 affectu,
535 1831 630 1861 quam
644 1825 778 1862 Aposto-

81 1877 97 1891 »
114 1865 162 1896 lus
175 1875 270 1905 suuS,
286 1866 346 1898 flet
367 1875 440 1897 cum
454 1867 626 1907 flentibus,
643 1871 677 1900 et
691 1870 777 1909 luget

83 1924 97 1937 »
114 1919 167 1941 eos
191 1912 246 1950 qui
270 1912 345 1942 ante
359 1914 588 1950 peccaverunt.
609 1915 674 1945 Nec
689 1916 776 1945 enim

81 1970 94 1982 ῃ
113 1956 289 1995 putandum
304 1957 352 1988 est
366 1957 451 1995 quod
464 1958 580 1989 Paulus
595 1959 703 1997 lugeat
718 1969 776 1998 pro

80 2016 94 2027 υ
112 2002 334 2040 peccatoribus
345 2003 378 2032 et
391 2002 484 2041 fleat,
498 2004 653 2034 Dominus
667 2007 775 2036 autem

79 2060 94 2072 »ι
112 2055 202 2078 meus
216 2046 375 2078 abstineat
390 2056 408 2078 a
423 2047 514 2079 fletu.
527 2060 544 2076 »
557 2050 632 2080 Haec
644 2050 775 2088 quidem

79 2094 124 2122 sic
139 2092 284 2131 accipere
299 2115 307 2130 ,
323 2093 437 2132 quidni
452 2094 556 2126 adhue
570 2095 727 2126 dilectum
742 2098 775 2128 in

75 2138 196 2168 lectulo
209 2145 354 2176 quaerere
372 2138 498 2170 dicam?
510 2140 618 2171 Nescit
630 2142 775 2173 mortuus

76 2184 169 2213 extra
191 2184 370 2223 tumulum,
385 2185 491 2215 nescit
512 2185 659 2217 infirmus
681 2188 774 2218 extra

75 2228 194 2259 lectum
205 2250 213 2266 ‚
243 2229 348 2260 nescit
371 2231 526 2268 parvulus
553 2232 647 2262 extra
669 2231 775 2264 lectu-

75 2273 142 2303 lum
170 2282 315 2312 quaerere
331 2283 428 2314 quem
451 2275 557 2314 diligit
580 2277 688 2307 anima
703 2287 772 2309 sua.

74 2319 194 2349 Yet-um
210 2319 265 2349 ille
283 2318 342 2359 (ut
356 2328 452 2359 supra
467 2321 692 2362 meminimus)
709 2332 774 2354 non

74 2364 180 2394 minus
192 2364 285 2394 corde
295 2386 304 2402 ,
319 2373 416 2404 quam
432 2374 564 2405 corpore
579 2367 774 2406 glorificatus

76 2410 192 2445 (immo
217 2410 306 2440 tanto
327 2411 484 2449 amplius,
498 2414 617 2450 quanto
637 2414 774 2452 amplior

73 2455 199 2491 anima,
228 2455 260 2485 et
284 2456 393 2493 gloriae
421 2458 570 2495 capacior
599 2459 649 2489 est
676 2468 772 2498 quam

74 2499 167 2539 caro)
185 2499 269 2530 sicut
283 2508 347 2530 non
364 2501 470 2539 potest
493 2502 658 2542 negligere
680 2512 772 2543 suos,

73 2545 119 2574 sic
135 2553 194 2575 nec
208 2544 320 2583 lugere
336 2554 394 2584 pro
410 2546 467 2576 cis.
484 2546 547 2577 Sed
561 2548 688 2587 quando
714 2549 773 2579 hu„

74 2597 166 2619 mana
188 2589 344 2628 fragilitas
365 2591 552 2629 hujusmodi
567 2601 682 2632 capere
698 2603 772 2632 pos·

812 322 866 360 gat
879 331 954 352 eum
964 323 1019 361 qui
1035 323 1139 361 dolet,
1157 322 1214 352 aut
1227 322 1281 360 qui
1298 324 1511 364 periclitatur,

814 367 848 397 ut
862 368 972 398 tamen
994 368 1064 406 ipse
1080 367 1211 397 omnino
1228 375 1289 397 nec
1305 367 1430 405 doleat,
1453 377 1514 401 nec

814 413 980 443 turbetur?
1008 413 1240 444 Verumtamen
1267 411 1330 442 etsi
1357 412 1393 442 id
1419 413 1512 452 longe

811 466 907 497 supra
933 459 1078 490 nostram
1103 457 1343 497 experientiam
1367 458 1514 496 est‚Deo

811 504 919 534 tamen
933 505 1020 534 nihii
1033 504 1233 543 impossibile
1249 503 1309 534 est.
1324 502 1434 534 Potest
1454 504 1516 542 igi-

811 549 863 580 tur
876 558 941 580 non
952 551 1047 581 modo
1059 551 1120 581 sibi
1131 573 1140 589 ,
1153 550 1210 581 sed
1223 549 1257 580 et
1271 549 1338 579 suis
1351 548 1513 586 omnibus,

810 603 889 633 quos
908 595 1098 627 infirmitate
1124 595 1230 626 carnis
1252 594 1368 625 exutos
1392 593 1516 624 virtute.

810 641 936 679 induit,
951 641 985 672 et
1000 642 1035 672 in
1048 641 1211 681 potentias
1225 640 1426 677 introduxit,
1443 647 1515 669 cam

811 686 957 718 conferre
996 687 1207 718 dilectionem
1223 708 1234 724 ,
1267 694 1340 725 quae
1376 684 1516 724 gaudeat

810 740 883 762 cum
897 732 1129 771 gaudentibus,
1143 732 1334 762 nouantem
1346 730 1423 761 fleat
1438 738 1511 760 cum

810 777 983 816 flentibus;
1000 779 1034 808 et
1058 779 1105 808 sic
1121 786 1175 808 eos
1190 785 1270 816 quos
1285 775 1387 814 amat,
1404 774 1514 806 effica-

810 822 938 854 cissime
966 824 1000 854 et
1027 822 1295 854 affectuosissime
1327 820 1421 851 uniat
1437 842 1447 858 ,
1476 820 1513 849 ut

811 869 879 907 ipsa
892 869 1003 899 tamen
1018 868 1300 908 imperturbabilis
1312 866 1511 906 perseveret.

809 915 872 944 Nec
884 914 1020 945 dubium
1035 923 1112 945 sane
1137 914 1218 954 quin
1238 914 1334 951 longe
1359 911 1515 950 praestan-

810 959 872 990 tior
886 960 929 991 sit
941 969 979 991 ea
991 960 1124 991 dilectio
1134 981 1143 998 ,
1160 957 1433 998 quemadmodum
1447 963 1514 986 me—

810 1005 916 1036 dicina
946 1005 994 1046 (si
1021 1015 1093 1044 quae
1116 1005 1228 1035 tamen
1257 1003 1416 1042 ejusmodi
1443 1000 1511 1040 cst)

811 1051 984 1088 pretiosior
996 1052 1109 1090 utique
1123 1049 1305 1088 Judicatur,
1320 1056 1391 1088 quae
1403 1047 1448 1077 sic
1460 1054 1514 1076 cu-

810 1096 860 1126 rat
886 1096 1041 1135 vulnera,
1068 1097 1106 1127 ut
1132 1097 1222 1126 inter
1250 1095 1428 1126 curandum
1452 1101 1513 1122 nec

812 1141 914 1172 virtus
939 1141 1010 1178 ejus
1034 1142 1069 1171 in
1091 1142 1221 1180 ailquo,
1246 1149 1308 1171 nec
1333 1137 1514 1171 substantia

810 1186 990 1225 minuatum
1007 1195 1105 1225 quam
1121 1195 1159 1217 ea
1185 1195 1257 1225 quae
1283 1185 1328 1215 sic
1351 1185 1461 1221 curat,
1477 1183 1514 1212 ut

810 1232 950 1262 curando
966 1232 1114 1270 deficiat,
1135 1232 1191 1262 aut
1207 1230 1443 1269 corrumpatur.
1461 1228 1515 1258 Li-

809 1277 861 1306 cet
876 1285 950 1315 ergo
965 1277 1095 1307 fleverit
1108 1277 1265 1307 Dominus
1275 1284 1374 1314 super
1383 1276 1514 1305 Jerusa-

809 1322 885 1360 lem,
895 1330 937 1352 ex
946 1323 1006 1352 hoc
1016 1322 1081 1360 jam
1094 1322 1224 1352 omnino
1236 1321 1301 1351 non
1310 1320 1419 1351 flebit:
1429 1319 1513 1350 sicut

809 1369 953 1398 mortuus
975 1370 1041 1406 est,
1057 1368 1115 1398 sed
1129 1375 1300 1405 resurgens
1319 1374 1362 1396 ex
1376 1366 1513 1398 mortuis

807 1413 873 1450 Jam
888 1421 952 1443 non
966 1414 1124 1444 moritur:
1140 1413 1225 1443 sicut
1236 1411 1299 1442 fuit
1323 1412 1358 1441 in
1372 1412 1511 1451 lectulo,

809 1458 865 1489 sed
879 1467 1057 1499 exsurgens
1070 1459 1138 1496 jnm
1152 1457 1188 1488 in
1203 1457 1324 1491 lectulo
1338 1464 1403 1489 non
1417 1457 1513 1490 inve-

808 1507 909 1537 nitur.

846 1552 877 1583 6.
894 1550 1001 1584 Habet
1019 1553 1131 1584 tamen
1148 1550 1246 1584 etiam
1260 1560 1347 1583 nunc
1362 1549 1512 1582 ineffabi-

808 1597 882 1628 liter
910 1599 1105 1637 ampliorem
1134 1598 1288 1629 affectum
1304 1598 1337 1628 et
1351 1597 1513 1628 efficacio-

808 1651 896 1681 rem,
908 1653 1006 1683 quam
1020 1645 1162 1675 habeant
1180 1644 1236 1683 qui
1256 1644 1370 1681 lugent
1379 1651 1438 1682 pro
1454 1643 1512 1673 de-

808 1689 1048 1728 linquentibus,
1065 1690 1121 1720 aut
1134 1698 1193 1728 pro
1218 1689 1373 1719 fratribus
1388 1688 1512 1727 ponunt

808 1735 933 1766 animas
956 1744 965 1765 :
992 1736 1140 1774 quamvis
1164 1735 1235 1773 ipse
1256 1734 1408 1773 quidem,
1435 1742 1512 1765 con-

808 1781 966 1811 summato
981 1781 1136 1811 nimirum
1151 1788 1250 1818 opere
1265 1788 1323 1810 suo
1333 1801 1343 1815 2
1357 1779 1512 1810 neutrum

808 1825 960 1863 deinceps
984 1826 1026 1856 sit
1050 1826 1204 1856 facturus.
1228 1824 1351 1854 Nostrae
1374 1824 1513 1854 infirmi-

807 1870 883 1901 tatis
896 1871 981 1901 istud
997 1871 1063 1909 est,
1079 1879 1218 1909 quorum
1236 1869 1342 1900 adhuc
1367 1869 1403 1900 in
1426 1871 1511 1902 mari

807 1922 926 1953 sagena
950 1916 1112 1953 trahitur,
1143 1916 1177 1946 et
1206 1923 1250 1946 ex
1274 1913 1361 1945 omni
1390 1923 1511 1953 genere

806 1960 944 1997 piscium
971 1958 1163 1998 congregat,
1180 1958 1265 1989 nihil
1290 1958 1420 1988 omnino
1445 1958 1512 1988 dis-

807 2013 954 2036 cernens.
971 2006 1030 2036 Ille
1047 2005 1135 2035 enim
1146 2026 1156 2042 ,
1172 2012 1232 2035 nec
1247 2004 1342 2034 modo
1362 2004 1437 2042 ille,
1453 2004 1511 2034 sed

806 2052 840 2082 et
867 2051 1031 2089 Apostoli,
1048 2052 1081 2081 et
1096 2050 1205 2081 caeteri
1221 2049 1276 2089 qui
1292 2057 1366 2080 cum
1382 2057 1420 2080 eo
1435 2051 1511 2080 sunt

806 2097 925 2134 sancti,
940 2096 981 2126 ad
1006 2097 1099 2126 littus
1123 2096 1238 2135 utique
1263 2095 1508 2134 pervenerunt,

805 2150 864 2172 nec
877 2143 996 2173 mixtos
1012 2141 1118 2181 pisces
1131 2142 1167 2171 in
1182 2141 1266 2172 vasis
1281 2148 1438 2180 posuere,
1453 2141 1511 2171 sed

806 2189 943 2227 electos,
966 2190 999 2219 et
1024 2189 1126 2218 bonos
1145 2188 1383 2218 tantum:nam
1408 2186 1510 2216 malos

807 2234 917 2273 utique
933 2234 1017 2264 foras
1032 2234 1202 2264 miserunt.
1218 2234 1362 2271 Quantos
1385 2241 1442 2271 ego
1458 2233 1508 2262 in-

805 2279 902 2309 terim
915 2287 1009 2318 cogor
1021 2279 1150 2309 trahere
1162 2279 1263 2308 malos
1275 2278 1379 2315 pisces
1389 2286 1509 2316 ,quan-

805 2324 852 2355 tos
878 2325 992 2355 anxios
1015 2325 1049 2355 et
1074 2325 1226 2355 molestos
1248 2324 1334 2354 intra
1358 2331 1508 2361 sagenam

805 2379 910 2402 meam
925 2371 1134 2409 congregavi,
1149 2369 1277 2409 quando
1294 2368 1385 2399 vohis
1399 2370 1508 2400 adhae-

804 2417 847 2447 sit
872 2416 1086 2447 animamea!
1102 2416 1313 2454 congratulor
1337 2415 1507 2454 proficien-

806 2462 893 2492 tibus
909 2471 916 2491 ε
931 2462 1074 2499 jucunda
1090 2461 1241 2499 affectio,
1255 2460 1360 2490 bonus
1376 2460 1424 2490 est
1443 2460 1506 2497 pis-

805 2507 862 2537 cis.
890 2506 1048 2537 condolco
1078 2506 1321 2544 deficientibus,
1343 2504 1407 2534 fleo
1433 2512 1503 2534 cum

805 2551 977 2590 flentibus,
1007 2559 1104 2590 angor
1131 2560 1190 2590 pro
1226 2549 1504 2589 periclitantibus,

807 2597 950 2627 infirmor
975 2606 1048 2627 cum
1074 2597 1329 2633 infirmantibuS,
1343 2602 1417 2624 uror
1432 2602 1515 2624 cum,

74 2635 115 2666 sit
131 2635 276 2667 affectum
291 2658 299 2676 ,
317 2637 370 2676 qui
388 2638 457 2668 sine
473 2637 601 2670 miseria
618 2640 772 2670 miseren·
807 2641 1038 2673 scandalizatis
1057 2641 1173 2672 Gravia
1195 2640 1268 2670 sunt
1284 2640 1352 2670 haec
1368 2638 1399 2670 et
1415 2634 1503 2668 acer-³
