1846 3078
277 212 337 242 552

277 267 313 298 in
334 265 544 300 foraminibus
553 268 672 310 petrae,
684 277 744 310 per
761 280 855 310 quam
873 270 974 300 intro-

277 313 387 353 spicit,
404 317 437 346 et
450 316 540 346 videt
555 318 688 355 gloriam
701 318 813 355 Sponsi
828 317 895 353 sui3
912 323 972 344 nec

278 361 472 399 opprimItur
499 363 609 392 tamen
636 371 654 393 a
674 363 796 401 gloria,
820 361 972 399 quoniam

276 413 341 436 non
353 407 413 436 sibi
429 409 562 446 usurpat
577 416 659 438 eam.
676 408 744 437 Non
766 405 972 444 opprimitur,

276 453 353 491 quia
367 462 431 483 non
454 453 628 483 scrutatrix
642 451 818 489 maiestatis
833 451 900 488 est,
916 451 973 480 sed

275 499 466 530 voluntatis.
478 501 554 528 Nam
570 498 655 536 quod
666 497 826 534 majestati
844 496 972 534 attinet,
986 523 988 541 ;

275 544 439 575 interdum
449 545 579 583 quidem
589 544 621 572 et
635 543 668 572 in
685 543 787 581 ipsam
801 541 972 571 intendere
986 546 988 573 ἰ

275 591 391 628 audet,
414 590 470 621 sed
487 589 577 628 quasi
595 587 773 625 admirans,
795 595 860 617 non
881 584 989 624 quasi?

275 637 432 666 scrutans.
457 634 519 664 Sed
535 634 568 663 et
591 633 617 662 si
632 633 758 670 quando
782 641 842 671 per
863 630 990 662 erices-¹

274 690 346 712 sum
361 680 430 718 rapi
445 680 579 708 inillam
591 679 772 717 contingat,
784 678 902 716 digitus
912 677 970 707 Dei
986 653 990 719 ε

276 727 325 757 est
347 727 425 762 iste,
449 725 617 762 dignanter
644 725 757 754 levans
786 722 988 761 hominem,

274 780 338 802 non
361 770 499 800 hominis
518 770 686 799 temeritas
712 770 890 799 insolenter
911 769 972 798 Dei

275 818 339 847 alta
366 815 559 854 pervadens.
589 816 666 844 Cum
696 815 784 844 enim
805 814 972 852 Apostolus

274 863 404 900 raptum
426 869 460 890 se
482 861 658 897 memoret,
678 861 716 889 ut
737 868 849 889 ausum
873 868 973 888 excu-

275 910 342 938 set:
356 907 502 945 quisnam
511 907 593 935 alter
601 905 774 944 praesumat
788 904 972 933 mortalium

275 954 351 983 huic
386 960 420 981 se
449 951 569 982 divinae
597 951 778 988 majestatis
813 949 971 979 horrendo

273 998 428 1029 scrutinio
450 997 590 1036 propriis
611 997 765 1026 intricare
786 996 972 1033 conatibus,

274 1046 307 1075 et
334 1045 537 1082 importunus
561 1043 794 1081 contemplator
826 1042 971 1080 pavenda

272 1092 452 1128 irrumpere
484 1089 518 1118 in
554 1088 693 1118 arcana?
727 1089 972 1118 SCRUTATORES

272 1136 411 1175 proinde
431 1134 609 1172 majestatis
622 1156 631 1171 ,
646 1135 811 1172 tamquam
832 1134 973 1171 irrupto—

273 1191 324 1213 res
336 1181 399 1212 dici
411 1189 484 1211 reor
494 1203 503 1217 ‚
519 1189 583 1210 non
595 1181 651 1219 qui
663 1180 789 1210 scilicet
802 1179 974 1217 rapiuntur

273 1229 308 1258 in
333 1236 427 1266 eam,
449 1227 506 1258 sed
531 1227 587 1265 qui
612 1225 752 1256 irruunt.
773 1226 838 1264 Ipsi
862 1218 991 1280 itaque*¹

273 1275 498 1314 opprimuntur
513 1282 530 1303 a
543 1273 655 1312 gloria.

313 1323 343 1351 5.
368 1322 447 1360 Ergo
466 1326 710 1351 FORMIDOLOSA
731 1318 884 1349 scrutatio
906 1326 971 1348 ma·
988 1326 991 1359 χ

269 1367 400 1406 §estatis
416 1375 424 1395 2
441 1368 474 1396 at
488 1365 663 1396 voluntatis
674 1387 682 1403 ,
700 1367 765 1395 tam
780 1366 861 1402 tuta,
877 1372 970 1403 quam

272 1414 339 1452 pia.
368 1412 487 1449 Quidni
512 1413 579 1442 tota
604 1411 773 1449 diligentia
800 1410 971 1441 scrutando

273 1459 392 1488 instem
420 1458 619 1487 sacramento
639 1457 747 1494 gloriae
773 1457 970 1494 voluntatis,

273 1504 326 1534 cui
352 1502 433 1532 mihi
457 1502 638 1540 parendum
662 1511 721 1540 per
753 1502 860 1531 omnia
887 1502 972 1532 scio?

273 1548 387 1578 Suavis
402 1547 522 1586 gloria,
538 1556 609 1585 quae
624 1555 689 1577 non
705 1547 836 1577 aliunde
849 1569 858 1585 ,
875 1556 970 1585 quam
987 1574 989 1589 ‹

273 1594 313 1624 de
353 1594 454 1632 ipsius
491 1594 661 1623 suavitatis
699 1593 970 1633 contemplatione
987 1591 990 1622 i

271 1639 441 1678 procedit,
455 1646 550 1675 quam
565 1637 605 1667 de
617 1637 803 1667 divitiarum
819 1638 971 1667 bonitatis

271 1693 308 1714 ac
322 1685 431 1714 multae
446 1683 661 1713 miserationis
678 1682 810 1713 intuitu.
824 1683 970 1721 Denique

271 1730 414 1759 vidimus
438 1729 572 1767 gloriam
598 1728 700 1766 hanc,
724 1728 859 1766 gloriam
881 1730 971 1766 quasi

270 1775 436 1813 Unigeniti
448 1783 465 1804 a
479 1775 584 1804 Patre.
600 1775 714 1803 Totum
725 1782 842 1812 nempe
858 1774 970 1812 benig·

271 1829 349 1851 num
370 1821 402 1850 et
417 1828 494 1849 vere
510 1820 681 1857 paternum
692 1840 702 1855 ,
723 1819 808 1857 quod
823 1819 970 1857 apparuit

270 1867 380 1905 gloriae
402 1866 436 1896 in
451 1866 511 1895 hac
533 1866 637 1904 parte.
653 1866 720 1895 Non
743 1874 795 1895 me
811 1866 971 1903 opprimet

271 1913 372 1950 gloria
384 1912 444 1942 ista
454 1912 552 1950 ,totis
566 1912 645 1941 licet
659 1911 783 1941 viribus
798 1911 970 1941 intenden-

270 1960 336 1987 tem
366 1958 400 1988 in
425 1966 458 1987 se
476 1967 483 1987 :
501 1966 560 1996 ego
584 1957 692 1995 potius
717 1957 884 1995 imprimar
906 1958 968 1988 illi.

271 2003 397 2033 Etenim
418 2004 562 2033 revelata
584 2003 666 2032 facie
690 2003 913 2042 speculantes,
936 2004 969 2033 in

272 2050 419 2079 eamdem
445 2048 620 2087 imaginem
643 2048 910 2079 transformamur
930 2050 969 2079 de

271 2095 418 2124 claritate
435 2095 468 2124 in
484 2095 664 2124 claritatem
676 2117 684 2132 ,
700 2095 864 2133 tamquam
879 2103 897 2124 a
909 2096 970 2125 Do-

271 2140 352 2169 mini
391 2141 519 2178 spiritu.
547 2141 870 2171 Tnsxsrommmvn
898 2149 969 2172 cmi

270 2190 551 2216 CONFORMAMUR.
579 2186 667 2216 Absit
682 2187 792 2215 autem
804 2186 841 2216 ut
855 2187 889 2216 in
904 2196 971 2216 ma-

267 2228 394 2266 jestatis
403 2231 515 2269 gloria,
526 2232 558 2261 et
568 2239 631 2261 non
640 2232 741 2269 inagis
751 2232 783 2261 in
792 2232 969 2262 voluntatis

269 2273 445 2311 modestia,
465 2276 525 2305 Dei
545 2277 584 2305 ab
606 2277 738 2307 homine.
763 2277 968 2307 conformitas

269 2321 492 2357 praesumatur.
505 2322 612 2351 Gloria
627 2331 699 2353 mea
709 2324 776 2353 haec
785 2324 851 2361 est,
860 2323 885 2353 si
899 2333 969 2353 uma
983 2311 988 2490 t

269 2372 366 2402 quam
381 2365 421 2395 de
435 2373 487 2395 me
503 2367 634 2397 audiero
649 2376 657 2397 t
674 2369 787 2399 Inveni
804 2369 968 2399 hominem

270 2409 448 2439 secundum
463 2419 517 2440 cor
534 2419 654 2442 mcum.
671 2414 729 2443 Cor
755 2414 868 2452 Sponsi
879 2435 889 2452 ,
915 2424 969 2446 cor

269 2454 372 2484 Patris
398 2454 460 2485 sui.
487 2457 594 2494 Ipsum
615 2458 731 2494 quale?
752 2461 877 2496 Estote,
903 2460 966 2499 ait,

269 2502 497 2539 misericordes,
521 2504 598 2532 sicut
612 2505 639 2532 et
660 2505 754 2533 Pater
769 2507 864 2535 res-ter
878 2508 969 2537 misr-

269 2547 367 2577 ricors
380 2548 433 2577 est.
450 2548 524 2578 Haec
536 2548 635 2578 forma
650 2556 747 2586 quam
758 2549 869 2580 videre
885 2551 969 2581 desi-

271 2591 380 2630 derat,
393 2601 464 2622 cum
479 2593 629 2624 Ecclesiae
646 2593 744 2630 dicit,
757 2594 882 2625 Ostende
893 2597 970 2627 inihi

271 2638 379 2673 faciem
393 2641 477 2670 tuam
494 2648 501 2669 ε
516 2638 613 2669 forma
628 2639 759 2679 pietatis
772 2640 802 2670 et
816 2648 966 2672 mansue-

729 218 758 247 S.
779 216 1009 247 BERNARDI
1029 217 1222 246 ABBATIS

1007 268 1139 300 tudinis.
1156 272 1243 302 Hanc
1257 271 1424 303 cumomni
1436 270 1552 302 fiducia
1564 270 1650 301 levat
1662 267 1700 300 ad

1005 316 1143 354 Petram,
1155 317 1206 346 cui
1219 316 1333 347 similis
1342 318 1400 347 est.
1414 318 1549 348 Accedite
1557 339 1567 354 ,
1582 316 1702 354 inquit,

1006 361 1045 389 ad
1060 370 1129 391 eum
1140 383 1150 398 ,
1166 365 1194 393 et
1203 363 1433 400 illuminamini,
1445 366 1472 394 et
1487 363 1580 402 facies
1594 363 1701 392 vestrm

1005 414 1066 435 non
1081 408 1315 445 confundentur.
1327 410 1395 446 Quo
1408 410 1500 447 pacto
1513 406 1647 438 humilis
1661 406 1701 435 ab

1005 451 1121 483 humili
1137 454 1368 492 confundetur,
1384 463 1402 484 a
1422 456 1476 494 pio
1491 455 1599 484 sancta
1610 475 1619 491 ,
1636 452 1668 482 et
1683 460 1701 479 a

1004 501 1170 529 mansueto
1182 499 1345 530 modesta?
1358 501 1425 530 Non
1439 501 1536 538 plane
1547 500 1700 529 abhorre-

1004 540 1052 572 bit
1067 550 1085 572 a
1100 545 1241 582 puritate
1264 545 1366 575 Petrae
1380 553 1461 583 pura
1484 544 1583 574 facies
1605 551 1702 582 spon-

1003 595 1065 625 sae,
1089 597 1154 618 non
1170 589 1273 628 magis
1287 598 1383 628 quam
1401 598 1420 620 a
1440 590 1561 621 virtute
1578 589 1698 624 virtus,

1004 640 1021 660 a
1036 633 1159 664 lumine
1175 636 1300 666 lumen.

1042 677 1072 707 6.
1103 679 1166 709 Sed
1194 681 1271 718 quia
1297 688 1364 710 non
1391 687 1434 710 ex
1455 679 1544 710 omni
1569 678 1702 709 interim

1002 724 1094 760 parte
1116 725 1222 755 adhuc
1252 725 1293 755 ad
1313 726 1439 764 petram
1459 724 1624 755 forandam
1645 724 1703 752 Ec-

1004 769 1101 799 clesia
1131 771 1287 801 accedere
1315 771 1443 809 potest,
1468 770 1592 809 (neque
1613 769 1701 799 enim

1003 816 1148 845 omnium
1165 816 1236 854 est,
1259 817 1315 855 qui
1330 817 1365 846 in
1380 817 1522 846 Ecclesia
1542 815 1635 853 sunt,
1651 823 1704 845 sa·

1004 863 1167 891 eramenta
1182 862 1302 892 divinae
1319 862 1497 893 voluntatis
1518 861 1697 899 inspicere,

1003 908 1059 936 aut
1083 907 1328 944 apprehendere
1346 916 1405 946 per
1419 907 1608 944 semetipsos
1628 914 1703 944 pro-

1005 951 1101 981 funda
1116 952 1176 981 Dei
1192 960 1200 981 t
1218 951 1229 991 )
1247 952 1321 982 ideo
1335 960 1400 981 non
1412 953 1514 982 solum
1530 953 1561 981 in
1573 951 1702 989 forami-

1005 996 1092 1027 nibus
1104 999 1218 1035 petrae,
1235 997 1292 1027 sed
1310 998 1389 1028 etin
1408 998 1544 1028 cavernis
1561 998 1703 1026 inacerim

1004 1042 1152 1072 habitare
1173 1043 1369 1073 ostenditur.
1386 1044 1465 1081 Ergo
1489 1042 1524 1071 in
1547 1041 1702 1080 perfectis

1002 1088 1146 1126 quidem,
1159 1089 1215 1127 qui
1231 1089 1343 1118 rimari
1357 1097 1393 1119 ac
1403 1088 1575 1127 penetrare
1587 1095 1702 1116 arcana

1003 1135 1171 1172 sapientiae
1194 1135 1227 1165 et
1249 1135 1391 1173 puritate
1417 1133 1621 1164 conscientiae
1643 1141 1702 1162 au-

1003 1179 1082 1209 dent
1095 1201 1104 1217 ,
1118 1180 1150 1210 et
1159 1180 1384 1219 intelligentiae
1395 1179 1543 1210 acumine
1554 1179 1701 1217 possunt,

1002 1226 1176 1256 habitatin
1197 1226 1409 1256 foraminibus
1423 1226 1536 1264 petrae.
1559 1225 1606 1254 De
1622 1225 1700 1254 reli-

1002 1280 1063 1310 quo
1082 1272 1113 1301 in
1129 1273 1276 1303 cavernis
1287 1273 1435 1302 maeeriae
1451 1281 1459 1301 ε
1476 1273 1513 1302 ut
1527 1271 1583 1310 qui
1598 1271 1631 1300 in
1643 1279 1703 1309 pe-

1003 1319 1052 1348 tra
1068 1327 1126 1357 per
1141 1318 1331 1357 semetipsos
1346 1318 1457 1348 fodere
1473 1316 1528 1347 aut
1550 1324 1613 1346 non
1635 1316 1701 1346 suf-

1002 1364 1130 1402 ficiunt,
1143 1365 1200 1395 aut
1211 1373 1274 1394 non
1289 1364 1505 1402 praesuniunt3
1519 1363 1552 1392 in
1560 1362 1701 1392 maceria

1004 1410 1146 1448 fodiant,
1173 1410 1316 1441 contenti
1337 1410 1390 1440 vel
1413 1409 1549 1448 gloriam
1571 1409 1703 1438 Sancto-

1001 1465 1074 1486 rum
1097 1457 1206 1487 mente
1222 1456 1405 1487 intueri..Si
1421 1455 1473 1486 cui
1487 1463 1529 1485 ne
1551 1455 1612 1484 hoc
1628 1455 1704 1493 qui-

1002 1502 1075 1531 dem
1101 1502 1254 1540 possibile
1280 1502 1340 1538 sit,
1357 1502 1434 1531 huic
1450 1509 1526 1531 sane
1544 1501 1703 1539 proponet

1001 1547 1110 1577 Jesum
1121 1569 1130 1585 ,
1146 1549 1177 1578 et
1191 1548 1277 1577 hunc
1299 1547 1492 1577 crucifixum
1508 1556 1516 1575 t
1533 1546 1571 1576 ut
1585 1547 1618 1576 et
1633 1547 1702 1584 ipse

1003 1593 1123 1632 absque
1140 1602 1196 1623 suo
1218 1593 1327 1623 labore
1345 1593 1471 1622 habitet
1485 1592 1520 1621 in
1535 1591 1703 1621 foramini-

1001 1638 1061 1668 bus
1090 1640 1209 1676 petrae,
1241 1639 1274 1668 in
1299 1639 1417 1677 quibus
1442 1646 1509 1667 non
1529 1638 1700 1668 laboravit.

1001 1683 1103 1713 Judaei
1120 1684 1153 1713 in
1177 1684 1228 1713 his
1248 1684 1497 1720 laboraverunt,
1521 1682 1555 1712 ct
1576 1682 1645 1720 ipse
1667 1682 1702 1711 in

1002 1728 1128 1758 labores
1143 1728 1325 1758 infidelium
1336 1728 1486 1758 introibit
1495 1750 1504 1765 ,
1520 1728 1559 1757 ut
1569 1727 1612 1757 sit
1622 1727 1703 1757 fide-

1002 1773 1052 1803 lise
1067 1775 1130 1804 Nec
1147 1775 1327 1805 verendum
1341 1774 1426 1812 quod
1437 1774 1580 1812 patiatur
1591 1773 1701 1811 repul-

987 1825 988 1834 *
1001 1827 1068 1849 sam
1078 1842 1087 1856 ,
1103 1820 1158 1858 qui
1171 1820 1203 1850 et
1213 1821 1346 1850 vocatur
1354 1819 1391 1849 ut
1405 1819 1516 1849 intret.
1528 1819 1702 1857 Inqreclerc,

1001 1866 1127 1904 inquit,
1148 1867 1179 1896 in
1203 1868 1335 1904 petram,
1363 1865 1545 1896 abscondere
1565 1865 1597 1894 in
1619 1864 1702 1902 fossa

1001 1912 1093 1943 humo
1108 1922 1129 1942 a
1143 1913 1221 1951 facie
1236 1913 1353 1942 timoris
1367 1911 1510 1948 Domini,
1527 1912 1554 1940 et
1569 1920 1589 1940 a
1604 1911 1703 1948 yleria

1001 1959 1170 1996 majestatis*
1184 1959 1260 1996 ejus.
1277 1957 1415 1986 Infirmae
1429 1956 1535 1986 adhuc
1554 1955 1588 1985 et
1602 1956 1701 1985 inerti

1001 2004 1116 2034 animae
1139 2003 1228 2044 (quae
1247 2003 1342 2040 juxta
1360 2002 1446 2041 quod
1468 2002 1502 2032 in
1527 2001 1701 2040 Evangelio

1001 2050 1130 2088 quidam
1145 2050 1185 2080 de
1197 2049 1372 2087 semetipso
1384 2048 1573 2086 confitetur,
1589 2048 1701 2078 fodere

1000 2103 1064 2125 non
1088 2096 1197 2133 valet,
1228 2096 1262 2125 et
1296 2094 1482 2124 mendicare
1514 2094 1700 2134 erubescit)

1001 2139 1082 2170 fossa
1102 2139 1282 2170 ostenditur
1306 2139 1424 2169 humus
1439 2139 1495 2169 ubi
1508 2139 1626 2176 lateat,
1646 2139 1702 2168 do-

1001 2196 1061 2218 nec
1085 2187 1286 2217 convalescat
1307 2187 1340 2216 et
1358 2185 1521 2223 proficiat,
1543 2185 1580 2215 ut
1600 2185 1702 2222 possit

1001 2235 1034 2264 et
1050 2233 1119 2272 ipsa
1134 2240 1193 2271 per
1210 2240 1244 2262 se
1267 2239 1383 2262 cavare
1409 2230 1469 2260 sibi
1491 2230 1647 2260 foramina
1666 2232 1702 2263 in

986 2303 987 2306 ,
1000 2280 1091 2318 petra
1101 2287 1159 2317 per
1170 2286 1242 2316 quae
1258 2277 1358 2307 intret
1368 2276 1408 2306 ad
1419 2277 1575 2306 interiora
1585 2276 1699 2314 Verbi,

1001 2324 1101 2354 animi
1120 2323 1234 2361 utique
1249 2321 1360 2360 vigore
1376 2321 1410 2351 et
1423 2321 1577 2358 puritate.

1040 2370 1070 2399 7.
1088 2369 1127 2397 Et
1143 2367 1168 2398 si
1184 2367 1409 2397 intelleximus
1421 2365 1535 2396 fossam
1551 2365 1700 2403 humum,

1001 2415 1089 2444 illam
1100 2422 1172 2452 quae
1189 2413 1252 2451 ait,
1265 2413 1420 2443 Foderunt
1431 2421 1542 2442 ivianus
1554 2420 1637 2442 meas
1646 2432 1657 2448 2.
1673 2414 1700 2441 et

1000 2462 1086 2500 pedes
1109 2469 1192 2490 meos
1213 2470 1222 2489 :
1245 2467 1310 2489 non
1330 2459 1393 2488 erit
1413 2457 1638 2496 ambigendum
1659 2456 1700 2487 de

1001 2507 1137 2536 sanitate
1153 2505 1187 2535 in
1203 2513 1241 2535 ea
1256 2504 1353 2534 citius
1364 2503 1569 2542 adipiscenda
1583 2502 1698 2532 animae

1000 2552 1179 2582 vulneratae
1197 2572 1206 2588 ,
1235 2558 1308 2589 quae
1336 2550 1370 2579 in
1399 2557 1437 2579 ea
1465 2547 1697 2579 demorabitur.

1001 2598 1086 2634 Qum
1112 2597 1199 2627 enim
1224 2603 1299 2626 TAM
1323 2601 1466 2626 EFFICAX
1495 2594 1535 2624 ad
1560 2590 1700 2622 curanda

1002 2642 1206 2673 conscientia‘
1227 2641 1359 2671 vulnera
1373 2662 1382 2680 ,
1404 2646 1528 2670 necnon
1557 2637 1603 2667 ad.
1621 2644 1701 2675 pur-
