1846 3078
554 232 597 259 IN
623 229 821 259 CANTICA
844 227 993 255 SERMO
1015 226 1137 254 LXXI.

158 288 189 317 8.
218 286 345 317 Habent
369 285 439 314 lilia
465 284 499 314 et
528 282 630 321 aliqui
660 281 819 312 sodalium

119 333 249 370 sponsi,
265 331 321 361 sed
341 338 406 360 non
431 329 570 367 copiam.
588 329 706 358 Omnes
732 327 818 357 enim

119 378 159 408 ad
174 384 356 407 mensuram
373 374 531 413 Spiritum
546 373 759 413 acceperunt,
780 372 820 401 ad

119 430 303 453 mensuram
318 421 460 451 virtutes
475 421 509 450 et
529 420 634 457 dona3
654 419 740 449 solus
763 418 823 453 ille,

119 477 183 498 non
204 468 303 497 hahet
326 468 477 506 modum,
498 467 553 505 qui
580 465 678 495 habet
702 464 827 506 totum?

119 513 216 543 Aliud
240 513 290 543 est
311 513 381 542 lilia
405 513 525 542 habere
540 534 548 549 ‚
574 511 664 541 aliud
688 509 817 539 nonnisi

118 560 185 589 lilia
214 559 348 589 habere.
365 560 467 596 Quem
482 558 572 588 dabis
587 556 669 586 mihi
687 556 727 585 de
744 555 820 584 filiis

117 605 316 642 captivitatis
336 605 416 634 adeo
445 603 655 633 innocentem
672 602 705 631 et
725 609 819 630 sanc-

117 651 207 688 tum,
224 650 281 688 qui
303 651 403 680 totam
427 652 548 679 terram
574 655 664 677 suam
686 646 819 675 floribus

117 704 276 734 occupare
298 694 459 733 potuerit,
478 694 511 723 et
526 691 708 723 istiusmodi
730 691 820 720 flori-

119 741 197 772 bus?
216 742 279 770 Nec
295 740 403 770 infans
420 740 508 769 certe
534 739 631 768 unius
656 736 723 766 diei
749 737 818 766 sine

119 787 212 817 sorde
229 787 277 816 est
294 794 391 823 super
405 786 539 814 terram.
554 784 686 820 Magnus
702 782 750 811 est
764 781 819 820 qui

117 833 180 862 tria
195 833 248 862 vel
263 832 400 869 quatuor
416 830 485 859 lilia
501 828 660 859 aedificare
676 828 819 866 potuerit

118 878 151 908 in
167 879 254 907 terra
269 885 326 906 sua
337 898 347 914 ‚
364 876 398 905 in
424 875 513 906 tanta
526 875 685 904 densitate
711 873 820 911 spina-

118 930 190 952 rum
207 923 241 952 et
255 921 468 958 tribulorum,
491 928 562 958 quae
577 920 652 950 sunt
675 918 818 956 germina

119 967 300 997 inveterata
322 966 564 996 maledictionis
585 965 737 1002 antiquae.
753 965 821 994 Me-

119 1021 193 1042 cum
207 1020 304 1049 ver0,
320 1011 375 1049 qui
402 1007 527 1049 pauper
544 1018 633 1048 sum,
649 1010 732 1039 bene
752 1010 821 1047 agi-

119 1059 191 1094 tur,
204 1057 231 1086 si
243 1064 396 1094 umquam
409 1056 448 1085 ab
461 1056 520 1085 hac
536 1056 676 1093 pessima
692 1057 800 1093 segete
810 1076 819 1093 ,

120 1102 331 1140 iniquitatum
353 1101 510 1131 videlicet
530 1102 626 1139 atque
641 1101 796 1130 vitiorum
809 1122 819 1138 ,

119 1147 284 1176 tantillum
299 1148 396 1177 terrae
420 1155 502 1176 meae
516 1147 685 1176 vindicare
702 1148 822 1176 exstir-

118 1192 226 1231 pando
254 1193 287 1222 et
320 1193 499 1222 excolendo
532 1192 707 1229 sufficiam,
733 1192 819 1222 unde

119 1247 218 1268 unum
236 1239 350 1268 saltem
364 1238 544 1276 producere
560 1238 666 1268 lilium
681 1239 799 1276 possim
810 1261 819 1277 ,

118 1284 146 1313 si
170 1283 253 1314 forte
283 1284 315 1314 et
341 1293 443 1322 penes
465 1293 516 1313 me
542 1284 630 1322 pasci
656 1285 820 1315 interdum

118 1329 269 1367 dignetur
281 1330 307 1360 is
320 1352 329 1367 ,
346 1331 401 1368 qui
420 1330 563 1368 pascitur
577 1329 662 1359 inter
677 1330 759 1360 lilia.

158 1375 190 1406 9.
207 1376 246 1405 At
257 1383 371 1414 parum
387 1375 476 1412 dixi,
492 1383 594 1405 unum
610 1383 618 1403 z
632 1375 671 1405 de
684 1375 821 1413 penuria

118 1421 225 1451 cordis
237 1421 301 1450 mei
314 1430 348 1451 os
361 1429 470 1450 meum
482 1421 624 1450 locutum
643 1422 703 1450 est.
712 1421 820 1450 Unum

119 1475 251 1505 prorsus
265 1475 331 1496 non
345 1466 486 1505 sufficit3
499 1466 562 1496 duo
578 1467 618 1497 ad
639 1466 746 1496 minus
762 1475 820 1495 ne—

118 1513 258 1543 cessaria
290 1514 375 1542 sunt.
403 1513 481 1542 Dico
510 1513 619 1542 autem
651 1512 822 1542 continen-

118 1558 211 1595 tiam,
221 1559 253 1588 et
267 1558 485 1588 innocentiam
499 1567 508 1587 ε
522 1565 659 1596 quarum
672 1565 735 1587 una
750 1557 820 1587 sine

118 1603 221 1633 altera
236 1611 298 1633 nec
313 1603 461 1632 salvabit.
478 1602 607 1632 Frustra
623 1597 765 1640 denique
781 1603 821 1632 ad

118 1657 217 1679 unam
231 1648 411 1687 quamlibet
425 1648 540 1677 harum
564 1648 709 1677 invitabo
725 1656 822 1686 spon-

119 1703 190 1725 sum
203 1716 213 1732 ‚
229 1695 283 1732 qui
299 1702 363 1723 non
379 1693 419 1722 ad
441 1694 547 1722 lilium
561 1715 570 1730 ‚
587 1694 644 1722 sed
664 1694 743 1722 inter
757 1694 822 1723 lilia

119 1741 207 1779 pasci
222 1740 425 1778 perhibetur.
443 1740 530 1768 Dabo
542 1739 677 1777 proinde
690 1747 821 1777 operam

120 1787 241 1816 habere
256 1785 344 1823 lilia,
360 1793 402 1814 ne
418 1785 458 1814 de
474 1784 696 1822 singularitate
714 1792 824 1814 cause-

120 1834 174 1862 tur
195 1831 281 1869 lilii,
306 1831 361 1869 qui
386 1839 450 1860 non
471 1831 543 1860 vult
567 1830 630 1860 nisi
652 1830 738 1860 inter
753 1830 821 1859 lilia

120 1877 228 1916 pasci,
241 1877 274 1907 et
290 1877 334 1907 sic
350 1876 492 1906 declinet
508 1875 540 1905 in
556 1877 603 1905 ira
616 1883 633 1905 a
648 1883 740 1905 servo
753 1884 821 1905 suo.

120 1925 205 1953 Pono
221 1923 331 1961 itaque
346 1922 484 1960 primam
500 1921 644 1951 omnium
667 1921 823 1951 innocen-

120 1969 201 1998 tIam
221 1977 229 1997 :
252 1969 286 1998 et
300 1968 325 1997 si
342 1967 418 1996 huic
432 1967 569 2005 jungere
586 1967 821 1997 continentiam

121 2015 276 2053 quivero,
293 2013 429 2043 divitem
446 2021 497 2047 me
512 2013 633 2051 putabo
649 2014 682 2042 in
697 2021 824 2051 posses-

121 2059 210 2089 sione
227 2061 382 2089 liliorum.
400 2060 471 2089 Rex
486 2067 556 2088 sum
569 2060 698 2097 autem,
714 2058 740 2088 si
757 2059 825 2088 ter-

122 2105 201 2135 tiam
223 2105 274 2134 his
289 2105 465 2142 adjungere
481 2105 595 2142 potero
616 2104 824 2143 patientiam.

122 2152 159 2179 Et
175 2150 306 2188 quidem
322 2150 456 2188 possunt
479 2150 629 2180 sufficere
654 2150 719 2180 illae
741 2158 750 2179 x
768 2150 824 2180 sed

121 2196 198 2234 quia
219 2197 251 2225 et
273 2195 411 2225 deficere
432 2195 465 2224 in
490 2195 726 2225 tentationibus
750 2204 825 2233 pos-

121 2240 214 2278 sunt,
229 2240 390 2279 siquidem
404 2242 530 2271 tentatio
551 2242 594 2271 est
613 2242 677 2271 vita
692 2241 823 2272 hominis

121 2293 211 2322 super
225 2286 342 2314 terram
363 2294 373 2314 .-
390 2292 470 2322 opus
494 2284 640 2322 profecto
665 2285 823 2322 patientia

123 2330 183 2366 est,
192 2337 263 2367 quae
273 2329 442 2368 utriusque
457 2330 500 2360 sit
513 2331 605 2368 quasi
620 2331 726 2360 tutrix
737 2340 825 2369 quae-

122 2374 195 2404 dam
221 2375 253 2404 et
278 2375 395 2404 custos.
411 2375 492 2404 Puto
507 2375 533 2404 si
550 2374 680 2405 venerit
702 2376 824 2406 amator

122 2420 178 2450 ille
194 2420 337 2449 liliorum
347 2442 357 2458 ‚
371 2420 405 2449 et
416 2419 462 2450 ita
473 2420 746 2459 invenerit‚quod
759 2429 823 2452 non

122 2465 353 2503 dedignabitur
373 2465 440 2503 jam
464 2466 555 2504 pasci
581 2467 668 2505 apud
688 2474 765 2505 n08‚
791 2468 824 2498 et:

122 2512 208 2549 apud
229 2519 286 2541 nos
314 2511 422 2542 facere
447 2512 567 2550 pascha
594 2520 602 2541 :
629 2512 685 2542 uhi
716 2513 766 2542 illi
791 2513 824 2544 et

122 2557 224 2587 malta
249 2558 393 2588 suavitas
418 2558 453 2587 in
483 2558 627 2597 duabus,
653 2559 687 2589 et
709 2567 823 2598 magna

125 2603 187 2632 erit
208 2604 364 2634 securitas
388 2604 522 2642 propter
544 2604 685 2635 tertiam.
701 2605 823 2635 Verum

123 2656 185 2685 quo
201 2650 293 2687 pacto
308 2650 436 2680 dicatur
450 2650 537 2688 pasci
558 2650 612 2687 qni
635 2650 737 2688 pascit
753 2658 824 2680 om-

1492 228 1549 258 583

853 279 928 317 nia,
957 279 1069 316 postca
1094 276 1269 307 videbitur.
1286 278 1373 308 Nunc
1398 288 1475 310 vero
1493 289 1550 319 ap-

852 324 945 362 paret
961 323 1121 362 Sponsum
1137 329 1202 350 non
1218 322 1310 350 modo
1327 330 1480 360 apparere
1498 326 1552 354 in—

852 369 903 398 ter
918 368 1001 406 lilia,
1010 366 1067 397 sed
1081 364 1216 396 minime
1232 365 1362 394 omnino
1374 368 1464 396 extra
1483 369 1552 398 lilia

852 422 944 453 posse
974 412 1148 452 aliquando
1178 410 1341 447 inveniri,
1357 419 1429 440 cum
1456 421 1551 443 omne

853 460 938 498 quod
959 460 999 490 de
1034 467 1072 489 eo
1106 458 1177 496 est,
1206 457 1240 487 et
1268 456 1337 494 ipse
1360 456 1401 485 sit
1426 457 1551 495 lilium7

854 506 992 543 Sponsus
1004 504 1155 534 Ecclesiae
1177 504 1268 532 Jesus
1287 502 1430 531 Christus
1447 502 1554 531 Domi-

853 559 913 580 nus
929 552 1057 587 noster,
1080 550 1135 587 qui
1158 549 1206 578 est
1221 555 1319 586 super
1339 546 1449 576 omnia
1469 547 1556 576 Deus

854 596 1047 626 benedictus
1061 595 1096 624 in
1111 595 1224 625 saecula
1238 615 1247 631 ‚
1264 600 1371 623 amen.

1037 704 1207 736 SERMO
1238 701 1380 734 LXXI.

853 772 892 797 De
905 772 967 796 liliis
984 772 1192 802 spiritualibus,
1204 771 1232 794 id
1246 773 1282 794 est
1298 770 1438 801 Operibus
1457 770 1553 799 boniz,

883 815 1009 839 quorum
1023 808 1093 831 odor
1105 810 1179 831 reela
1192 807 1456 836 conscIentia‚color
1468 806 1557 830 fama:

882 847 908 868 et
922 844 1065 874 quomodo
1076 842 1196 874 Sponsus
1204 845 1227 865 el
1240 843 1321 872 pascit
1331 842 1559 872 nos‚e!pascilur

883 887 897 903 a
920 880 1006 904 nohis.
1030 879 1103 902 Item
1123 879 1156 902 de
1177 878 1285 901 unilale
1304 878 1354 901 Dei
1379 877 1467 901 Patris
1488 883 1557 900 cum

882 916 955 940 Filio
965 932 973 945 ‚
985 918 1010 938 et
1023 915 1125 938 animae
1136 916 1238 938 sanctae
1251 920 1317 937 cum
1331 913 1398 938 Deo.

895 968 925 997 l.
942 968 1036 997 les
1051 966 1266 1005 praecedentis
1278 966 1447 1003 sermonis,
1465 966 1556 1004 prin-

853 1013 977 1051 cipium
993 1013 1102 1050 hujus.
1115 1013 1168 1042 Est
1182 1020 1257 1050 ergo
1272 1011 1378 1041 lilium
1398 1012 1537 1049 Sponsus
1547 1033 1556 1049 ‚

854 1059 986 1088 sednon
1012 1059 1119 1087 lilium
1141 1058 1227 1087 inter
1253 1057 1382 1096 spinas,
1404 1057 1557 1095 quoniam

853 1113 919 1134 non
937 1104 1035 1133 habet
1052 1104 1159 1142 spinas
1173 1104 1226 1141 qui
1244 1104 1413 1142 peccatum
1425 1112 1489 1132 non
1506 1103 1555 1133 fc-

855 1151 911 1180 cit.
931 1149 1081 1187 Denique
1111 1157 1259 1187 sponsam
1285 1149 1480 1186 protestatus
1506 1150 1555 1178 est

855 1196 950 1226 liIc'um
977 1197 1056 1225 inter
1070 1196 1174 1233 spinas
1196 1204 1206 1224 .·
1222 1193 1373 1232 quoniam
1388 1194 1414 1224 si
1433 1194 1556 1224 dixerit

854 1242 909 1271 vel
926 1242 993 1279 ipsa
1004 1263 1012 1278 ,
1025 1240 1100 1278 quia
1117 1241 1224 1278 spinas
1239 1249 1302 1269 non
1317 1240 1453 1279 haheat,
1470 1240 1557 1278 seip-

855 1296 923 1316 sam
938 1287 1084 1324 seducit5
1102 1287 1135 1315 et
1155 1286 1275 1316 veritas
1297 1286 1331 1315 in
1354 1294 1390 1315 ea
1414 1294 1478 1315 non
1495 1287 1556 1316 est.

855 1333 894 1362 Se
914 1341 992 1362 vero
1018 1332 1131 1362 florem
1147 1332 1279 1370 quidem
1304 1332 1337 1361 et
1358 1332 1464 1361 lilium
1480 1340 1555 1370 pro-

855 1378 958 1408 fessus
974 1378 1040 1416 est,
1055 1386 1119 1407 non
1134 1379 1241 1407 tamen
1257 1377 1342 1407 inter
1357 1377 1477 1415 spinas.
1492 1377 1558 1405 Ma-

855 1424 903 1461 gis
928 1425 1056 1462 autem,
1079 1425 1166 1461 qu,
1184 1423 1308 1460 inquit,
1330 1424 1385 1460 flos
1402 1423 1503 1460 campi
1530 1424 1558 1452 et

855 1471 952 1499 lilium
977 1470 1173 1499 com-allium.
1189 1469 1226 1498 Et
1241 1476 1305 1497 non
1331 1470 1378 1497 est
1394 1467 1559 1505 spinarum

855 1515 1000 1552 mentio,
1024 1514 1110 1552 quod
1131 1513 1231 1543 solus'
1245 1513 1288 1542 sit
1311 1513 1481 1542 hominum
1497 1513 1554 1550 qui

856 1569 934 1598 opus
949 1568 1013 1589 non
1028 1560 1148 1589 habeat
1162 1559 1271 1588 dicere
1288 1560 1475 1589 :Com-ersus
1488 1567 1558 1588 sum

856 1608 887 1635 in
906 1615 1046 1635 (erumna
1071 1614 1141 1635 mea
1154 1627 1163 1642 ‚
1188 1607 1260 1634 dum
1276 1605 1437 1642 confiqilur
1450 1605 1554 1643 spina.

858 1651 935 1687 Ergo
959 1650 1079 1687 absque
1108 1650 1187 1679 liliis
1210 1657 1386 1686 numquam
1412 1646 1478 1686 est,
1501 1649 1559 1687 qui

856 1695 976 1733 absque
995 1695 1086 1725 vitiis
1098 1702 1226 1732 semper
1240 1695 1288 1724 est
1305 1701 1313 1722 ε
1330 1693 1405 1731 quia
1421 1694 1507 1723 totus
1524 1694 1558 1723 et

856 1749 985 1779 semper
1001 1741 1049 1769 est
1073 1740 1248 1777 candidus,
1270 1739 1434 1778 speciosus
1455 1739 1559 1769 forma

856 1795 921 1824 prae
934 1787 1009 1816 [iliis
1032 1786 1213 1815 hominum.
1236 1786 1285 1814 Tu
1307 1793 1382 1822 ergo
1405 1784 1461 1823 qui
1487 1785 1556 1814 haec

857 1832 948 1861 audis
960 1833 1013 1861 vel
1029 1831 1129 1870 legis,
1147 1839 1223 1860 cura
1238 1831 1359 1860 habere
1372 1831 1441 1859 lilia
1457 1839 1559 1868 penes

857 1879 888 1907 te
900 1900 908 1916 ‚
922 1879 948 1907 si
969 1879 1018 1908 vis
1035 1878 1156 1907 habere
1173 1877 1259 1907 hunc
1286 1877 1501 1906 habitatorem
1517 1876 1559 1905 li·-

859 1924 975 1953 liorum
998 1923 1199 1953 habitantem
1226 1923 1259 1952 in
1276 1923 1320 1953 te.
1343 1922 1429 1959 Opus
1445 1922 1534 1951 tuum
1548 1944 1556 1960 ‚

857 1970 1002 1999 studium
1018 1970 1124 2005 tuum,
1141 1969 1341 1998 desiderium
1355 1968 1447 1997 tuum
1465 1975 1473 1996 ε
1489 1968 1559 1997 lilia

858 2024 927 2044 esse
941 2015 1139 2053 protestetur
1154 2014 1285 2043 moralis
1301 2013 1433 2051 quidam
1450 2021 1559 2042 rerum

859 2061 1001 2099 ipsarum
1018 2060 1149 2097 candor,
1167 2060 1263 2097 atque
1279 2059 1368 2089 odor.
1384 2059 1513 2088 Habent
1526 2059 1560 2088 et

858 2114 963 2135 mores
977 2106 1099 2135 colores
1121 2113 1212 2142 suos,
1229 2105 1351 2134 habent
1377 2104 1410 2133 et
1433 2103 1559 2133 odores.

857 2152 966 2190 Neque
992 2151 1080 2182 enim
1103 2151 1137 2181 in
1163 2150 1332 2189 spiritibus
1354 2149 1496 2188 idipsum
1512 2151 1562 2179 est

858 2199 945 2227 color
962 2198 995 2227 et
1010 2197 1108 2235 odor,
1123 2205 1188 2227 non
1203 2196 1305 2234 magis
1319 2203 1415 2234 quam
1431 2195 1465 2225 in
1490 2203 1562 2225 cor-

858 2243 1001 2281 poribus.
1030 2244 1110 2280 Ergo
1142 2243 1182 2272 de
1217 2243 1324 2272 colore
1360 2240 1561 2271 conscientia

858 2288 1061 2319 consultetur
1071 2310 1080 2326 ‚
1096 2288 1136 2318 de
1149 2287 1248 2318 odore
1263 2287 1363 2318 fama.
1374 2288 1491 2317 Foetere
1519 2286 1561 2325 fu:-

857 2335 938 2365 cistIs
952 2335 1076 2364 odorem
1099 2335 1240 2364 nostrum
1267 2341 1375 2363 coram
1394 2333 1560 2363 Pharaone

857 2381 884 2409 et
898 2381 990 2410 servis
1002 2380 1066 2417 eJ'us
1075 2401 1084 2416 ,
1094 2379 1186 2410 aiunt
1200 2379 1268 2418 illi,
1280 2379 1425 2409 dicentes
1437 2377 1476 2407 de
1491 2376 1559 2414 opi-

858 2424 967 2454 nione.
981 2426 1079 2455 Porro
1091 2425 1233 2455 colorem
1246 2424 1337 2463 operi
1349 2425 1404 2454 tuo
1419 2422 1474 2452 dat
1489 2430 1559 2451 cor-

858 2470 907 2500 dis
925 2470 1084 2509 intentio,
1104 2470 1318 2508 et‘Judicium
1338 2467 1557 2498 conscientiae,

856 2514 953 2553 Nigra
982 2516 1059 2545 sunt
1085 2514 1185 2554 vitia,
1209 2515 1314 2544 virtus
1336 2510 1471 2542 candida
1493 2510 1554 2539 est,

857 2561 945 2590 Inter
956 2560 1040 2591 hanc
1061 2561 1159 2599 atque
1175 2560 1250 2595 illa,
1267 2555 1461 2587 conscientia
1482 2562 1559 2584 con-

856 2606 938 2636 sulta
961 2606 1129 2636 discernit.
1151 2605 1219 2634 Stat
1243 2600 1404 2631 sententia
1429 2599 1558 2629 Domini

857 2651 896 2681 de
913 2652 1005 2681 oculo
1020 2658 1158 2689 nequam
1182 2649 1214 2678 et
1233 2646 1342 2677 lucido
1354 2667 1363 2684 ,
1377 2644 1453 2684 qnia
1468 2645 1557 2675 inter
