1810 3073
283 232 341 264 196

281 286 366 318 Sunt
376 286 434 328 qui
448 285 626 328 gloriantur
641 299 711 320 cum
736 290 819 320 male
837 290 965 328 fecerint
977 309 987 325 ‚

281 334 310 362 et
320 335 478 364 exsultant
485 337 517 365 in
526 335 615 365 rebus
622 336 771 374 pessimis.
781 335 867 371 Quos
876 335 988 363 notans

281 378 461 417 Propheta,
476 382 611 410 Peccata
631 389 689 411 sua
701 401 711 416 ‚
728 380 855 418 inquit,
873 379 988 417 proedi-

281 427 427 455 caverunt
450 427 528 456 sicut
552 427 698 456 Sodoma.
720 426 841 454 Verum
867 425 926 453 hos
946 422 986 452 ab

280 469 340 499 hac
362 470 601 509 disputatione,
627 471 795 508 tamquam
816 470 987 499 saeculares

279 522 427 546 amoveo.
450 517 528 546 Nam
543 516 623 554 quid
649 515 689 545 ad
710 523 769 545 nos
795 515 834 545 de
856 515 906 544 his
930 513 1002 552 quis

279 560 358 591 foris
373 561 471 591 sunt?

319 607 350 637 9.
367 608 567 645 Quamquam
581 608 613 637 et
629 607 667 637 de
681 607 749 646 his,
763 607 817 645 qui
833 606 984 645 religiose

276 653 388 689 vestiti
399 674 408 689 ,
441 654 473 683 et
498 653 694 691 religionem
721 653 859 692 professi
888 653 982 691 sunt,

277 705 522 737 nonnumquam
538 699 723 729 audivimus
741 700 866 737 aliquos
884 700 984 729 remi-

275 835 404 872 quando
437 837 490 866 vel
522 836 650 866 sortiter
686 836 895 874 gladiatorio,
928 838 980 866 vel

276 882 388 918 argute
417 882 613 912 litteratorio
648 890 776 920 gessere
803 883 979 920 conflictu,

274 931 333 953 seu
345 925 435 954 aliud
445 926 523 964 quid
535 927 714 956 secundum
723 927 835 956 mundi
849 927 979 965 quidem
996 947 999 955 Α

274 969 453 1000 vanitatem
466 971 656 1009 favorabile,
666 973 846 1002 secundum
863 974 980 1002 animae

274 1021 352 1043 vero
379 1016 520 1046 salutem
542 1018 712 1054 nocivum,
735 1017 956 1054 perniciosum
970 1040 978 1056 ,

273 1057 474 1090 damnosum.
486 1061 654 1093 Saecularis
665 1063 770 1092 adhuc
784 1063 883 1091 animi
896 1063 979 1093 indi-

274 1103 362 1133 cium
386 1107 435 1135 est
457 1106 516 1136 hoc
538 1115 546 1135 :
565 1108 598 1137 et
619 1107 753 1138 humilis
773 1107 903 1138 habitus
923 1109 977 1146 qui

273 1151 418 1187 gestatur
432 1160 449 1181 a
466 1153 602 1192 talibus,
615 1162 678 1183 non
692 1155 808 1185 sanctas
825 1155 978 1185 novitatis

274 1195 325 1224 est
352 1198 509 1227 meritum
524 1219 533 1235 ,
564 1198 622 1228 sed
654 1199 769 1237 priscae
804 1200 978 1230 vetustatis

272 1243 476 1278 operculum.
508 1244 661 1274 Nonnulli
688 1245 782 1284 talia,
809 1246 901 1284 quasi
924 1247 978 1276 do-

272 1285 370 1317 lendo
387 1289 420 1318 et
441 1290 632 1327 poenitendo
654 1294 895 1330 rememorant3
921 1293 976 1322 sed

271 1331 407 1369 gloriam
422 1334 604 1367 intentione
621 1338 799 1375 captantes,
809 1339 976 1369 commi-ssa

271 1385 330 1407 sua
346 1387 411 1409 non
427 1380 577 1420 diluunt,
593 1383 649 1412 sed
671 1384 793 1422 seipsos
820 1385 973 1415 illudunt.

271 1423 350 1452 Nam
362 1427 444 1456 Deus
455 1435 518 1456 ηοη
529 1430 684 1459 irraletur.
702 1430 855 1460 Veterem
871 1431 976 1460 homi-

269 1476 346 1498 nem
363 1478 428 1500 non
444 1475 629 1512 exuerunt,
655 1475 711 1504 sed
727 1484 809 1505 novo
825 1476 972 1513 palliant.

270 1513 337 1543 Non
354 1516 503 1553 proditur
525 1520 580 1548 aut
605 1519 776 1556 projicitur
796 1521 891 1549 vetus
910 1521 975 1550 fer-

269 1561 418 1590 mentum
431 1562 487 1591 illa
500 1563 719 1602 consessione3
737 1565 794 1594 sed
809 1566 972 1604 statuitur,

267 1606 451 1636 secundum
483 1608 566 1638 illud
590 1618 597 1638 :
623 1611 874 1641 Inceterarernnt
906 1621 973 1642 ossa

269 1658 358 1686 mea,
375 1652 446 1680 dum
462 1653 629 1684 clamarem
650 1657 713 1685 tota
733 1656 790 1685 (lic.
807 1656 909 1685 Pudet
921 1665 975 1686 re·

268 1695 398 1726 minisci
408 1699 620 1736 quorumdam
631 1700 753 1730 tantam
762 1702 971 1740 proterviam,

268 1741 303 1769 ut
328 1749 393 1771 non
421 1743 544 1780 pudeat
569 1753 624 1774 eos
649 1754 723 1775 cum
753 1748 971 1778 exsultatione

267 1786 568 1825 lugendajactitare
579 1812 587 1827 ,
606 1791 692 1829 quod
705 1792 823 1830 etpost
840 1802 973 1832 suscep-

267 1832 337 1860 tum
362 1835 510 1864 sanctum
536 1835 686 1866 habitum
713 1837 830 1867 callide
856 1847 972 1876 quem-

266 1877 356 1914 piam
383 1881 692 1921 supplantaverint,
723 1884 756 1913 et
785 1884 972 1915 circumve-

266 1922 376 1953 nerint
398 1924 432 1954 in
455 1927 586 1964 negotio
608 1927 745 1958 fratrem
767 1937 774 1958 :

265 1968 424 1999 talionem
449 1979 506 2008 pro
523 1972 671 2003 convicio
694 1975 748 2004 vel
776 1976 969 2015 maledicto,

266 2013 301 2042 id
317 2016 365 2044 est
386 2017 508 2047 malum
532 2027 590 2056 pro
610 2020 715 2058 malo;
737 2022 793 2050 aut
813 2023 971 2053 maledic-

267 2060 335 2089 tum
358 2070 415 2100 pro
440 2064 613 2095 maledicto
640 2066 796 2097 audacter
816 2068 971 2099 reddide-

267 2105 343 2136 rint.

308 2152 357 2181 40.
374 2153 437 2183 Sed
452 2156 501 2186 est
522 2157 681 2188 confessio
700 2167 738 2188 eo
754 2159 970 2197 periculosius

266 2197 382 2234 noxia,
405 2208 468 2237 qno
493 2202 646 2232 subtilius
674 2212 775 2242 vana,
801 2214 872 2235 cum
901 2207 969 2245 ipsa

268 2241 367 2270 etiam
384 2245 553 2277 inhonesta
570 2249 602 2277 et
619 2249 726 2287 turpia
743 2250 782 2280 de
801 2252 895 2282 nobis
913 2253 970 2283 de-

266 2286 377 2324 tegere
392 2297 455 2319 non
470 2300 641 2331 veremur,
657 2303 722 2324 non
738 2296 814 2334 quia
831 2297 969 2329 humiles

266 2340 395 2372 sumus,
412 2336 467 2365 sed
479 2339 513 2367 ut
530 2346 597 2368 esse
611 2341 773 2377 putemur.
791 2344 970 2374 APPETERE

266 2379 376 2408 autem
393 2380 433 2410 de
455 2381 641 2414 humilitate
665 2387 814 2425 laudem,
836 2389 969 2420 humili-

265 2424 343 2454 tatis
370 2426 437 2463 est,
467 2436 532 2456 non
554 2430 674 2467 virtus,
705 2433 763 2462 sed
787 2435 966 2467 subversio.

267 2468 380 2500 venus
396 2478 539 2503 nunnus
555 2474 631 2504 vilis
643 2477 713 2505 vult
726 2480 888 2516 reputari,
905 2489 967 2511 non

266 2512 401 2545 humilis
425 2517 606 2554 praedicari.
630 2520 756 2551 Gaudet
780 2525 968 2563 contemptu

264 2560 316 2590 sui
327 2583 336 2597 ,
349 2560 408 2591 hoc
421 2564 486 2593 solo
501 2572 578 2594 sane
594 2567 754 2604 superbus
765 2589 773 2605 ,
796 2569 883 2606 quod
898 2571 967 2600 lau-

267 2605 324 2635 des
340 2609 525 2640 contemnit.
536 2610 619 2648 Quid
633 2613 832 2651 perversius,
848 2615 966 2652 quidve

267 2650 449 2692 indignius,
476 2664 571 2695 quam
587 2658 623 2687 ut
645 2657 839 2689 humilitatis
861 2662 967 2691 custos

800 1931 856 1960 aut
885 1932 991 1968 quod¹

766 236 794 263 S.
817 233 1048 264 BERNARDI
1071 234 1262 264 ABBATIS

1023 288 1180 318 consessio
1192 289 1352 327 superbiae
1364 288 1502 328 militet,
1511 289 1627 321 etinde
1638 290 1720 322 velis

1022 333 1127 362 videri
1150 334 1283 370 melior,
1307 335 1392 364 unde
1413 335 1535 365 videris
1556 335 1720 370 deterior?

1021 378 1168 408 Mirabile
1179 379 1344 416 jactantiae
1358 388 1477 418 genus,
1494 382 1529 411 ut
1541 389 1604 410 non
1619 381 1719 419 possis

1021 424 1127 460 putari
1143 425 1292 462 sanctus,
1315 425 1343 455 si
1367 434 1431 455 non
1447 435 1602 464 appareas
1616 428 1718 456 scele-

1019 470 1119 499 ratus.
1133 471 1170 500 At
1185 470 1259 500 talis
1272 471 1429 501 confessio
1444 473 1587 510 speciem
1595 472 1718 503 habens

1020 514 1231 553 humilitatis,
1247 524 1312 546 non
1337 517 1510 555 virtutem,
1536 526 1600 547 non
1615 518 1717 549 solum

1020 561 1149 590 veniam
1172 570 1236 591 non
1255 562 1420 599 meretur,
1436 563 1493 592 sed
1509 563 1543 592 et
1565 564 1718 600 provocat

1019 605 1111 636 iram.
1129 607 1291 645 Numquid
1302 608 1423 645 profuit
1434 609 1527 646 Saul,
1539 608 1623 646 quod
1634 616 1667 637 se
1677 608 1717 638 ad

1018 650 1274 690 increpationem
1291 653 1452 683 Samuelis
1475 662 1625 691 peccasse
1641 662 1717 683 con-

999 702 1001 711 *
1017 696 1117 727 sessus
1135 699 1183 728 est
1203 698 1214 727 ἓ
1231 699 1407 736 Culpabilis
1422 699 1635 737 proculdubio
1656 699 1718 729 suit

276 743 360 774 nisci
376 746 408 774 et
427 744 579 781 jactitare
598 745 883 783 impudentissime
899 746 981 774 mala
999 747 1000 762 ³
1016 742 1071 772 illa
1088 744 1264 782 confessio,
1279 754 1351 783 quae
1368 746 1495 783 culpam
1520 753 1584 775 non
1608 745 1715 775 diluit.

277 797 335 818 sua
350 791 517 827 praeterita
528 813 537 825 ,
549 800 621 828 quae
636 789 646 829 (
664 790 756 819 verbi
773 789 904 830 gratia)
923 791 982 820 ali-
998 806 999 811 =

1014 788 1148 825 Quando
1180 791 1269 819 enim
1298 791 1457 820 humilem
1493 788 1718 821 contemneret

1015 834 1248 865 confessionem
1273 836 1469 866 humilitatis
1494 837 1658 873 Magister,
1684 836 1717 866 et

1014 880 1067 909 cui
1083 880 1262 911 humilibus
1277 882 1352 911 dare
1369 882 1505 920 gratiam
1520 882 1607 911 certe
1624 881 1715 919 inge-

1013 925 1118 954 nitum
1145 927 1219 956 est?
1241 928 1379 957 Omnino
1403 936 1469 957 non
1499 927 1627 965 poterat
1650 935 1717 957 non

1013 971 1151 1010 placari,
1168 973 1195 1002 si
1210 983 1281 1011 quae
1297 974 1330 1003 in
1353 982 1407 1003 ore
1423 974 1550 1011 sonuit,
1568 973 1600 1002 in
1619 973 1716 1003 corde

1013 1016 1169 1047 radiasset
1189 1019 1369 1048 humilitas.
1385 1020 1467 1048 Ecce
1481 1028 1539 1049 cur
1553 1019 1713 1048 humilem

1013 1069 1082 1090 esse
1099 1062 1219 1093 dehere
1235 1064 1473 1094 confessionem
1489 1065 1573 1094 dixi.

1053 1108 1102 1136 11.
1116 1109 1250 1146 Oportet
1265 1110 1375 1139 autem
1388 1118 1456 1140 esse
1473 1110 1507 1139 et
1518 1109 1712 1147 simplicem.

1012 1153 1079 1182 Non
1096 1153 1311 1184 intentionem
1330 1154 1340 1194 (
1363 1155 1444 1185 forte
1463 1155 1539 1193 quia
1559 1155 1639 1185 latet
1656 1155 1716 1185 ho-

1012 1198 1116 1228 mines
1135 1198 1146 1239 )
1165 1208 1321 1230 excusare
1350 1201 1511 1238 delectet,
1533 1201 1559 1230 si
1583 1201 1625 1231 sit
1638 1209 1712 1238 rea3

1011 1252 1070 1273 nec
1087 1245 1228 1283 levigare
1245 1247 1373 1284 culpam
1387 1268 1396 1284 ,
1419 1255 1491 1284 quae
1515 1246 1623 1284 gravis
1642 1248 1710 1283 est3

1011 1298 1070 1319 nec
1087 1291 1193 1320 alieno
1206 1291 1397 1322 adumbrare
1413 1300 1526 1329 suasu,
1542 1299 1616 1321 cum
1628 1291 1711 1320 invi-

1011 1336 1078 1365 tum
1098 1344 1194 1366 nemo
1213 1338 1367 1375 coegerit.
1383 1338 1528 1367 Primum
1546 1337 1628 1367 illud
1646 1346 1711 1367 non

1011 1382 1168 1412 confessio
1182 1384 1248 1421 est,
1264 1384 1319 1413 sed
1335 1383 1480 1413 defensio
1494 1391 1503 1420 ς
1516 1391 1576 1412 nec
1591 1384 1709 1420 placat,

1009 1427 1065 1456 sed
1080 1429 1247 1466 provocat.
1273 1429 1418 1467 Sequens
1434 1429 1590 1458 monstrat
1604 1429 1711 1467 ingra—

1009 1472 1185 1503 titudinem
1204 1482 1212 1511 ;
1243 1475 1277 1503 et
1306 1483 1367 1512 quo
1402 1475 1508 1504 minor
1542 1474 1711 1512 reputatur

1009 1518 1119 1555 culpa,
1139 1528 1176 1548 eo
1193 1519 1350 1549 minuitur
1363 1521 1395 1549 ct
1409 1520 1508 1557 gloria
1525 1519 1707 1550 indultoris.

1008 1564 1069 1593 Sed
1096 1565 1183 1594 enim
1209 1566 1317 1595 minus
1343 1566 1485 1595 libenter
1511 1566 1707 1596 beneficium

1008 1609 1120 1647 datur,
1137 1611 1223 1649 quod
1239 1612 1346 1640 minus
1368 1613 1458 1650 grate
1481 1611 1629 1641 minusve
1652 1620 1709 1641 ne-

1008 1656 1145 1686 cessarie
1175 1657 1348 1694 provenire
1384 1658 1534 1687 sentitur.
1570 1658 1706 1687 Veniam

1007 1701 1143 1739 proinde
1159 1702 1222 1732 sibi
1239 1703 1424 1740 abjudicat,
1440 1703 1495 1741 qui
1512 1711 1628 1733 munus
1642 1704 1706 1733 lar-

1007 1747 1118 1785 gitoris
1139 1749 1311 1778 attenuat:
1338 1749 1423 1787 quod
1446 1749 1577 1787 quidem
1605 1750 1708 1779 omnis

1007 1793 1062 1831 qui
1079 1795 1204 1823 reatum
1221 1803 1312 1824 suum
1326 1794 1435 1824 verbis
1444 1795 1597 1824 alleviare
1611 1803 1706 1824 cona-

1007 1840 1077 1875 tur,
1094 1838 1182 1868 facit.
1196 1839 1265 1868 Jam
1281 1847 1298 1868 a
1315 1840 1477 1877 postremo
1492 1839 1589 1878 primi
1602 1840 1706 1869 homi-

1006 1885 1056 1914 nis
1071 1885 1262 1914 dehortetur
1278 1887 1464 1923 exemplum
1478 1907 1487 1923 ,
1503 1894 1562 1916 nec
1579 1887 1704 1924 culpam

1005 1931 1165 1968 siquidem
1179 1931 1367 1969 diffitentis,
1383 1940 1443 1961 nec
1459 1933 1569 1962 tamen
1592 1941 1704 1962 conse-

1004 1977 1135 2013 quentis
1150 1977 1279 2006 veniam
1294 1999 1303 2015 ,
1320 1985 1385 2006 non
1408 1977 1545 2007 dubium
1565 1978 1643 2016 quin
1663 1978 1703 2008 ob

1005 2021 1114 2051 reatus
1141 2022 1290 2052 mulieris
1320 2023 1568 2053 admixtionem.
1598 2024 1704 2053 Genus

1005 2068 1222 2098 excusationis
1237 2069 1295 2106 est,
1308 2078 1381 2098 cum
1397 2070 1593 2107 argueristu,
1604 2069 1703 2099 alium

1005 2113 1164 2144 incusare.
1174 2116 1269 2145 Porro
1278 2124 1433 2145 excusare
1443 2118 1473 2146 te
1484 2118 1569 2146 velle
1578 2116 1704 2154 quando

1005 2161 1193 2198 corriperis,
1210 2170 1305 2199 quam
1321 2162 1363 2192 sit
1379 2171 1442 2191 non
1458 2163 1552 2192 modo
1568 2163 1702 2192 minime

1004 2206 1201 2236 fructuosum
1212 2229 1221 2244 ,
1237 2207 1295 2236 sed
1312 2209 1343 2237 et
1358 2207 1595 2246 perniciosum,
1611 2216 1703 2238 sanc-

1005 2253 1071 2282 tum
1089 2252 1374 2291 Davidinterroga.
1390 2254 1493 2283 Verba
1508 2262 1624 2292 nempe
1636 2263 1701 2284 onu-

1004 2299 1095 2334 Iz'tz'oe,
1116 2299 1329 2329 excusationes
1342 2300 1374 2328 in
1394 2301 1527 2338 peccatis
1542 2300 1700 2337 appellat,

1002 2351 1044 2373 ne
1061 2343 1095 2372 in
1120 2351 1157 2373 ea
1181 2343 1325 2373 declinet
1347 2353 1400 2374 cor
1422 2353 1516 2374 suum
1539 2353 1654 2384 rogans
1670 2346 1701 2375 ct

1003 2389 1199 2428 supplicans.
1218 2390 1332 2420 Merito
1350 2391 1495 2428 quidem.
1513 2392 1547 2420 ln
1562 2392 1698 2420 animam

1003 2435 1125 2465 etenim
1149 2443 1239 2465 suam
1265 2438 1379 2473 peccat
1403 2437 1458 2474 qui
1483 2446 1517 2467 se
1545 2436 1698 2474 excusat,

1002 2482 1164 2519 repellens
1175 2482 1311 2520 proinde
1327 2491 1345 2512 a
1361 2491 1394 2512 se
1404 2483 1615 2521 indulgentiae
1630 2491 1699 2512 mc-

1002 2526 1161 2564 dicinam,
1181 2528 1270 2557 etsie
1289 2528 1391 2558 vitam
1413 2529 1475 2558 sibi
1490 2528 1619 2567 proprio
1643 2536 1698 2558 ore

1002 2573 1233 2604 intercludens.
1243 2574 1280 2603 Et
1295 2583 1441 2612 quaenam
1451 2575 1552 2612 major
1564 2573 1698 2610 malitia,

1001 2626 1096 2654 quam
1113 2620 1276 2657 propriam
1300 2621 1418 2650 armari
1442 2621 1475 2650 in
1491 2621 1647 2658 salutem,
1667 2621 1699 2648 vt

985 2676 987 2679 ·
1002 2663 1118 2702 lingua:
1143 2666 1207 2695 tuae
1229 2665 1438 2704 temetipsum
1454 2674 1607 2697 mucrone
1620 2674 1699 2696 con—
