1830 3073
301 191 360 222 {18

298 247 415 277 tudine
439 254 611 287 corporum
633 245 679 278 sic
708 248 796 278 errat
824 247 952 283 anima,
967 246 1005 274 ut

301 294 443 333 seipsam
465 293 592 325 nesciat
613 293 679 324 nisi
701 301 889 332 corpoream
918 291 1005 329 cogi-

300 341 384 370 tare.
398 339 460 370 Ubi
475 340 525 370 est
550 340 638 370 enim
663 340 837 370 thesaurus
856 338 944 375 ejus,
957 336 1004 366 ibi

300 387 351 417 est
367 386 401 417 et
413 394 480 417 cor.
493 387 561 416 Hoc
576 386 660 424 sapit
672 384 758 423 quod
773 383 890 421 diligit.
901 382 1005 412 Affec-

297 432 443 463 tionibus
456 432 618 471 siquidem
630 430 772 468 obligata
791 430 824 459 et
837 429 920 459 illita
936 429 1004 459 ter-

297 478 385 510 renis
397 500 408 517 ,
421 486 512 509 suam
524 477 626 516 ipsius
658 475 776 505 faciem
800 474 1003 505 considerare

296 533 362 555 non
377 525 497 563 potest.
510 523 612 553 infixa
629 522 678 552 est
693 521 727 550 in
743 521 821 550 limo
836 519 1002 559 profundi,

297 572 332 601 et
345 571 485 609 seipsam
500 577 564 599 non
572 568 676 605 videt,
691 567 749 597 sed
759 567 853 605 putat
867 566 1004 596 formam

297 626 390 647 suam
408 625 478 647 esse
507 615 633 644 luteam
657 614 749 643 illam
771 621 869 652 quam
896 613 1004 651 portat

296 663 485 700 imaginem.
504 660 567 691 Sed
596 660 727 690 omnino
753 660 850 690 aliter
879 660 953 690 est:
971 659 1004 688 et

295 709 392 737 aliter
408 706 634 737 consideratur
651 714 804 736 mensura
819 705 939 736 animae
951 713 1003 735 se-

296 752 440 782 cundum
462 752 582 781 locum.
612 751 716 781 Locus
736 751 901 789 siquidem
927 751 1003 780 uni-

297 796 415 834 cuique
441 796 510 834 rei,
539 795 613 826 finis
639 796 688 825 est
713 804 779 825 suae
801 795 999 825 substantiae.

296 841 485 871 Substantia
510 850 589 872 vero
616 841 732 871 animae
754 841 788 871 in
803 841 928 871 ratione
941 863 950 878 ,
966 841 1002 870 in

294 888 465 926 memoria,
482 887 515 917 in
531 888 686 924 consilio,
703 887 871 924 injudicio
883 909 891 925 ‚
908 887 1003 917 caete-

293 933 403 971 risque
413 934 575 963 similibus
588 934 635 963 est
647 942 654 962 :
664 942 733 971 quae
744 932 850 962 omnia
858 941 914 962 suo
922 940 1002 971 quo-

293 988 357 1018 que
381 979 446 1010 fine
472 980 679 1010 clauduntur.
710 979 747 1008 In
771 986 923 1008 mensura
953 979 1002 1008 est

294 1034 370 1064 crgo
384 1025 487 1056 factus
499 1026 603 1055 onmis
618 1025 765 1064 spiritus,
779 1025 899 1062 praeter
915 1024 1002 1054 divi-

293 1078 373 1099 num
390 1070 488 1109 :quia
503 1071 536 1100 et
564 1070 647 1100 ratio
665 1069 756 1107 ejus,
783 1070 817 1099 et
832 1069 1000 1107 memoria,

293 1115 329 1145 ct
344 1116 462 1146 caetera
487 1116 596 1146 omnia
611 1124 702 1146 suam
722 1115 847 1146 habent
871 1123 1002 1145 mensu-

292 1163 428 1192 ram21n
452 1170 588 1192 numero
612 1162 695 1192 sacta
712 1163 787 1192 suut
812 1161 931 1199 omnia,
947 1162 1001 1191 vel
1018 1170 1020 1202 j

291 1207 474 1238 secundum
490 1209 633 1247 partium
659 1207 948 1246 compositionem,
966 1208 1002 1237 ut

291 1254 370 1283 sunt
397 1262 555 1292 corpora:
580 1254 634 1283 vel
657 1254 836 1283 secundum
860 1252 1001 1282 varieta-

292 1299 363 1327 tem
381 1300 415 1329 et
441 1299 715 1337 mutabilitatem,
740 1300 776 1328 ut
799 1298 873 1329 sunt
903 1298 1001 1328 etiam

292 1344 497 1383 incorporea.
528 1345 622 1375 Solus
654 1346 741 1374 Deus
769 1346 834 1381 cst,
852 1344 885 1373 in
904 1353 1000 1382 quem

290 1399 353 1421 nec
369 1392 508 1429 pondus,
518 1400 578 1421 nec
590 1399 742 1421 mensura
755 1391 842 1421 cadit
853 1391 1000 1427 omnino,

292 1445 353 1466 nec
367 1445 536 1467 numerus.
553 1437 642 1467 Unus
653 1437 742 1467 Deus
758 1437 818 1473 est,
829 1436 1000 1466 nonhabet

292 1483 342 1512 sui
357 1483 487 1521 generis
502 1483 555 1513 cui
571 1483 679 1513 valeat
702 1483 896 1520 comparari.
913 1483 1002 1512 Unus

292 1530 343 1558 cst
360 1529 393 1558 et
409 1530 496 1559 solus
510 1528 580 1567 ipse
596 1528 728 1567 penitus
744 1528 999 1558 inaestimabilis:

292 1576 435 1605 :eternus
451 1583 582 1613 quoque
606 1575 639 1605 et
660 1575 840 1604 immensus
851 1596 860 1613 ,
876 1574 1001 1605 indivi-

290 1629 370 1658 sus,
394 1622 428 1651 et
462 1621 594 1651 omnino
618 1621 838 1651 invariabilis.

427 1734 596 1766 SERMO
625 1733 864 1766 LXXXVII.

293 1799 334 1823 De
347 1800 441 1823 osculo
454 1799 550 1830 Sponsi
562 1818 568 1827 ‚
585 1807 635 1823 scu
647 1801 737 1830 gratia
749 1798 999 1830 contemplationis.

332 1853 362 1882 1.
382 1853 542 1884 Osculetur
573 1862 620 1883 me
646 1854 747 1883 osculo
770 1854 833 1884 oris
851 1855 910 1883 sui.
927 1851 1000 1882 Tria

291 1900 368 1929 sunt
392 1900 504 1929 oscula
520 1908 528 1928 :
546 1900 689 1937 primum
703 1922 711 1937 ,
724 1899 845 1937 pedum
863 1907 1001 1929 :secun-

294 1945 392 1982 dum,
418 1952 601 1974 manuum:
619 1944 776 1981 tertium,
815 1943 892 1973 oris.
922 1944 1001 1973 Cum

292 1989 401 2027 primo
417 1988 652 2026 convertimur,
668 1989 769 2027 pedes
790 1988 922 2018 Domini
947 1996 1000 2017 os-

290 2036 453 2065 culamur.
476 2036 548 2065 Duo
574 2037 686 2065 autem
712 2035 788 2064 sunt
812 2034 913 2072 pedes
938 2035 1001 2063 Do-

291 2081 398 2119 mini,
428 2081 652 2112 misericordia
687 2081 720 2111 et
743 2081 879 2111 veritas.
907 2081 999 2110 Hunc

295 2128 471 2165 utrumque
486 2126 604 2165 pedem
625 2127 713 2157 Deus
737 2126 999 2157 convertentium

292 2172 443 2202 cordibus
456 2173 630 2211 imprimit,
647 2173 679 2203 et
691 2174 865 2211 utrumque
881 2173 999 2211 pedem

293 2219 445 2256 peccator
459 2219 595 2257 quisque
607 2242 615 2257 ,
633 2219 660 2249 si
683 2227 762 2249 vere
778 2218 999 2256 convertitur,

293 2263 515 2300 amplectitur.
539 2264 571 2294 Si
586 2265 674 2295 enim
690 2265 790 2294 solam
815 2264 1001 2294 misericor-

295 2308 383 2338 diam
398 2308 468 2338 sine
485 2310 624 2341 veritate
640 2310 825 2348 reciperet,
840 2318 902 2348 per
917 2319 1000 2348 prae-

294 2355 517 2392 sumptionem
532 2356 673 2387 caderet.
687 2358 810 2386 Rursus
829 2357 857 2387 si
878 2357 1001 2387 verita-

294 2402 364 2431 tem
378 2400 448 2430 sine
459 2401 681 2431 misericordia
692 2403 867 2440 reciperet,
882 2402 1002 2432 nihilo-

295 2446 406 2476 minus
421 2455 480 2485 per
495 2446 757 2485 desperationem
773 2449 908 2485 periret.
937 2449 1001 2478 Sed

297 2494 336 2522 ut
346 2492 402 2522 fiat
416 2493 524 2523 salvus
537 2514 546 2531 ,
560 2493 601 2522 ad
616 2494 792 2531 utrumque
804 2494 922 2531 pedem
939 2494 1001 2524 liu-

297 2538 423 2568 militer
447 2539 713 2577 provolviturzut
741 2548 801 2577 per
826 2540 1000 2569 veritatem

297 2584 433 2622 peccata
447 2584 598 2622 damnet,
613 2584 645 2615 et
665 2592 724 2622 per
745 2584 1002 2614 misericordiam

299 2629 430 2661 zeniam
451 2629 584 2670 speret:
600 2630 633 2661 et
655 2629 715 2660 hoc
741 2629 882 2669 primum
912 2638 1002 2660 oscu-

1019 1118 1166 1155 tutum,
1206 1117 1239 1146 et
1273 1117 1407 1146 vocatur

767 193 798 221 S.
822 191 1059 221 BERNARDI
1084 192 1281 220 ABBATIS

1037 245 1118 275 lum.
1136 247 1321 277 Secundum
1345 247 1492 278 osculum
1503 246 1557 286 fit,
1573 254 1647 277 cum
1668 246 1735 286 pri-

1038 300 1128 322 mum
1141 292 1183 322 ad
1196 293 1280 323 bona
1293 301 1390 332 opera
1401 293 1636 332 consurgimus.
1647 293 1735 324 Tunc

1037 345 1152 367 manus
1167 338 1296 368 Domini
1311 340 1506 377 osculamur,
1517 347 1592 369 cum
1608 340 1641 369 ei
1652 346 1736 369 *nos-

1037 383 1088 414 tra
1105 384 1190 414 bona
1205 392 1304 423 opera
1318 386 1504 423 offerimu33
1520 385 1574 416 vel
1594 393 1670 416 cum
1694 384 1736 414 ab

1037 437 1076 459 eo
1092 429 1251 460 virtutum
1271 431 1354 460 dona
1378 431 1569 469 recipimus.
1595 432 1636 462 At
1656 439 1735 461 vero

1036 476 1170 506 tertium
1185 477 1330 507 osculum
1344 478 1419 508 tunc
1428 477 1477 515 fit,
1493 486 1566 508 cum
1578 477 1646 515 jam
1659 485 1737 507 con⁴

1036 524 1163 561 sumpto
1176 523 1268 553 luctu
1281 523 1497 561 poenitentiae‚
1509 523 1577 560 jam
1593 522 1738 561 acceptis

1036 568 1196 598 virtutum
1211 568 1315 606 donis,
1330 576 1422 599 mens
1437 569 1561 599 coelesti
1575 567 1738 599 desiderio

1035 613 1202 652 inspirata,
1219 613 1260 643 ad
1271 614 1396 644 secreta
1412 613 1577 643 interioris
1591 612 1737 643 cubiculi

1035 659 1150 698 gaudia
1168 659 1343 698 impatiens
1361 660 1480 689 amoris
1501 658 1664 688 introduci
1679 658 1739 688 de·-

1035 705 1156 735 siderat
1172 714 1180 734 :
1197 713 1271 735 cum
1280 705 1429 735 dulcibus
1443 704 1611 743 suspiriis,
1622 712 1738 734 vocem

1035 751 1135 781 animi
1147 751 1481 790 interrumpentibus,
1498 751 1552 790 pio
1568 750 1674 780 cordis
1689 750 1738 780 at·-

1035 797 1124 828 fectu
1153 797 1304 828 decantat
1321 806 1328 826 :
1345 798 1473 829 Vultum
1497 799 1584 827 tuum
1605 797 1738 827 Domine

1034 845 1204 882 requiram.
1231 845 1270 874 Et
1295 843 1340 873 ita
1365 851 1407 873 ex
1431 842 1623 873 vehementi
1650 841 1738 872 desi-

1034 889 1125 919 derio
1137 889 1173 919 tit
1186 889 1216 919 ei
1237 897 1383 927 praesens
1406 897 1542 926 sponsus
1557 896 1677 927 :quem
1691 887 1743 918 sie

1034 935 1139 971 amat,
1156 943 1254 973 quem
1270 935 1315 964 sie
1333 934 1482 972 affectat,
1495 933 1548 964 eui
1564 934 1609 964 sic
1632 933 1739 971 suspi-

1034 980 1094 1008 rat.
1108 980 1252 1009 Primum
1269 979 1378 1017 itaque
1401 979 1549 1009 osculum
1579 978 1615 1008 fit
1636 978 1671 1007 in
1685 986 1739 1008 re·-

1034 1025 1187 1055 missione
1202 1026 1432 1064 peccatorum,
1449 1025 1483 1054 et
1497 1024 1617 1054 dicitur
1630 1024 1739 1062 propi·

1034 1072 1213 1101 tiatorium.
1230 1071 1416 1101 Secundum
1446 1070 1483 1099 fit
1505 1069 1541 1098 in
1564 1069 1656 1099 donis
1670 1068 1740 1098 vir-

1466 1113 1736 1144 muneratorium.

1033 1164 1179 1193 Tertium
1192 1163 1228 1193 fit
1256 1163 1291 1192 111
1321 1161 1599 1199 contemplatione
1625 1161 1739 1190 coeles-

1033 1210 1135 1247 tium,
1158 1209 1191 1239 et
1222 1209 1357 1238 vocatur
1375 1206 1696 1246 contemplatorium.

1074 1256 1104 1285 2.
1122 1255 1296 1285 Sciendum
1319 1253 1369 1284 est
1391 1254 1503 1284 autem
1520 1261 1589 1282 esse
1605 1252 1669 1282 duo
1684 1260 1739 1290 ge-

1034 1310 1112 1330 nera
1151 1297 1450 1337 contemplationis.
1479 1297 1618 1335 Quidam
1650 1297 1737 1326 enim

1033 1348 1109 1376 sunt
1124 1346 1177 1384 qui
1187 1344 1368 1375 ascendunt
1378 1365 1387 1381 ,
1398 1345 1431 1374 et
1442 1343 1562 1373 cadunt
1574 1351 1581 1371 :
1595 1342 1738 1372 aliivero

1033 1393 1089 1431 11111
1107 1392 1299 1430 rapiuntur,
1322 1391 1355 1420 et
1383 1389 1597 1420 descendunt.
1622 1389 1738 1418 Ascen-

1034 1439 1116 1468 dunt
1130 1438 1215 1468 sicut
1226 1437 1274 1466 illi
1285 1459 1294 1475 ,
1310 1436 1482 1474 dequibus
1494 1435 1652 1473 scriptum
1668 1435 1735 1464 est:

1034 1487 1111 1515 Cum,
1123 1485 1327 1523 coqnerissent
1342 1485 1455 1518 Deum,
1467 1491 1530 1512 uon
1545 1483 1623 1512 sicut
1636 1483 1737 1511 Deum.

1033 1531 1276 1569 qlorificaverunt
1285 1551 1294 1567 ‚
1308 1531 1363 1559 aut
1379 1530 1497 1567 qratias
1508 1529 1644 1566 eqcruut.
1657 1527 1736 1556 Gra-

1034 1577 1095 1606 tias
1109 1584 1174 1606 non
1197 1575 1334 1613 egerunt
1350 1584 1358 1604 ε
1375 1574 1451 1613 quia
1471 1574 1599 1603 viribus
1623 1573 1689 1603 suis
1704 1574 1736 1602 et

1033 1621 1166 1660 ingenio
1178 1621 1367 1651 tribuerunt
1378 1619 1463 1658 quod
1478 1620 1565 1649 Deus
1574 1618 1737 1648 revelavit

1033 1667 1110 1697 illis.
1142 1668 1216 1697 Ideo
1246 1666 1397 1705 sequitur
1427 1674 1520 1695 casus
1548 1673 1660 1694 eorum
1676 1673 1685 1693 t
1703 1665 1737 1694 et

1032 1715 1221 1745 evanuerunt
1232 1714 1264 1743 in
1273 1711 1586 1751 coqttatzssonibussuiS.
1596 1711 1736 1740 Dicentes

1032 1761 1114 1790 enim
1136 1769 1165 1789 sc
1181 1769 1241 1789 esse
1261 1759 1422 1796 sapientes,
1448 1757 1534 1787 stulti
1553 1757 1629 1794 sacti
1650 1757 1734 1785 sunt.

1033 1806 1135 1836 Electi
1150 1813 1227 1835 vero
1248 1804 1435 1842 rapiuntur,
1451 1802 1536 1832 sicut
1560 1802 1678 1831 Paulus
1702 1801 1736 1831 et

1033 1852 1083 1882 sui
1105 1852 1240 1882 similes.
1265 1850 1328 1880 Sed
1350 1850 1384 1879 et
1397 1847 1619 1885 descendunt,
1639 1847 1677 1877 ut
1697 1854 1736 1877 ea

1033 1906 1104 1935 quae
1118 1905 1177 1935 per
1192 1903 1364 1926 excessum
1375 1893 1495 1922 mentis
1511 1891 1673 1929 viderint,
1688 1891 1737 1921 lo-

1033 1944 1175 1981 quantur
1199 1940 1368 1979 parvulis:
1387 1947 1424 1968 eo
1447 1946 1523 1968 sane
1550 1937 1645 1966 modo
1670 1946 1735 1975 quo

1034 1989 1202 2026 capiantur
1212 1987 1252 2017 ab
1269 1986 1358 2024 ipsis.
1376 1984 1513 2022 Rapitur
1527 1984 1645 2012 Paulus
1661 1992 1735 2013 cum

1034 2035 1113 2064 dicit
1126 2043 1134 2063 τ
1149 2035 1214 2063 Sire
1226 2034 1324 2062 menie
1346 2031 1520 2061 excedimus
1533 2051 1542 2066 ,
1554 2031 1630 2059 Deo.
1656 2029 1736 2058 Des-

1033 2080 1145 2111 cendit
1157 2087 1229 2109 cum
1238 2078 1319 2107 dicit
1328 2086 1336 2106 z
1345 2078 1404 2108 sire
1412 2075 1734 2111 sobrttszmmsmobis.

1034 2128 1099 2156 Hoc
1115 2124 1286 2164 posteriori
1305 2131 1424 2162 genere
1451 2120 1735 2159 contemplationis

1034 2173 1104 2211 rapi
1124 2171 1292 2201 desiderat
1316 2170 1427 2200 anima
1447 2167 1594 2207 perfecta
1615 2166 1649 2196 in
1665 2174 1735 2197 cas-

1034 2218 1176 2248 tissimos
1191 2217 1361 2255 amplexus
1383 2215 1494 2253 sponsi
1509 2213 1578 2251 sui,
1595 2212 1708 2243 dicens
1723 2221 1732 2243 ε

1035 2266 1192 2296 Osculelur
1203 2273 1250 2293 11113
1265 2263 1366 2293 osculo
1379 2263 1440 2292 oris
1462 2262 1522 2291 sui.
1539 2260 1581 2289 Ac
1596 2260 1623 2290 si
1644 2259 1736 2289 dlec-

1034 2312 1086 2341 ret
1101 2320 1109 2340 :
1126 2312 1189 2348 Ego
1202 2317 1266 2339 non
1281 2308 1408 2338 viribus
1426 2307 1526 2345 meis,
1542 2315 1606 2337 non
1624 2307 1736 2337 indus-

1034 2357 1108 2393 tria,
1125 2364 1189 2385 non
1204 2354 1329 2385 meritis
1345 2353 1384 2384 ad
1397 2354 1646 2392 contemplanda
1661 2362 1736 2392 gau-

1034 2403 1086 2432 dia
1095 2402 1223 2432 Domini
1232 2401 1297 2430 mei
1307 2407 1474 2437 assurgere
1481 2400 1574 2429 valeo
1584 2408 1591 2428 :
1602 2399 1658 2429 sed
1666 2399 1736 2437 ipse

1035 2450 1185 2479 osculetur
1203 2457 1252 2478 me
1273 2447 1374 2477 osculo
1389 2447 1450 2476 oris
1471 2447 1530 2482 sui,
1545 2445 1580 2474 id
1603 2446 1652 2475 est
1667 2444 1736 2482 ejus

1035 2495 1136 2533 gratia
1157 2494 1212 2524 fiat
1224 2502 1232 2531 ;
1246 2501 1310 2522 non
1325 2501 1384 2530 per
1395 2491 1587 2529 doctrinam,
1599 2499 1663 2520 non
1677 2498 1737 2528 per

1034 2541 1202 2577 naturam,
1218 2539 1272 2569 sed
1286 2547 1345 2577 per
1366 2537 1503 2576 gratiam
1518 2544 1608 2567 suam
1624 2537 1736 2566 oscule-

1036 2587 1087 2615 tur
1100 2595 1149 2616 me
1164 2586 1265 2616 osculo
1282 2586 1344 2615 oris
1351 2585 1410 2615 sui.
1426 2583 1506 2613 Miro
1518 2583 1628 2612 autem
1642 2580 1736 2611 modo

1036 2631 1171 2670 gratiam
1185 2630 1368 2669 operantis,
1385 2629 1419 2659 et
1439 2636 1519 2667 opus
1530 2649 1539 2666 ,
1556 2628 1588 2658 ct
1605 2627 1735 2658 modum
