1830 3073
310 242 356 274 78

311 298 353 328 ad
371 299 536 338 laborem,
563 297 621 330 sed
648 295 785 328 minime
807 297 847 326 ad
864 296 1008 325 laborem

310 345 440 376 creatus
451 345 510 376 est.
522 344 678 375 Nativitas
693 343 742 373 est
758 342 792 371 in
811 341 922 378 culpa,
935 339 1008 368 ideo

311 390 396 420 etin
410 399 518 429 poena.
544 390 663 420 Omnes
691 388 778 417 enim
802 385 929 424 oportet
951 391 1010 413 nos

310 442 442 474 gemere
471 444 546 466 cum
571 434 755 473 Propheta,
786 431 933 461 diceutes
950 430 1010 459 :In

309 482 525 521 finiquitatibus
539 482 698 518 conceptus
712 486 792 513 sum,
807 478 835 506 et
850 478 882 506 in
904 484 1011 514 pecca-

309 528 348 557 tis
369 529 505 566 concepit
530 535 579 556 ‘me
599 526 700 555 mater
721 531 804 552 mea.
827 521 941 550 Aliena
969 519 1009 549 ab

309 572 457 611 utrisque
475 571 579 610 prima
592 568 712 599 creatio
726 576 734 596 ε
751 567 829 605 quia
844 566 929 595 sicut
949 573 1011 595 nec

309 617 460 655 culpam,
493 617 539 645 ita
560 623 621 644 nec
650 620 780 651 poenam
808 612 895 641 Deus
920 610 1008 640 fecit.

309 663 403 700 Quod
427 663 467 691 de
496 669 534 690 ea
555 668 625 698 quae
653 658 755 695 major
781 659 831 687 est
851 657 1010 694 omnium,

309 709 413 737 morte
435 706 610 742 videlicet,
625 704 737 742 aperte
759 703 925 740 Scriptura
945 703 1012 732 tes-

310 797 417 826 orbem
440 798 608 826 terrarum.
626 796 663 825 Et
683 795 717 823 in
742 793 806 823 alio
822 793 891 822 loco
907 794 1012 822 :Deus

312 844 439 872 mortem
452 851 514 872 non
529 842 609 879 fecit.
629 841 742 878 Itaque
759 838 843 868 sicut
866 838 1012 867 laboran-

312 886 398 916 tibus
426 887 576 916 manibus
608 894 670 915 nec
697 885 810 914 oculus
837 885 1011 922 propterea

309 931 483 969 clauditur,
498 940 560 962 nec
575 932 663 962 auris
677 930 818 960 abstinet
829 930 869 958 ab
885 929 1010 959 auditu:

310 977 369 1015 sic,
387 977 487 1007 immo
503 978 535 1007 et
551 978 652 1007 multo
676 977 814 1013 melius,
843 975 1011 1005 laborante

310 1031 445 1061 corpore
457 1031 549 1053 mens
569 1030 699 1061 quoque
716 1023 785 1060 ipsa
810 1029 866 1051 suo
886 1021 1012 1051 intenta

310 1068 352 1099 sit
367 1069 479 1107 operi,
495 1071 527 1099 et
541 1077 606 1098 non
621 1070 726 1098 vacet.
742 1068 876 1096 Causam
892 1067 1011 1096 laboris

310 1114 428 1152 cogitet
442 1115 475 1144 in
487 1115 608 1151 labore,
625 1115 661 1143 ut
677 1114 747 1151 ipsa
760 1113 790 1142 ei
807 1120 902 1150 poena
914 1121 1011 1151 quam

309 1160 443 1198 patitur,
457 1161 585 1198 culpam
597 1167 654 1197 pro
670 1167 732 1197 qua
749 1159 872 1197 patitur
894 1166 1012 1196 reprae-

310 1207 417 1235 sentet
435 1206 491 1235 :et
506 1206 583 1236 dum
598 1205 690 1235 videt
709 1205 881 1233 vulnerum
898 1205 1013 1243 ligatu-

310 1259 397 1288 ram,
412 1252 481 1289 ipsa
501 1252 560 1281 suh
582 1251 697 1289 pannis
711 1251 847 1280 vulnera
872 1251 1013 1280 medite-

310 1295 377 1324 tur.
402 1295 593 1332 Hujusmodi
625 1294 787 1332 siquidem
818 1295 1011 1331 cogitatione

312 1339 526 1369 humiliamur
539 1339 598 1369 sub
614 1339 741 1376 potenti
762 1346 861 1368 manu
882 1339 962 1376 Dei,
980 1341 1012 1368 et

311 1384 400 1415 dulci
434 1385 572 1424 quadam
599 1385 757 1422 pietatate
773 1392 864 1414 mens
891 1385 991 1422 plena
1003 1407 1011 1422 ,

312 1431 534 1461 miserabilem
551 1439 584 1460 se
601 1430 739 1460 exhibet
754 1430 789 1460 in
803 1430 906 1460 oculis
929 1430 1011 1467 ejus.

313 1477 397 1506 Hinc
419 1477 542 1515 quippe
568 1476 734 1514 Scriptura
760 1484 818 1505 nos
833 1476 1010 1505 admonet:

311 1523 455 1552 Miserere
467 1543 477 1558 ,
494 1522 644 1560 inquiens
655 1543 664 1559 ,
677 1522 791 1551 animae
817 1523 876 1550 tuoe
892 1522 1014 1560 placens

311 1569 387 1597 Deo.
404 1568 468 1597 Nec
479 1568 614 1597 dubium
630 1567 709 1605 quin
722 1574 759 1596 ea
775 1575 848 1604 quae
863 1567 929 1596 Deo
944 1568 1013 1604 pla-

313 1613 366 1643 cet
391 1613 523 1644 miseria
547 1613 644 1643 facile
671 1613 772 1650 possit
793 1612 864 1649 ejus
887 1613 1015 1642 miseri-

313 1659 457 1688 cordiam
481 1659 643 1688 obtinere.
672 1659 711 1688 Et
744 1666 786 1687 ne
815 1657 1013 1696 dixerimus,

313 1705 400 1735 unde
413 1705 634 1735 miserendum
648 1704 690 1734 sit
705 1703 874 1733 animabus
882 1704 1012 1734 nostris.

313 1751 380 1780 Nisi
407 1751 498 1780 enim
529 1750 724 1788 insipienter
759 1749 1016 1778 dissimulaveri—

789 243 819 271 ὃ.
840 240 1073 271 BERNARDI
1091 239 1280 270 ABBATIS

1041 301 1185 323 manum.
1205 295 1251 324 Ab
1264 293 1400 333 utraque
1418 301 1529 326 mensa
1544 294 1737 333 prohibeor:

1042 339 1082 368 ab
1096 339 1157 368 hac
1171 340 1302 378 quidem
1312 341 1534 379 professionis,
1550 342 1590 370 ab
1602 338 1742 371 inacer-

1041 384 1128 421 poris
1141 385 1273 415 vinculo
1285 393 1293 414 ε
1305 386 1343 416 ut
1352 394 1414 416 nee
1426 387 1466 416 ad
1477 386 1667 417 inferiorem
1683 395 1740 416 au—

1043 428 1157 468 deam,
1185 438 1249 459 nec
1285 430 1326 459 ad
1351 432 1553 469 superiorem
1584 431 1740 461 accedere

1042 476 1173 513 possim.
1188 475 1272 512 Quid
1287 475 1373 505 inter
1383 477 1451 507 haec
1465 478 1587 516 restat,
1600 478 1664 507 nisi
1690 486 1742 506 co-

1044 521 1173 551 medere
1197 529 1315 559 panem
1343 522 1479 560 doloris,
1500 524 1538 553 ut
1565 524 1630 553 sint
1658 523 1741 551 mihi

1044 566 1193 604 lacrymae
1218 574 1300 596 meae
1321 574 1421 603 panes
1448 567 1501 597 die
1524 574 1561 597 ac
1583 568 1677 597 nocte
1691 588 1701 604 ‚
1717 569 1743 594 si

1043 611 1115 649 quis
1130 611 1211 642 forte
1228 612 1408 641 coelestium
1423 613 1630 643 convivarum
1645 612 1740 642 mise-

1043 657 1181 687 ricordia
1206 658 1336 696 motus,
1366 658 1400 687 in
1436 666 1471 688 os
1498 658 1647 688 latrantis
1684 658 1744 687 sub

1028 702 1153 735 Imensa
1179 704 1288 733 catelli
1314 704 1367 733 vel
1383 704 1503 733 exiffua
1529 704 1571 733 ali
1594 711 1636 733 ua
1664 702 1745 732 deli-

309 754 418 782 tatur:
437 752 556 781 Invidia
583 751 698 780 diaboli
720 757 805 779 ἰηονε
828 749 963 777 introivit
979 749 1009 776 in
1027 737 1029 782 ⁴]
1441 727 1458 741 a
1573 712 1593 741 q

314 1803 403 1832 mus,
426 1796 529 1825 multa
555 1795 591 1823 in
615 1794 664 1824 eis
691 1793 899 1824 miseratione
921 1794 1035 1832 digna·

313 1841 468 1878 poterunt
480 1839 634 1870 inveniri.

353 1885 385 1914 2.
401 1885 508 1914 Unum
523 1885 634 1914 tamen
656 1883 744 1921 dico,
757 1884 795 1912 ut
814 1883 1017 1913 occasionem

315 1930 407 1960 vobis
421 1930 546 1960 dedisse
562 1929 688 1967 videar,
702 1929 736 1958 et
757 1929 875 1958 caetera
888 1937 1017 1966 quoque

315 1977 468 2006 similiter
487 1975 676 2005 advertatis.
699 1975 809 2004 Nonne
827 1975 917 2004 velut
932 1974 1018 2004 inter

316 2022 395 2052 duas
405 2029 534 2052 mensas
547 2020 657 2060 positi,
670 2020 840 2058 epulantes
855 2019 933 2048 hinc
942 2019 1018 2049 Inde

317 2069 501 2106 spectamus
523 2067 646 2104 jejuni!
667 2066 718 2096 Sic
741 2065 1018 2103 sumusomnino,

317 2115 363 2143 sie
377 2122 498 2144 sumus.
512 2113 605 2143 L'nde
619 2120 693 2150 ergo
711 2111 759 2141 sic
781 2111 896 2149 positis
920 2111 1017 2148 risus,

317 2159 403 2189 uude
419 2159 531 2197 jocus,
545 2158 632 2188 unde
644 2157 763 2188 levitas
777 2179 786 2195 ,
803 2157 891 2186 unde
907 2165 1020 2194 super-

320 2204 392 2240 bia,
417 2205 504 2234 unde
533 2203 726 2234 extollentia
754 2201 938 2232 oculorum!
971 2202 1020 2231 An

321 2247 404 2276 forte
424 2256 488 2277 non
500 2249 703 2286 agnoscimus
714 2255 854 2285 mensas,
866 2255 931 2276 non
944 2255 1021 2276 con-

318 2291 497 2322 sideramus
525 2293 656 2330 epulas,
677 2292 811 2323 delicias
838 2300 904 2321 non
927 2291 1022 2321 vide-

319 2336 410 2366 mus?
424 2337 507 2366 Hinc
517 2338 599 2366 mihi
611 2338 703 2374 sunt,
725 2345 804 2375 quos
827 2337 923 2367 video
941 2336 1022 2366 deli-

319 2383 406 2412 ciose
419 2382 570 2413 viventes
585 2383 619 2412 in
637 2382 788 2413 omnihus
806 2382 900 2412 bonis
917 2382 1023 2412 sensi-

320 2428 396 2458 bilis
429 2428 529 2464 hujus
554 2428 668 2457 mundi
685 2436 693 2456 :
712 2428 788 2458 inde
821 2428 1022 2466 contemplor

319 2474 411 2512 alios,
420 2474 538 2512 quibus
548 2473 706 2512 disposuit
716 2474 860 2504 Christus
871 2483 1019 2512 regnum,

321 2520 358 2548 nt
372 2519 471 2549 edant
494 2520 528 2549 et
541 2518 657 2548 bibant
677 2527 776 2556 super
791 2527 937 2549 mensam
953 2519 1022 2556 ejus

322 2565 357 2594 in
378 2572 478 2603 regno
498 2564 604 2594 Patris
630 2564 693 2593 sui.
721 2564 899 2601 Utrobique
927 2564 1022 2594 video

324 2609 447 2640 similes
461 2610 529 2640 mei
543 2609 705 2646 homines,
721 2608 838 2637 fratres
851 2616 960 2645 meos3
978 2609 1022 2646 et,

1044 748 1167 777 ciarum
1194 748 1324 778 illarum
1354 748 1535 787 fragmenta
1569 746 1744 778 demittat?

1043 794 1121 822 Nam
1136 794 1270 824 inferior
1283 795 1416 832 quidem
1432 794 1666 832 consideratio,
1680 801 1744 831 qua

1044 839 1135 868 nobis
1150 839 1228 877 ipsis
1244 839 1471 877 compatimur,
1488 848 1601 869 eorum
1615 847 1746 876 respec-

1045 886 1092 921 tu,
1108 892 1187 922 quos
1212 885 1363 914 novimus
1378 885 1532 915 deliciose
1549 885 1700 914 viventes
1711 883 1745 912 in

1045 931 1104 959 hoc
1121 931 1255 967 saeculo,
1267 931 1403 960 infirmae
1425 931 1529 960 adhuc
1556 931 1672 960 animae
1686 930 1747 967 est,

1046 984 1105 1005 nec
1121 977 1252 1005 omnino
1268 976 1342 1006 talis
1355 976 1437 1005 mihi
1453 977 1562 1014 placet
1573 976 1700 1005 affectio
1712 975 1745 1004 in

1045 1022 1151 1051 anima
1167 1023 1341 1059 spirituali.
1362 1022 1501 1059 Lonqus
1521 1022 1609 1051 enim
1623 1020 1748 1059 positus

1046 1068 1095 1096 est
1117 1074 1134 1095 a
1150 1067 1274 1103 judicio
1302 1067 1474 1103 veritatis,
1503 1067 1560 1104 qui
1584 1065 1747 1095 beatificat

1046 1120 1125 1149 quos
1139 1113 1231 1142 velut
1243 1112 1441 1141 miserrimos
1450 1112 1561 1148 lugere
1576 1107 1747 1146 debuerat,

1045 1158 1101 1196 qui
1116 1159 1253 1196 peccant
1269 1159 1302 1187 et
1317 1165 1381 1186 non
1393 1158 1492 1194 agunt
1505 1154 1746 1194 poenitentiam:

1047 1204 1080 1232 et
1102 1211 1136 1233 se
1159 1203 1315 1233 miserum
1337 1203 1470 1240 reputat
1495 1210 1562 1231 non
1577 1209 1653 1232 sane
1672 1207 1748 1230 con-

1046 1256 1143 1278 sensu
1168 1248 1285 1285 judicii
1298 1270 1307 1285 ,
1338 1247 1395 1277 sed
1425 1247 1604 1276 affectionis
1632 1253 1745 1281 sensu,

1047 1294 1132 1332 quod
1146 1302 1211 1324 non
1225 1294 1267 1323 sit
1278 1293 1361 1327 sicut
1374 1293 1422 1327 illi
1433 1315 1442 1330 ,
1459 1293 1514 1330 qui
1531 1292 1565 1321 id
1575 1292 1677 1328 magis
1691 1299 1749 1328 op-

1047 1342 1116 1375 tare
1133 1339 1380 1380 debueran‚t,ut
1399 1346 1515 1371 omnes
1531 1337 1639 1368 essent
1664 1336 1748 1376 sicut

1049 1386 1129 1423 ipse.

1081 1432 1113 1461 5.
1127 1431 1192 1460 Hoc
1205 1430 1314 1467 tamen
1326 1431 1429 1460 solum
1440 1429 1498 1458 tali
1510 1428 1544 1458 in
1556 1425 1750 1465 cogitatione

1049 1477 1212 1507 laudabile
1225 1476 1293 1513 est,
1311 1477 1336 1505 si
1352 1475 1518 1510 miseriam
1539 1475 1643 1511 ipsam
1654 1480 1751 1510 quam

1048 1524 1194 1561 reputat,
1207 1530 1265 1560 pro
1281 1530 1389 1551 amore
1405 1522 1476 1551 sive
1489 1521 1607 1551 timore
1618 1519 1679 1548 Dei
1696 1526 1751 1556 pa·

1049 1568 1168 1598 tienter
1194 1567 1278 1596 ferre
1294 1567 1471 1603 deliberat,
1489 1566 1522 1595 et
1537 1573 1611 1594 cum
1625 1564 1749 1602 pietate

1048 1613 1185 1651 quadam
1202 1613 1281 1642 dicit
1294 1613 1362 1642 Deo
1379 1621 1386 1641 z
1404 1614 1535 1650 Propter
1548 1610 1642 1640 verba
1654 1609 1751 1639 labio-

1048 1666 1118 1687 rum
1141 1659 1264 1687 tuorum.
1277 1665 1330 1695 eqo
1356 1657 1502 1686 custodie-z·
1516 1657 1582 1685 rias
1596 1655 1702 1684 duras.
1716 1654 1753 1682 Et

1049 1703 1116 1733 haec
1131 1703 1264 1740 quidem
1277 1702 1430 1740 cogitatio
1441 1700 1667 1733 inchoantium
1684 1699 1751 1734 est,

1050 1748 1211 1786 tamquam
1226 1747 1275 1776 lac
1290 1747 1512 1785 parvulorum»
1529 1745 1568 1773 At
1583 1751 1662 1773 vero
1677 1751 1752 1772 cum

1051 1793 1112 1829 iam
1133 1793 1289 1831 proficere
1306 1792 1449 1829 coeperit
1466 1790 1593 1826 anima,
1610 1789 1643 1818 et
1657 1788 1754 1817 affec-

1051 1839 1138 1868 tione
1164 1838 1255 1875 sequi
1274 1837 1436 1875 judicium
1466 1835 1618 1871 rationng
1646 1833 1755 1862 omnia

1051 1883 1261 1921 proculdubio
1299 1882 1535 1912 detrimentum
1570 1879 1687 1917 faciet,
1722 1880 1755 1907 et

1050 1928 1140 1966 quasi
1165 1929 1306 1957 stercora
1332 1927 1507 1956 arbitratus
1529 1923 1655 1961 lugebit
1680 1931 1754 1953 cum

1052 1974 1208 2011 Propheta
1221 1980 1318 2010 super
1331 1980 1386 2002 eos
1397 1994 1405 2009 ,
1419 1971 1475 2009 qui
1488 1968 1666 2007 amplexati
1681 1969 1755 1998 suut

1052 2020 1202 2049 stercora.
1224 2019 1388 2058 Ipseyero
1411 2018 1520 2046 saneta
1541 2014 1680 2052 quadam
1694 2014 1756 2043 hu-

1052 2065 1187 2103 milique
1213 2064 1365 2102 superbia
1381 2063 1450 2092 haec
1473 2061 1628 2091 universa
1648 2058 1755 2096 despi—

1053 2110 1135 2147 ciet,
1153 2110 1185 2139 et
1198 2116 1314 2145 magna
1329 2109 1362 2137 in
1381 2105 1557 2136 altitudine
1578 2103 1679 2134 animi
1690 2103 1756 2132 col-

1055 2157 1193 2192 locatus,
1207 2162 1273 2184 non
1286 2154 1421 2183 beatum
1434 2151 1522 2181 dicet
1533 2149 1692 2188 populum
1704 2147 1755 2177 cui

1054 2202 1121 2231 haec
1133 2201 1228 2238 sunt,
1243 2198 1301 2229 sed
1319 2198 1476 2227 miserum
1490 2195 1610 2233 plane;
1625 2194 1755 2223 beatum

1052 2255 1130 2276 vero
1139 2267 1148 2283 ,
1165 2245 1258 2282 cujus
1271 2242 1428 2272 Dominus
1438 2242 1526 2270 Deus
1537 2240 1618 2277 ejus.
1633 2239 1754 2268 Verum

1054 2293 1131 2322 dum
1142 2291 1196 2320 hic
1208 2290 1254 2320 ita
1267 2287 1318 2319 sui
1331 2286 1572 2325 comparatione
1583 2283 1756 2314 miseretur

1055 2338 1120 2367 illis
1129 2359 1140 2376 ,
1154 2334 1303 2366 inveniet
1315 2332 1431 2371 utique
1443 2339 1580 2370 quorum
1593 2335 1758 2366 compara-

1054 2383 1163 2419 tione,
1188 2379 1239 2410 sui
1266 2385 1395 2418 quoque
1417 2376 1631 2411 misereatur,
1653 2373 1682 2403 si
1703 2380 1757 2402 su-
1798 2403 1801 2405 ,

1055 2424 1200 2465 spexerit
1215 2423 1256 2454 ad
1271 2423 1419 2453 coelestes
1432 2420 1582 2457 divitiaS,
1601 2419 1633 2448 et
1648 2417 1757 2447 delec-

1055 2472 1195 2503 tationes
1220 2470 1256 2499 in
1277 2468 1413 2498 dextera
1441 2465 1573 2495 Domini
1597 2469 1698 2500 usque
1725 2461 1758 2490 in

1056 2518 1165 2547 finem.
1173 2515 1264 2545 Unde
1275 2513 1330 2552 fit,
1343 2514 1381 2542 ut
1389 2512 1446 2550 qui
1459 2511 1550 2549 prius
1558 2508 1598 2538 de
1609 2505 1759 2536 inferiori

1058 2562 1178 2600 irriguo
1193 2561 1353 2598 lacrymas
1364 2557 1502 2588 fundens
1518 2553 1694 2593 plangebat
1708 2551 1758 2581 di-

1059 2616 1153 2645 cens,
1178 2607 1330 2645 Quoniam
1355 2604 1477 2642 propter
1497 2603 1523 2631 tc
1537 2599 1759 2636 mortificamur

325 2654 391 2684 hou
406 2655 475 2685 me!
498 2654 538 2684 ad
565 2654 715 2684 neutram
741 2653 819 2682 licet
844 2653 1022 2683 extendere
1040 2654 1121 2682 ¹105«
1138 2651 1281 2690 ‹liegjam
1303 2650 1343 2680 de
1369 2646 1528 2686 superiori
1546 2643 1759 2676 abundantio-
