1846 3078
289 240 351 270 368

762 241 790 270 S.
811 237 1045 269 BERNAum
1067 238 1257 266 ABRAsz

272 292 277 297 ⁴
294 297 355 326 Vos
368 295 436 327 estis
448 293 503 326 her
519 296 640 333 mundi,
656 295 778 326 dictum
794 297 842 325 est
857 295 989 332 Aposto-
1024 292 1089 320 mat
1101 291 1219 322 addicti
1237 291 1416 324 infirmtias.
1434 292 1478 323 lta
1492 302 1565 333 ergo
1582 294 1718 325 clamant

290 342 350 371 lis:
368 342 401 372 et
411 342 484 372 ideo
494 341 987 380 Apostolisupercandelabrum,

289 387 325 417 ut
337 388 404 418 toto
419 388 549 418 luceant
570 388 700 417 mundo.
718 386 839 415 Pudeat
861 392 989 413 succes-

289 440 377 463 sores
414 434 637 472 Apostolorum
669 431 777 460 lucem
815 437 879 458 non
919 436 987 458 esse

288 478 420 516 mundi,
434 479 490 509 sed
511 478 628 515 modii,
642 475 756 505 mundi
769 475 879 504 autem
894 475 987 504 teue-

288 522 372 554 bras.
397 524 549 553 Dicamus
569 523 636 559 eis,
651 522 714 550 Vos
741 519 818 549 estis
844 519 987 549 tenebrae

287 569 419 599 mundi:
434 571 466 599 et
477 571 675 598 transeamus
684 565 723 595 ad
735 565 809 595 alia.
825 565 864 594 Se
874 564 987 595 dicunt

287 615 473 644 Ecclesiam.
503 614 564 643 Sed
579 611 803 642 contradicunt
825 610 855 640 ei
871 610 924 648 qui
938 610 988 640 di-

286 660 333 689 cit
353 668 361 688 ε
387 661 457 689 Non
478 660 575 696 potest
599 659 703 687 civitas
728 657 872 686 abscondi
892 665 986 695 supra

289 705 418 732 montem
444 703 619 740 composita.
651 702 740 730 Itane
772 699 915 737 lapidem
948 700 987 729 de

287 749 394 777 monte
419 746 595 777 abscissum
623 747 694 777 sine
715 746 880 782 manibus,
896 753 984 775 mon-

288 795 352 823 tem
382 793 518 830 sactum,
535 794 568 823 et
597 793 788 831 implentem
812 791 986 829 mundum,

288 839 401 868 vestris
416 839 548 868 creditis
568 839 729 868 inclusum
755 837 874 868 antris?
894 838 932 867 Et
946 845 986 867 ne

288 884 339 913 hic
354 884 486 922 quidem
511 885 759 914 immorandum.
782 884 853 922 Ipsa
877 881 987 921 opinio

286 929 404 967 refugit
417 931 579 968 publicari
595 939 652 960 suo
667 930 816 960 contenta
832 928 986 959 susurrio.

287 975 406 1012 Habet,
434 977 467 1006 et
495 985 624 1015 semper
661 975 797 1005 habebit
831 975 986 1011 integram

283 1021 431 1052 Christus
445 1023 670 1053 haereditatem
686 1029 775 1052 suam
788 1044 796 1059 ‚
812 1021 845 1051 et
862 1028 988 1059 posses—

286 1067 408 1097 sionem
424 1078 514 1099 suam
530 1069 685 1099 terminos
700 1069 807 1098 terrae.
825 1067 865 1097 Se
881 1066 987 1105 potius

286 1114 482 1145 subtrahunt
497 1115 573 1145 huic
586 1124 709 1154 magnae
725 1113 921 1152 haereffitati,
933 1113 985 1152 qui

284 1159 408 1190 Christo
421 1161 509 1190 illam
526 1161 685 1191 conantur
703 1161 885 1190 detrahere.

325 1206 355 1236 9.
372 1207 488 1237 Videte
510 1208 724 1245 detractores,
751 1208 860 1236 videte
881 1213 986 1236 canes.

286 1252 424 1282 lrrident
435 1261 491 1283 nos
500 1276 509 1292 ,
521 1254 607 1292 quod
617 1254 817 1291 baptizamus
832 1251 986 1288 infantes3

284 1299 369 1335 quod
385 1308 510 1330 oramus
525 1308 582 1339 pro
597 1300 749 1337 mortuis;
765 1299 850 1338 quod
863 1300 988 1328 saucto-

285 1351 357 1373 rum
381 1345 528 1384 suffragia
554 1346 764 1383 postulamus.
781 1346 815 1373 Iu
834 1343 920 1373 omni
934 1352 987 1381 ge-

285 1397 364 1419 nere
386 1391 553 1421 hominum
581 1392 676 1430 atque
700 1391 735 1420 in
748 1391 885 1428 utroque
908 1398 987 1419 sexu

287 1434 439 1466 festinant
451 1438 652 1474 proscribere
666 1436 825 1466 Christum
837 1458 844 1472 .,
856 1436 889 1464 in
899 1435 988 1464 adul-

285 1480 327 1510 tis
343 1482 375 1511 et
385 1482 527 1519 parvulis
537 1504 545 1519 ,
558 1483 591 1511 in
600 1482 686 1511 vivis
702 1483 734 1511 et
745 1481 880 1511 mortuis
892 1490 900 1518 ς
915 1481 987 1510 hinc

285 1526 419 1563 quidem
443 1527 623 1557 infantibus
657 1535 699 1556 ex
727 1526 987 1564 impossibilitate

286 1571 409 1601 naturae
419 1594 427 1609 ‚
442 1572 516 1601 inde
530 1581 606 1602 vcro
617 1571 735 1601 adultis
744 1579 785 1600 ex
799 1571 988 1600 difficultate

287 1617 495 1647 continentiae
510 1617 768 1654 praescribentes.
784 1617 880 1645 Porro
903 1624 989 1645 mor-

286 1661 356 1689 tuos
369 1661 551 1691 viventium
567 1662 752 1691 fraudantes
773 1661 906 1690 auxiliis
917 1681 926 1698 ,
939 1661 989 1690 vi-

286 1706 401 1734 ventes
438 1706 651 1735 nihilominus
688 1706 876 1735 Sanctorum
888 1726 896 1742 ‚
934 1708 987 1743 qui

285 1749 512 1788 decesserunt,
537 1752 695 1790 suffragiIS
717 1752 902 1790 spoliantes.
929 1752 989 1781 Ah-

285 1796 338 1825 sit.
368 1797 436 1826 Non
465 1797 627 1835 relinquet
666 1797 822 1827 Dominus
860 1797 988 1835 plebem

286 1850 394 1880 suam,
409 1852 480 1881 quae
506 1846 553 1874 est
570 1843 653 1874 sicut
675 1852 773 1873 arena
790 1844 907 1881 marm,
930 1852 988 1873 nec

286 1890 458 1919 contentus
473 1890 537 1920 erit
561 1890 724 1927 paucitate
742 1889 968 1920 haereticorum
980 1911 987 1925 2

284 1935 341 1972 qui
356 1943 467 1965 omnes
482 1936 633 1966 redemit.
649 1936 758 1974 Neque
776 1936 862 1965 enim
877 1944 988 1974 parva:

287 1981 343 2010 sed
358 1983 453 2020 plane
467 1983 593 2020 copiosa
605 1982 691 2020 apud
704 1990 779 2011 eum
794 1982 987 2020 redemptio.

285 2026 429 2063 Quantus
441 2037 517 2058 vero
528 2036 683 2058 numerus
699 2028 833 2057 istorum
850 2028 890 2057 ad
904 2036 989 2066 mag—

286 2072 468 2103 nitudinem
480 2074 596 2112 pretii!
613 2074 653 2103 Se
665 2074 766 2112 magis
780 2074 886 2112 pretio
901 2073 989 2103 frau-

286 2117 380 2155 dant,
410 2120 466 2157 qui
495 2119 601 2157 ipsum
627 2127 785 2149 evacuare
820 2120 986 2150 conantur.

286 2163 369 2199 Quid
397 2165 484 2194 enim
504 2166 531 2195 si
558 2165 666 2195 infans
681 2174 739 2204 pro
763 2174 797 2195 se
817 2166 905 2203 loqui
924 2173 987 2195 non

286 2211 410 2247 potest,
437 2219 495 2248 pro
514 2220 577 2249 quo
604 2219 671 2241 vox
693 2211 858 2248 sanguinis
881 2211 988 2241 fratris

287 2254 354 2292 sui,
367 2256 399 2284 et
410 2256 483 2286 talis
499 2256 622 2295 fratris,
636 2258 754 2286 clamat
773 2256 812 2285 ad
828 2257 931 2285 Deum
947 2256 987 2286 de

288 2300 393 2330 terra?
417 2302 545 2339 Adstat,
569 2304 602 2332 et
633 2303 751 2332 clamat
773 2302 987 2332 nihilominus

287 2347 390 2376 mater
415 2347 567 2377 Ecclesia.
599 2349 684 2385 Quid
717 2349 828 2378 tamen
862 2347 987 2378 infans?

285 2392 394 2422 Nonne
411 2392 444 2421 et
459 2392 527 2430 ipse
542 2393 672 2424 videtur
686 2394 747 2424 tibi
765 2394 892 2423 inhiare
910 2402 985 2432 quo·

287 2437 360 2467 dam
374 2437 468 2467 modo
490 2437 632 2468 fontibus
655 2439 847 2477 Salvatoris,
865 2440 987 2470 vocife-

289 2483 352 2512 rari
377 2483 418 2513 ad
441 2484 562 2520 Deum,
585 2483 714 2522 suisque
737 2486 900 2523 vagitibus
922 2487 986 2516 cla-

287 2529 404 2559 mitare
420 2538 428 2558 :
444 2529 600 2568 Domine,
612 2530 677 2559 vim
693 2531 812 2570 patior,
828 2533 985 2570 responde

287 2582 345 2612 pro
359 2573 431 2603 me?
445 2574 579 2612 Flagitat
590 2574 751 2604 auxilium
765 2576 874 2613 gratiae
885 2598 894 2613 ‚
910 2578 986 2614 quia

289 2619 355 2648 vim
368 2620 490 2657 patitur
500 2628 518 2649 a
532 2620 658 2650 natura.
668 2620 789 2650 Clamat
803 2620 986 2652 innocentia

291 2666 398 2695 miseri
410 2687 420 2703 ‚
437 2666 552 2696 clamat
567 2665 744 2705 ignorantia
760 2667 904 2705 parvuliz
922 2668 986 2697 cla—

1023 337 1090 366 hzec
1116 338 1241 375 omnia,
1264 339 1392 377 sanguis
1412 339 1538 378 fratris,
1556 341 1633 371 fides
1650 351 1718 370 ina*

1023 383 1097 420 tris,
1112 383 1279 413 destitutio
1290 386 1417 423 miseri,
1434 387 1467 416 et
1482 386 1611 416 miseria
1621 387 1719 416 desii.⁵

1022 428 1082 457 tuti
1098 437 1107 457 ι
1123 429 1157 458 et
1176 429 1331 459 clamatur
1345 430 1385 459 ad
1398 431 1536 461 Patrem.
1553 434 1647 462 Porro
1660 434 1719 461 Pa·—

1021 474 1070 503 ter
1085 474 1228 513 seipsum
1255 483 1374 514 negare
1402 484 1466 506 non
1487 478 1611 516 potest,
1627 480 1720 516 pater

1019 519 1107 548 enim
1135 521 1194 549 est.

1060 565 1110 595 10.
1124 566 1222 596 Nemo
1235 565 1317 595 mihi
1330 565 1434 604 dicat,
1450 567 1527 605 quia
1541 576 1606 598 non
1620 568 1721 598 habet

1021 610 1115 640 fidem
1126 633 1135 648 ‚
1152 611 1203 640 cui
1219 612 1322 641 mater
1335 612 1483 650 impertit
1497 621 1600 651 suam,
1616 614 1721 644 invoi-

1022 664 1098 686 vens
1110 657 1160 686 ilii
1176 657 1210 687 in
1225 658 1443 696 sacramento,
1465 667 1630 697 quousque
1654 660 1721 690 ido·

1021 709 1100 732 neus
1123 702 1180 732 fiat
1193 701 1341 740 proprio,
1364 710 1431 732 non
1453 703 1580 733 tantum
1604 712 1720 742 sensu,

1020 747 1076 776 sed
1098 748 1132 777 et
1159 756 1309 784 assensu,
1339 748 1506 777 evolutam
1542 756 1722 788 puramque

1020 793 1375 832 percipere.Numquid
1388 794 1488 823 breve
1504 794 1640 832 pallium
1652 796 1720 832 est,

1021 839 1055 868 ut
1074 847 1138 868 non
1157 840 1259 877 possit
1281 840 1392 869 ambos
1408 839 1721 879 cooperiremlagua

1020 886 1069 914 est
1083 885 1234 916 Ecclesiae
1249 886 1338 915 tides.
1352 885 1515 923 Numquid
1538 887 1644 915 minor
1658 887 1721 917 lide

1019 929 1205 959 Chananaeae
1232 931 1397 968 mulieris,
1425 940 1521 969 quam
1547 933 1668 962 constat
1688 933 1722 963 et

1021 974 1094 1005 filiae
1122 975 1272 1006 sufficere
1301 977 1462 1014 potuisse,
1486 978 1519 1007 et
1539 977 1622 1007 sibi?
1645 978 1721 1008 Ideo

1020 1019 1144 1050 audivit
1160 1029 1167 1048 ε
1185 1021 1211 1051 0
1223 1022 1352 1058 mulier,
1368 1030 1484 1060 maqna
1501 1024 1543 1052 est
1561 1023 1634 1059 fides
1648 1025 1720 1062 tua,-

1018 1065 1072 1102 fiac
1085 1065 1138 1095 libi
1150 1067 1227 1096 sicut
1240 1068 1349 1104 petisti.
1365 1067 1529 1104 Numquid
1541 1067 1645 1097 minor
1659 1068 1722 1097 fide

1021 1111 1167 1148 illorum,
1195 1112 1253 1149 qui
1280 1113 1493 1150 paralyticum
1518 1121 1576 1151 per
1596 1113 1722 1152 tegulas

1021 1156 1248 1194 demittentes,
1263 1158 1377 1188 animae
1389 1158 1438 1186 illi
1449 1158 1544 1187 simul
1560 1158 1593 1188 et
1609 1167 1723 1197 corpo-

1021 1204 1064 1233 ris
1079 1203 1250 1236 obtinuere
1266 1202 1421 1235 salutem?
1436 1204 1582 1242 Denique
1602 1204 1701 1234 habes
1711 1225 1722 1242 ,

1021 1251 1160 1288 Quorum
1183 1252 1271 1289 fidem
1297 1252 1329 1280 ut
1345 1251 1435 1288 vidit,
1458 1251 1503 1280 ait
1523 1251 1722 1288 paralytico.-

1023 1297 1142 1334 Confide
1154 1298 1216 1335 fili,
1240 1298 1440 1327 remittantur
1456 1296 1510 1326 tibi
1531 1298 1666 1335 peccata.
1685 1297 1724 1326 Et

1023 1343 1117 1379 paulo
1145 1344 1218 1382 post
1233 1351 1241 1371 :
1261 1343 1343 1372 Tolle
1369 1341 1534 1380 qrabatum
1560 1343 1646 1370 tuum
1658 1362 1667 1377 ,
1695 1343 1723 1371 el

1021 1389 1159 1419 ambula.
1169 1389 1230 1426 Qui
1240 1388 1308 1418 haec
1320 1387 1441 1424 credit,
1453 1386 1548 1416 facile
1563 1387 1639 1417 huic
1651 1396 1724 1425 per-

1021 1434 1210 1464 suadebitur
1243 1434 1359 1464 merito
1394 1432 1569 1462 Ecclesiam
1603 1441 1724 1470 praesu-

1021 1488 1108 1509 mere
1119 1501 1128 1517 ,
1145 1488 1208 1509 non
1223 1480 1327 1509 solum
1342 1478 1485 1517 parvulis
1506 1478 1675 1515 baptizatis
1690 1479 1724 1508 in

1022 1533 1078 1553 sua
1094 1525 1156 1554 fide
1172 1526 1308 1554 salutem
1321 1546 1329 1562 ,
1345 1524 1402 1554 sed
1427 1524 1524 1553 etiam
1540 1523 1724 1567 interfectis

1021 1578 1078 1607 pro
1103 1570 1228 1600 Christo
1257 1569 1436 1599 infantibus
1464 1576 1613 1598 coronam
1641 1576 1724 1598 mar-

1025 1615 1111 1653 tyrii.
1127 1616 1205 1652 Quae
1221 1623 1295 1645 cum
1311 1615 1354 1643 ita
1370 1614 1453 1651 sint,
1465 1614 1589 1643 nullum
1604 1614 1725 1652 praeju-

1023 1661 1143 1690 dIcium
1170 1660 1376 1690 sustinebunt
1408 1660 1593 1697 regenerati
1620 1659 1659 1689 de
1685 1668 1724 1689 eo

1024 1706 1109 1743 quod
1134 1706 1257 1735 dictum
1283 1705 1350 1742 est,
1379 1706 1449 1734 Sine
1462 1705 1519 1742 fide
1543 1705 1724 1743 impossibile

1022 1754 1063 1781 est
1082 1753 1202 1790 placere
1212 1753 1277 1782 Deo
1294 1761 1303 1781 .·
1319 1759 1395 1780 cum
1410 1750 1479 1779 sine
1495 1749 1556 1779 side
1567 1758 1631 1780 non
1647 1750 1723 1788 sint,

1022 1798 1077 1836 qui
1094 1799 1126 1827 in
1148 1797 1370 1828 testimonium
1395 1795 1471 1825 fidei
1486 1795 1637 1834 baptismi
1654 1805 1724 1834 gra-

1025 1844 1099 1874 tiam
1129 1844 1356 1882 perceperunt.
1382 1842 1445 1872 Sed
1483 1849 1589 1880 neque
1617 1842 1657 1871 de
1685 1850 1724 1871 eo

1023 1890 1106 1928 quod
1122 1890 1200 1919 item
1212 1890 1334 1919 dictum
1349 1889 1418 1919 est:
1433 1889 1492 1927 Qui
1504 1897 1575 1918 vero
1587 1897 1649 1918 non
1661 1897 1725 1919 cre·

1021 1937 1147 1973 diderit,
1167 1935 1432 1965 condemnabitur.
1448 1934 1533 1970 Quid
1550 1934 1637 1963 enim
1652 1942 1724 1964 cre-

1022 1982 1099 2012 dere
1115 1983 1179 2019 est,
1202 1981 1265 2011 nisi
1287 1980 1386 2010 fidem
1410 1979 1551 2009 habere?
1566 1980 1675 2017 ltaque
1691 1980 1724 2010 et

1022 2028 1139 2058 mulier
1167 2027 1343 2058 salvabitur
1358 2034 1418 2064 per
1432 2025 1673 2063 generationem
1685 2025 1723 2055 fi-

1023 2075 1155 2112 liorum,
1177 2074 1204 2104 si
1227 2073 1442 2112 permanserit
1464 2071 1497 2101 in
1511 2071 1573 2101 fide
1586 2079 1659 2101 cum
1674 2072 1724 2102 le-

1023 2121 1122 2151 nitatc
1133 2129 1141 2158 3
1156 2121 1189 2150 et
1204 2119 1381 2149 infantibus
1390 2126 1448 2156 per
1459 2117 1579 2147 lavacri
1590 2126 1723 2155 regene-

1021 2166 1179 2196 rationem
1210 2165 1435 2201 succurretur3
1466 2163 1500 2193 et
1527 2163 1629 2194 adulti
1665 2164 1723 2201 qui

1021 2212 1186 2241 continere
1202 2219 1267 2241 non
1282 2210 1452 2248 poterunt,
1471 2208 1610 2247 conjugii
1623 2208 1722 2238 trice-

1020 2258 1099 2288 simo
1130 2257 1240 2287 fructu
1267 2265 1301 2286 se
1330 2255 1512 2292 rediment3
1538 2254 1722 2284 viventium

1020 2311 1147 2341 quoque
1169 2310 1284 2341 preces
1310 2302 1344 2331 et
1366 2300 1486 2330 hostias
1513 2299 1651 2336 mortui,
1665 2300 1722 2338 qui

1020 2357 1099 2387 opus
1113 2349 1295 2386 habebunt,
1306 2348 1339 2377 et
1350 2346 1438 2385 digni
1451 2346 1548 2376 erunt
1557 2367 1567 2383 ‚
1578 2345 1723 2375 median-

1020 2395 1106 2424 tibus
1121 2394 1305 2433 percipient
1323 2392 1467 2430 Angeli53
1483 2392 1516 2421 et
1538 2399 1649 2421 eorum
1665 2391 1723 2430 qui

1020 2443 1084 2478 jam
1097 2440 1337 2480 pervenerunt,
1347 2438 1536 2469 viventibus
1547 2437 1652 2468 adhuc
1662 2446 1722 2467 ne-

1019 2495 1180 2526 quaquam
1195 2486 1307 2516 solatia
1318 2485 1456 2515 deerunt
1475 2492 1533 2522 per
1547 2485 1650 2514 Deum
1664 2484 1721 2521 qui

1021 2534 1141 2571 ubique
1154 2534 1220 2570 est,
1242 2533 1276 2562 et
1301 2532 1335 2561 in
1349 2532 1417 2561 Deo
1431 2538 1589 2569 nusquam
1604 2529 1721 2559 affectu

1019 2579 1162 2609 caritatis
1186 2578 1380 2608 absentium.
1411 2578 1489 2606 Nam
1516 2576 1550 2606 et
1577 2574 1720 2604 Christus

1020 2625 1150 2662 propter
1165 2624 1226 2653 hoc
1250 2623 1395 2652 mortuus
1412 2623 1459 2652 est
1473 2622 1506 2651 et
1520 2619 1719 2658 resurrexit,

1021 2669 1054 2698 ut
1070 2669 1216 2698 vivorum
1230 2667 1449 2698 dominaretur
1460 2665 1492 2696 et
1507 2664 1717 2696 mortuorum.
