1846 3078
494 218 539 247 ΙΝ
559 216 759 247 CANTICA
779 215 927 244 SERMO
952 215 1114 242 XXXIX.

93 270 262 305 beatorum
274 270 520 311 coelestiumque
535 272 707 311 spirituum
724 279 732 300 :
749 271 792 300 ita

95 323 129 352 et
151 329 267 360 sponsa
281 319 376 350 modo
391 318 514 348 dicitur
528 319 639 357 pulcra
649 339 658 354 ,
672 316 730 346 sed
744 316 794 346 in-

95 368 192 398 terim
206 366 312 397 adhuc
326 365 414 394 inter
430 365 602 402 mulieres,
617 363 650 393 et
664 371 729 393 non
743 362 794 392 in—

93 413 144 442 ter
159 411 305 442 coelestes
319 409 550 439 beatitudines.

134 458 164 487 5.
181 456 314 486 Desinat
325 455 459 493 proinde
470 476 480 491 ,
491 454 646 493 quamdiu
658 453 691 483 in
698 453 794 483 terris

94 503 160 540 est,
176 510 247 540 quae
262 502 296 531 in
311 501 402 531 coelis
414 501 491 531 sunt
513 501 673 530 curiosius
687 500 792 529 inves-

93 549 214 585 tigare,
240 555 283 577 ne
309 547 392 576 forte
414 546 588 576 scrutatrix
615 545 794 584 majestatis

92 593 294 631 opprimatur
306 600 323 622 a
339 592 451 630 gloria.
467 592 620 628 Desinat,
636 591 768 629 inquam
784 612 792 628 ‚

93 638 196 668 donec
217 638 303 668 inter
322 637 479 667 mulieres
500 638 669 673 versatur,
688 635 794 673 inqui-

93 692 166 714 rere
180 693 251 722 quae
272 684 358 721 apud
376 684 532 713 sublimes
553 682 626 711 illas
647 680 722 710 sunt
736 688 794 718 po—

91 729 246 767 testates,
281 729 357 759 solis
385 729 465 766 ipsis
496 727 688 766 perspicua,
719 725 795 755 solis

92 774 201 813 licita,
218 776 381 812 tamquam
394 773 581 804 coelestibus
596 770 740 801 coelestia
755 770 794 800 ad

96 820 282 850 videndum.
302 818 460 848 Mirabilis
481 818 566 848 facta
582 817 649 856 est,
665 816 793 855 inquit,

93 865 177 895 visio
197 865 261 895 ista
284 873 327 894 ex
351 866 403 903 te,
429 873 447 894 o
466 872 599 903 sponsa,
621 871 718 902 quam
733 862 795 892 tibi

92 912 235 951 postulas
257 911 497 941 demonstrari:
521 919 583 941 nec
601 910 695 940 modo
711 918 795 948 prae-

93 958 182 987 vales
212 955 334 986 intueri
359 956 573 986 meridianam
597 955 630 985 et
660 956 794 992 miram,

93 1003 356 1040 quaminhabito,
366 1001 558 1032 claritatem.
568 1000 686 1030 Dixisti
696 1000 793 1030 enim:

92 1050 200 1079 Indica
212 1049 290 1078 mihi
302 1049 356 1078 ubi
370 1057 479 1086 pascas
490 1068 501 1084 ,
516 1047 569 1076 ubi
582 1047 669 1077 cubes
684 1048 716 1076 in
735 1055 797 1075 me-

93 1095 183 1124 ridie.
199 1093 263 1123 Sed
279 1093 366 1123 enim
382 1092 495 1122 induci
510 1092 543 1121 in
559 1092 662 1121 nubes
675 1113 684 1129 ,
695 1099 796 1129 pene-

92 1139 180 1168 trare
204 1139 237 1168 in
252 1138 494 1176 plenitudinem
505 1138 658 1175 luminis,
674 1137 796 1167 irrum-

94 1192 174 1222 pere
189 1184 346 1213 claritatis
361 1183 491 1221 abyssos
504 1204 513 1220 ,
530 1183 563 1212 et
580 1183 687 1211 lucem
703 1182 796 1211 habi-

93 1231 164 1260 tare
187 1229 464 1265 inaccessibilem,
484 1236 545 1257 nec
571 1227 726 1265 temporis
749 1229 794 1257 est

92 1275 211 1313 hujus,
228 1284 289 1305 nec
305 1274 461 1313 corporis.
486 1273 521 1303 Id
535 1273 597 1303 tibi
612 1273 646 1302 in
661 1272 798 1303 novissi-

93 1322 155 1351 mis
167 1320 350 1352 reservatur
359 1343 368 1358 ,
385 1328 460 1350 eum
473 1320 506 1349 te
518 1319 601 1349 mihi
615 1318 796 1348 exhibuero

92 1367 263 1406 gloriosam
273 1389 283 1405 ,
295 1375 360 1396 non
374 1365 551 1395 habentem
566 1365 726 1394 maculam
742 1365 798 1394 aut

94 1421 219 1451 rugam,
232 1413 288 1442 aut
297 1411 419 1450 aliquid
426 1410 625 1448 hujusmodi.
635 1410 683 1439 An
692 1410 797 1440 nescis

94 1458 172 1497 quia
198 1458 354 1496 quamdiu
383 1456 469 1487 vivis
498 1456 532 1485 in
555 1456 616 1485 hoc
645 1463 796 1493 corpore,

92 1503 309 1542 peregrinaris
329 1511 347 1532 a
367 1502 492 1532 lumine
508 1501 520 1530 ἓ
535 1501 699 1538 Quomodo
725 1509 797 1539 quae

92 1549 233 1579 necdum
243 1549 309 1579 tota
320 1548 434 1586 pulcra
446 1547 652 1585 es,id0nearn
663 1547 696 1576 te
712 1547 797 1576 exis-

92 1594 190 1624 timas
217 1594 465 1625 universitatem
489 1593 718 1632 pulcritudInis
746 1592 797 1622 in-

93 1639 180 1670 tueri
194 1639 207 1670 3
220 1640 386 1678 Quomodo
404 1639 547 1677 denique
562 1639 681 1677 quaeris
696 1647 747 1668 me
761 1639 796 1669 in

93 1694 168 1716 mea
187 1686 334 1716 claritate
346 1685 478 1724 videre,
498 1693 570 1723 quae
585 1684 690 1714 adhuc
706 1685 798 1723 igno-

94 1739 147 1761 ras
161 1732 192 1761 te
207 1731 310 1761 'e’Nam
326 1731 398 1761 site
412 1731 544 1769 plenius
555 1738 664 1760 nosses
674 1751 683 1767 ,
698 1730 798 1760 scires

94 1778 226 1817 utique,
249 1786 382 1816 corpore
398 1777 484 1815 quod
498 1777 718 1815 corrumpitur
742 1786 797 1815 ag-

94 1825 259 1862 gravatam
297 1824 485 1854 nullatenus
520 1831 613 1861 posse
648 1824 796 1854 attollere

95 1871 224 1908 oculos,
238 1870 270 1900 et
287 1869 388 1908 figere
403 1870 438 1898 in
451 1869 547 1898 illum
566 1868 743 1907 fulgorem,
763 1870 796 1899 in

94 1924 193 1955 quem
208 1916 392 1955 prospicere
408 1915 523 1952 Angeli
549 1915 794 1953 concupiscunt.

94 1962 182 2000 Erit,
197 1970 273 1992 cum
285 1969 486 2000 apparuero,
501 1960 588 1999 quod
608 1960 673 1990 tota
686 1962 796 1999 pulcra

96 2008 180 2046 eris,
203 2007 288 2038 sicut
302 2015 360 2045 ego
383 2007 523 2045 pulcher
545 2014 617 2036 sum
632 2007 741 2036 totus:
765 2008 796 2036 et

95 2054 263 2084 simillima
275 2053 357 2082 mihi
367 2075 376 2090 ,
395 2052 522 2082 videbis
537 2061 588 2082 me
602 2053 696 2082 sicuti
712 2062 795 2088 sum,

95 2101 184 2130 Tunc
199 2099 329 2136 audies,
348 2100 426 2128 Tota
431 2099 542 2137 pulcra
556 2108 585 2129 es
600 2100 702 2129 amica
715 2109 796 2136 mea,

95 2147 124 2177 ct
141 2146 266 2176 macula
283 2153 346 2174 non
360 2146 403 2174 est
417 2145 450 2173 in
466 2145 504 2173 te.
517 2144 608 2174 Nunc
623 2152 719 2182 ver0,
736 2145 795 2174 etsi

96 2200 139 2222 ex
151 2191 242 2230 parte
255 2193 323 2228 jam
345 2189 462 2220 similis
477 2211 486 2227 ,
503 2197 546 2219 ex
565 2189 657 2228 parte
686 2190 797 2220 tamen

95 2237 278 2274 dissimilis,
294 2236 445 2266 contenta
470 2235 540 2266 esto
555 2244 598 2265 ex
612 2236 703 2274 parte
724 2245 798 2275 cog-

95 2290 241 2313 noscere.
253 2282 403 2320 Teipsam
417 2281 548 2311 attende
559 2303 568 2318 ,
587 2282 621 2311 et
635 2281 750 2312 altiora
765 2284 797 2313 te

95 2335 138 2358 ne
154 2327 321 2366 quaesieris
331 2348 340 2364 ,
355 2327 388 2356 et
404 2326 535 2356 fortiora
549 2327 582 2356 te
597 2335 639 2356 ne
657 2328 797 2358 scrutata

96 2373 209 2403 fueris.
222 2372 375 2410 Alioquin
387 2371 414 2401 si
436 2372 565 2410 ignoras
580 2373 612 2402 te
626 2393 634 2410 ,
651 2381 669 2402 o
685 2373 797 2411 pulcra

96 2417 184 2448 inter
207 2417 382 2454 mulieres,
413 2414 425 2455 (
448 2424 523 2446 nam
545 2417 579 2447 et
604 2425 662 2455 ego
676 2418 709 2448 te
726 2418 798 2449 dico

95 2464 243 2502 pulcram
257 2484 268 2500 ‚
289 2462 345 2493 sed
370 2462 456 2492 inter
475 2462 649 2501 mulieres,
665 2463 726 2493 hoc
752 2466 799 2495 est

97 2517 140 2539 ex
154 2509 244 2546 parte
261 2516 269 2536 t
286 2516 355 2538 cam
375 2510 478 2538 autem
493 2510 607 2538 venerit
632 2510 710 2548 qaod
726 2520 797 2548 per-

100 2555 212 2593 fectum
241 2556 283 2584 est
295 2576 305 2591 ,
336 2556 406 2584 tanc
429 2554 627 2584 evacuabitur
652 2557 733 2594 quod
760 2566 799 2587 ex

96 2602 183 2638 parte
197 2601 250 2630 est.
269 2598 280 2639 )
297 2600 331 2630 Si
349 2607 422 2637 ergo
438 2601 562 2638 iquoras
586 2602 625 2630 le.
649 2600 712 2631 Sed
726 2610 796 2640 quae

100 2645 279 2684 sequuntur
290 2666 300 2684 ‚
324 2645 410 2676 dicta
424 2644 517 2685 sunt,
534 2645 568 2677 et
583 2653 649 2677 non
673 2647 800 2686 oportet

1461 221 1513 249 28¹

827 269 946 299 iterum
958 268 1035 299 dici.
1052 267 1264 298 Promiseram
1279 278 1330 299 me
1345 271 1384 301 de
1399 273 1520 311 duplici

827 315 1004 352 ignorantia
1017 313 1144 343 utiliter
1156 313 1392 350 disputaturum
1405 319 1521 356 :siquo

826 360 933 390 minus
966 360 1118 397 implesse
1143 358 1275 395 videor,
1296 359 1368 389 date
1396 364 1522 393 veniam

827 405 962 436 volenti.
981 406 1059 434 Nam
1071 404 1158 434 velle
1173 403 1300 440 adjacet
1316 404 1416 442 mihi,
1431 408 1524 443 perfi-

827 459 901 480 cere
917 451 1025 480 autem
1045 457 1109 479 non
1124 449 1257 479 invenio
1271 469 1280 484 ,
1296 448 1359 477 nisi
1372 452 1524 486 quantum

827 505 884 526 sua
908 496 1109 534 benignitate
1125 495 1166 525 ad
1185 494 1327 524 vestram
1342 494 1527 525 aedificatio-

825 550 900 571 nem
911 542 1021 580 largiri
1038 540 1223 578 dignabitur
1235 547 1369 577 sponsus
1379 539 1527 569 Ecclesiae

825 588 919 617 Jesus
934 586 1080 617 Christus
1100 586 1255 616 Dominus
1271 585 1393 621 noster,
1408 584 1462 621 qui
1480 585 1529 614 est

826 641 922 671 super
936 633 1044 662 omnia
1055 633 1141 662 Deus
1152 631 1342 662 benedictus
1357 630 1390 660 in
1399 630 1527 666 saecula,

826 686 933 708 amen.

985 760 1156 793 SERMO
1178 759 1361 793 XXXIX.

827 831 866 855 De
882 830 1019 855 curribus
1036 829 1203 859 Pharaonis,
1222 829 1251 854 id
1269 832 1307 854 est
1326 829 1445 859 diaboli.
1457 829 1530 853 etde

855 867 1033 898 principibus
1055 867 1215 896 exercitus,
1238 866 1289 897 qui
1316 868 1381 890 sunt
1404 866 1530 894 malitia,

855 904 988 934 luxuria,
1002 905 1028 926 et
1039 903 1165 927 avaritia.

867 960 897 990 l.
906 961 1099 999 Eqmmrm
1113 968 1181 989 ‘meo
1193 959 1226 989 in
1236 957 1377 988 curribus
1388 958 1531 988 Pharao-

826 1007 874 1037 nis
886 1006 1053 1036 assimilavi
1068 1007 1093 1036 te
1099 1025 1111 1042 ,
1121 1006 1222 1035 amica
1232 1013 1312 1034 mea.
1329 1004 1410 1033 Ante
1423 1003 1530 1033 omnia

827 1053 861 1082 in
875 1052 926 1082 his
938 1052 1047 1082 verbis
1070 1051 1213 1080 libenter
1227 1049 1406 1088 accipimus
1419 1049 1532 1078 Eccle-

827 1098 882 1128 siae
898 1099 1012 1136 typum
1034 1097 1070 1126 in
1084 1096 1237 1126 Patribus
1261 1095 1483 1134 praecessisse,
1499 1095 1532 1124 et

827 1146 943 1174 nostrae
966 1142 1170 1173 sacramenta
1194 1141 1308 1171 salutis
1335 1140 1530 1179 praeostensa

828 1197 909 1218 esse.
927 1190 964 1218 In
981 1188 1076 1218 exitu
1091 1188 1188 1217 lsrael
1202 1187 1242 1217 de
1258 1186 1390 1224 AEgypto
1401 1207 1410 1224 ,
1427 1186 1531 1224 gemi-

826 1242 931 1272 noque
954 1234 1010 1263 illo
1031 1233 1214 1262 admirabili
1236 1232 1335 1262 maris
1356 1232 1530 1270 obsequio,

827 1281 860 1309 et
875 1280 1047 1310 transitum
1069 1279 1194 1308 scilicet
1214 1278 1334 1317 populo
1357 1277 1481 1315 dantis,
1499 1279 1532 1308 et

826 1325 986 1356 ultionem
1006 1325 1046 1355 de
1062 1324 1226 1361 hostibus,
1244 1323 1401 1361 Baptismi
1426 1323 1529 1360 gratia

828 1372 1000 1401 evidenter
1016 1370 1232 1409 exprimitur,
1253 1369 1407 1399 salvantis
1428 1368 1532 1398 homi-

826 1425 903 1455 nes,
921 1418 954 1447 et
967 1417 1103 1447 crimina
1123 1414 1372 1453 submergentis.
1402 1415 1533 1450 Omnes,

828 1462 951 1500 inquit,
966 1462 1022 1492 sub
1047 1461 1127 1491 nube
1155 1461 1299 1499 fuerunt,
1321 1462 1350 1490 et
1377 1468 1480 1490 omnes
1500 1461 1533 1489 in

827 1509 928 1545 Moyse
945 1508 1094 1546 baptizati
1107 1507 1218 1537 suntin
1229 1506 1308 1536 nabe
1332 1507 1361 1536 et
1385 1507 1418 1535 in
1435 1506 1530 1535 mari.

827 1553 890 1582 Sed
904 1553 1031 1592 oportet
1046 1552 1312 1590 consequentiam
1325 1573 1335 1590 ,
1350 1551 1434 1582 sicut
1445 1552 1532 1581 sole-

826 1606 916 1636 mus,
933 1599 1060 1637 signare
1085 1598 1279 1635 verborum,
1304 1598 1338 1628 et
1362 1597 1532 1635 sequentia

827 1644 989 1682 prioribus
1005 1644 1176 1681 copulare3
1194 1645 1228 1673 et
1250 1643 1296 1673 ita
1319 1643 1450 1673 demum
1472 1643 1534 1673 eli-

827 1697 901 1719 cere
932 1697 1031 1719 suave
1058 1689 1246 1727 quippiam,
1279 1689 1307 1719 si
1340 1697 1529 1727 possumus,

826 1735 911 1773 quod
935 1736 1037 1774 prosit
1066 1735 1214 1765 moribus
1235 1735 1446 1765 instruendis.
1470 1734 1531 1764 Ubi

827 1781 936 1819 itaque
952 1788 1075 1819 sponsae
1090 1780 1299 1818 praesumptio
1315 1780 1396 1809 dura
1411 1780 1446 1809 et
1462 1788 1533 1810 aus-

811 1857 812 1860 ,
826 1826 895 1856 tera
911 1825 1132 1863 increpatione
1150 1833 1297 1863 repressa
1312 1825 1376 1862 est3
1399 1833 1441 1855 ne
1457 1825 1534 1855 tris-

826 1871 889 1901 tior
910 1871 1120 1907 remaneret,
1136 1871 1220 1900 bona
1236 1870 1286 1900 illi
1310 1870 1439 1909 aliqua,
1461 1880 1533 1909 quae

824 1916 890 1952 jam
906 1916 1095 1954 acceperat,
1111 1916 1151 1946 ad
1163 1916 1355 1946 memoriam
1369 1917 1533 1947 reducun-

826 1962 898 1999 tur,
915 1963 948 1992 et
958 1962 1067 2000 aliqua
1079 1983 1088 2000 ,
1101 1970 1173 2000 quae
1188 1961 1333 1991 nondum
1348 1963 1532 2002 acceperat,

826 2007 1063 2045 promittuntur
1078 2016 1086 2036 ε
1100 2007 1156 2037 sed
1168 2008 1200 2036 et
1214 2007 1326 2045 pulcra
1341 2006 1446 2037 denuo
1461 2016 1534 2046 per-

827 2053 962 2083 hibetur
978 2075 987 2091 ,
1017 2054 1051 2083 et
1082 2053 1268 2091 appellatur
1295 2053 1411 2083 amica.
1441 2054 1533 2091 Quod

827 2098 907 2136 tibi,
922 2099 1048 2137 inquit,
1071 2098 1153 2128 dure
1175 2098 1301 2128 locutus
1315 2107 1405 2137 sum,
1428 2099 1533 2130 amica

827 2152 916 2182 mea,
929 2145 1019 2174 nulla
1044 2144 1079 2173 in
1097 2151 1149 2173 me
1165 2143 1227 2173 tibi
1244 2143 1386 2182 suspicio
1408 2144 1450 2174 sit
1465 2144 1534 2175 odii

828 2190 880 2220 vel
896 2190 1050 2219 rancoris.
1065 2189 1143 2218 Nam
1157 2188 1250 2225 signa
1272 2189 1390 2218 amoris
1413 2189 1479 2218 mei
1499 2189 1533 2220 in

827 2236 860 2266 te
885 2235 1051 2266 evidentia
1079 2235 1156 2264 sunt
1182 2235 1254 2273 ipsa
1283 2242 1356 2264 mea
1377 2243 1532 2273 munera,

828 2281 945 2320 quibus
960 2281 992 2311 te
1008 2280 1165 2310 honoravi
1183 2280 1216 2310 et
1231 2280 1355 2310 ornavi.
1370 2281 1434 2310 Nec
1450 2280 1534 2310 mihi

829 2326 930 2356 animi
950 2327 998 2356 est
1012 2326 1068 2355 illa
1082 2326 1249 2356 retrahere
1259 2347 1269 2363 ,
1284 2325 1342 2355 sed
1356 2326 1458 2363 magis
1474 2325 1534 2355 ad-

830 2372 906 2402 dere
922 2372 1157 2410 ampliora.Vel
1172 2372 1217 2402 sic
1231 2380 1239 2400 ε
1255 2372 1323 2401 Non
1339 2380 1421 2409 aegre
1437 2371 1531 2408 seras,

830 2418 934 2448 amica
957 2426 1049 2456 mea,
1072 2417 1208 2447 minime
1229 2418 1260 2447 te
1276 2417 1423 2454 accipere
1437 2415 1531 2444 modo

830 2464 916 2502 quod
930 2463 1071 2502 postulas
1083 2485 1092 2501 ,
1109 2471 1180 2501 quae
1193 2464 1280 2493 tanta
1293 2471 1311 2492 a
1322 2470 1373 2491 me
1395 2461 1459 2496 jam
1475 2468 1530 2489 ac-

832 2509 946 2548 cepisti
965 2518 974 2538 :
995 2510 1028 2539 et
1049 2509 1169 2546 majora
1184 2509 1299 2538 horum
1320 2505 1476 2543 accipies,
1501 2505 1529 2534 si

831 2555 865 2584 in
887 2554 1060 2594 praeceptis
1079 2554 1161 2584 meis
1185 2551 1415 2587 ambulaveris,
1440 2550 1473 2579 et
1495 2550 1529 2578 in

832 2609 940 2630 amore
965 2608 1039 2630 meo
1067 2597 1337 2638 perseveraveris.
1367 2596 1441 2626 Haec
1470 2602 1529 2632 pro

832 2647 951 2678 litterae
967 2644 1207 2684 consequentia.
