1810 3073
275 212 336 245 156

275 270 310 300 et
335 266 454 301 coelum
477 269 687 310 concupiscit.
711 272 761 303 Ita
784 272 892 310 potest
915 271 979 301 im-

273 316 367 356 plere
387 316 471 348 illud
483 317 634 348 divinum
656 318 876 357 praeceptum,
892 315 979 355 quod

274 362 312 393 in
322 361 429 401 prima
449 363 660 395 conversione
685 371 743 395 sua
757 363 883 401 accepit
899 371 907 391 ε
923 363 979 393 Di-

275 409 349 448 liqes
360 410 542 449 proximum
557 411 645 441 tuum
655 411 733 441 sicut
744 410 884 448 teipsum.
899 408 979 437 Nam

273 454 355 491 dum
368 455 548 486 secundum
562 463 694 485 carnem
714 454 877 492 ambulat,
889 454 979 484 nullo

272 501 371 532 modo
395 501 528 540 potest:
545 510 619 531 cum
641 501 751 530 autem
774 500 893 538 spiritu
917 499 978 529 Dei

272 546 397 585 agitur,
414 546 510 577 facile
524 546 642 584 potest.
659 545 743 582 Quid
759 545 846 575 enim
860 545 980 575 habeat

269 592 486 622 emolumenti
513 592 610 621 honio
621 614 629 630 ,
659 591 686 621 si
715 592 883 630 proximus
909 591 980 628 ejus

272 637 387 668 ardeat
399 638 433 667 in
450 637 598 667 inferno?
614 638 669 667 aut
684 637 762 676 quid
777 637 978 676 perdiderIt,

271 682 301 714 si
316 692 427 714 secum
438 683 582 714 fueritin
594 683 878 723 paradi502Neque
891 685 978 714 enim

272 729 350 760 {alis
365 730 414 760 est
432 730 487 760 illa
502 730 643 769 paradisi
655 730 845 769 haereditas,
857 732 893 761 ut
905 739 981 769 pos-

271 775 453 806 sidentium
489 783 626 806 numero
660 776 837 806 minuatur.
865 776 980 815 Diligit

274 829 350 859 ergo
363 818 551 860 proximum
561 843 570 860 ,
583 830 680 860 quem
695 830 759 853 uon
771 822 843 853 vult
858 823 979 852 malum

271 867 363 906 pati,
378 867 462 898 sicut
477 875 538 898 nec
553 868 716 906 seipsum,
732 868 765 898 et
779 876 876 905 quem
895 868 980 898 sicut

271 913 417 952 seipsum
448 913 521 943 vult
554 912 722 952 possidere
749 913 882 943 coelum.
912 913 979 943 Hoc

271 960 385 994 autem
411 967 486 997 suo,
516 958 552 988 id
587 958 636 989 est
670 958 815 989 hominis
843 959 979 997 spiritu,

272 1004 402 1043 quando
425 1004 556 1043 posset,
572 1005 609 1034 ut
630 1004 757 1034 scilieet
779 1012 981 1042 expavesce-

271 1051 324 1080 ret
334 1050 519 1088 gehennam
532 1072 540 1088 ,
553 1057 589 1080 ac
601 1050 747 1080 coelestia
760 1049 982 1081 desideraret?

271 1094 339 1125 Sed
363 1095 471 1133 potest
492 1095 553 1125 hoc
579 1095 668 1124 illius
694 1094 829 1134 spiritu,
847 1094 898 1125 cui
915 1095 981 1125 <lic-

273 1140 345 1170 tum
361 1141 479 1172 est:Si
493 1142 655 1171 ascendero
677 1142 709 1170 in
734 1141 843 1171 caelum
867 1142 900 1171 tu
922 1141 982 1172 illic

273 1196 325 1224 cs,
340 1189 396 1217 etc.
417 1187 559 1225 Spiritus
581 1187 702 1225 quippe
718 1186 888 1225 sapientiae
909 1187 997 1237 ubi-¹

743 216 774 246 S.
794 216 878 246 BER
887 215 1029 247 NARDI
1046 215 1241 245 ABBATIS

1012 277 1097 298 mam
1109 278 1219 309 suam,
1241 269 1340 301 debet
1353 270 1450 302 etiam
1471 271 1607 312 diligere
1619 271 1716 311 iusti-

1011 314 1102 344 tiam.
1121 315 1271 354 Alioquin
1297 316 1325 347 si
1353 317 1462 356 diligit
1485 318 1693 358 iniquitatem
1703 340 1714 357 ‚

1011 359 1080 390 odit
1093 361 1190 398 plane
1201 383 1210 399 ,
1225 370 1290 392 non
1305 362 1432 402 diligit,
1449 364 1590 394 animam
1610 372 1714 394 suam.

1050 406 1081 435 5.
1098 406 1269 444 Diligendo
1291 408 1402 438 autem
1421 408 1581 446 justitiam
1600 409 1717 440 transit

1011 449 1051 479 ad
1075 451 1254 482 secundum
1282 453 1431 492 gradum,
1459 455 1494 484 et
1517 455 1610 485 audit,
1631 454 1715 485 illud

1011 496 1184 534 Sapientiae
1199 500 1549 540 praeceptumtvDiliyite
1557 501 1715 540 justitiam

1011 544 1064 580 qui
1074 543 1224 581 judicatis*
1247 546 1375 575 terram.
1391 545 1494 582 Quam
1518 547 1545 576 si
1569 546 1716 585 perfecte

1011 588 1179 628 dilexerit,
1193 590 1292 620 debet
1313 599 1372 629 pro
1389 599 1426 621 ea
1451 591 1536 622 ferre
1551 592 1717 630 patienter

1010 642 1138 665 omnem
1150 644 1281 674 poenam
1293 637 1326 666 et
1340 632 1576 676 quamcumque
1591 638 1717 667 illatam

1011 682 1254 712 contumeliam.
1274 683 1344 712 Duo
1359 683 1481 723 quippe
1503 682 1670 722 praestabit
1684 682 1718 714 ei

1008 727 1136 765 justitia
1150 737 1158 758 z
1181 737 1285 759 unum
1296 751 1305 767 ,
1321 729 1359 760 ut
1372 729 1472 760 faciat
1492 729 1579 768 quod
1595 728 1693 760 dehet
1705 737 1716 759 t

1011 774 1160 813 alterum,
1176 776 1212 805 ut
1226 775 1370 814 patiatur
1383 775 1470 814 quod
1484 775 1584 807 debet
1599 785 1608 807 z
1627 776 1718 807 scili-

1011 819 1080 857 cet,
1096 820 1136 849 ut
1150 820 1177 849 si
1191 820 1313 850 bonum
1337 828 1403 851 non
1422 820 1541 851 fecerit
1559 821 1644 860 quod
1658 821 1718 852 de-

1010 865 1092 904 buit,
1108 866 1231 896 malum
1246 866 1333 905 quod
1347 867 1469 898 meruit
1488 867 1642 906 patiatur.
1663 867 1718 899 Sic

1010 911 1092 942 miro
1108 912 1203 942 modo
1219 920 1261 942 ne
1273 913 1451 944 deserendo
1466 913 1600 952 quidem
1621 914 1719 951 justi-

1011 956 1090 986 tiam
1105 957 1226 995 abipsa
1238 957 1432 996 deserimur,
1448 958 1526 988 dum
1541 967 1601 998 per
1614 959 1719 998 ipsam

1011 1003 1151 1040 quilibet
1163 1004 1443 1041 praevaricationis
1453 1004 1562 1035 reatus
1568 1005 1715 1043 punitur.

1011 1049 1120 1087 Neque
1136 1050 1222 1079 enim
1241 1050 1289 1079 est
1303 1050 1360 1087 qui
1384 1058 1419 1080 se
1434 1050 1619 1080 abscondat*
1632 1058 1650 1080 a
1666 1059 1718 1081 ca-

1012 1095 1078 1124 lore
1095 1094 1177 1132 ejus.
1197 1095 1288 1125 Hanc
1301 1096 1411 1126 autem
1425 1103 1557 1134 poenam
1581 1104 1648 1127 non
1664 1105 1718 1127 so-

1013 1140 1081 1170 lum
1094 1140 1146 1171 vir
1158 1140 1263 1178 justus
1274 1149 1339 1171 non
1354 1141 1477 1180 horret,
1486 1149 1603 1173 verum
1616 1142 1716 1173 etiam

1012 1187 1154 1218 libenter
1169 1187 1314 1227 excipit,
1329 1187 1406 1218 dum
1420 1196 1481 1227 per
1504 1196 1576 1218 eam
1600 1189 1719 1227 praete-

272 1241 338 1270 que
366 1240 526 1271 praesens,
541 1233 633 1263 novit
661 1233 741 1271 quid
764 1233 801 1263 in
830 1233 931 1271 coelo,
949 1234 996 1264 et⁴
1012 1233 1083 1263 ritae
1100 1233 1176 1264 vitae
1190 1234 1325 1272 peccata
1336 1234 1466 1272 purgari
1487 1234 1632 1265 fideliter
1648 1240 1720 1265 cre-

272 1279 354 1317 quid
369 1280 483 1318 agatur
507 1280 543 1309 in
566 1279 709 1309 inferno.
726 1279 867 1318 Cumque
888 1288 982 1309 men·
994 1272 999 1315 ζ
1012 1279 1071 1309 dit.
1089 1280 1173 1309 Hinc
1189 1279 1278 1309 enim
1299 1280 1457 1318 scriptum
1472 1280 1521 1310 est
1537 1289 1546 1309 :
1561 1282 1632 1311 Non
1644 1289 1719 1310 con-

273 1325 343 1354 tem
368 1325 545 1354 humanam
570 1324 733 1363 replevit,
751 1326 785 1355 et
806 1325 846 1354 de
874 1325 981 1363 poenis
995 1325 997 1339 ⁴
1012 1324 1145 1355 trz’slabz't
1155 1325 1276 1362 justum
1291 1325 1433 1363 quicquid
1447 1326 1475 1355 εἰ
1489 1326 1643 1356 acciderit.
1657 1325 1720 1364 Op-

274 1369 397 1401 inierni
417 1371 537 1401 incutit
555 1370 726 1408 timorem,
743 1372 776 1401 et
797 1370 980 1400 coelestium
995 1362 998 1384 ¹
1011 1369 1104 1408 ponit
1127 1370 1227 1409 igitur
1243 1370 1345 1400 variis
1358 1370 1582 1408 voluptatibus
1598 1371 1720 1410 quibus

273 1424 420 1447 amorem
447 1416 591 1447 infundit
607 1424 615 1445 :
632 1416 744 1454 sicque
773 1415 851 1446 facit
875 1415 982 1446 homi—
1013 1416 1154 1453 corruit,
1192 1416 1355 1446 contraria
1381 1416 1622 1447 medicamenta
1659 1426 1720 1457 per

273 1469 351 1491 nem
363 1469 472 1492 amare
487 1462 651 1500 seipsum,
668 1463 702 1492 et
726 1461 806 1492 dicit
822 1461 852 1491 ei
868 1470 876 1490 τ
894 1462 980 1492 Mise-
994 1431 998 1483 Ι
1012 1470 1083 1501 quae
1098 1462 1255 1499 resurgat.
1272 1462 1371 1492 Verbi
1386 1463 1502 1500 gratia,
1520 1462 1640 1494 cecidit
1659 1471 1720 1503 per

271 1517 342 1538 rere
357 1509 470 1539 animae
495 1510 573 1546 tnae,
591 1508 715 1547 placens
735 1510 812 1538 Deo.
838 1507 980 1537 Primum
1012 1509 1560 1547 inobedientiam,perobedientiae
1572 1509 1723 1542 laborem

273 1553 434 1592 igiturest
444 1554 580 1593 diligere
589 1554 770 1592 se‚deinde
781 1553 978 1592 proximum.
1012 1555 1097 1585 redit
1108 1555 1278 1585 advitam:
1295 1555 1441 1584 lubricus
1451 1555 1580 1585 exstitit
1595 1563 1632 1586 ac
1656 1555 1719 1587 dis-

274 1600 345 1630 b'on
367 1600 455 1630 enim
477 1600 601 1630 dictum
625 1599 821 1638 est,diliges
843 1600 875 1629 te
898 1599 980 1629 sicut
1012 1601 1159 1639 solutus;
1175 1609 1234 1639 per
1250 1601 1458 1631 continentiae
1476 1601 1619 1632 studium
1634 1602 1720 1641 rigo—

273 1646 484 1685 proximum,
501 1646 558 1676 sed
582 1647 685 1685 diliqes
703 1647 887 1684 proximum
906 1647 981 1676 sicul
1012 1655 1151 1686 remque
1182 1647 1364 1685 disciplinae
1388 1647 1569 1686 reparatur.
1594 1649 1720 1681 Patitur

273 1694 318 1722 ie.
347 1692 414 1721 Hoc
441 1691 536 1721 modo
565 1691 602 1720 fit
627 1692 750 1721 amator
778 1691 894 1721 animae
916 1672 1051 1752 διιεῡίῑιί)
1067 1694 1147 1732 ipsis
1162 1694 1334 1724 elementis
1349 1693 1462 1723 mundi
1476 1701 1719 1733 poenam,quo-

274 1745 336 1777 per
363 1737 522 1777 Spiritum
547 1738 696 1769 sanctum
729 1745 828 1776 quem
852 1745 896 1768 ex
918 1737 981 1767 fide

275 1785 416 1823 accepit.

316 1830 347 1860 2.
360 1830 501 1869 Accepto
520 1830 631 1861 autem
645 1829 709 1860 hoc
729 1828 813 1860 dono
823 1852 832 1868 ,
845 1837 911 1860 non
926 1829 983 1860 de-

274 1875 333 1908 ]›et
348 1885 386 1908 eo
401 1878 467 1907 solo
484 1878 657 1908 contentus
678 1885 748 1907 esse
759 1899 767 1915 ,
784 1877 840 1907 sed
854 1877 895 1907 ad
915 1885 983 1907 ma—

1012 1749 1085 1770 rum
1102 1749 1163 1770 usu
1181 1739 1303 1769 dudum
1321 1739 1505 1769 defluxerat
1516 1740 1556 1769 ad
1569 1741 1719 1779 volupta-

1013 1787 1092 1817 tem.
1106 1786 1229 1824 Quibus
1251 1786 1449 1816 cruciatibus
1463 1794 1534 1815 cum
1549 1786 1625 1824 diu3
1636 1788 1721 1816 tam-

1013 1841 1110 1871 quam
1125 1841 1240 1862 aurum
1257 1832 1289 1861 In
1300 1832 1429 1861 fornace
1443 1832 1596 1870 probatus
1608 1831 1719 1870 fuerit,

1014 1882 1171 1917 quantum
1181 1878 1308 1909 scilicet
1318 1876 1616 1916 dignumjudicahit
1626 1877 1654 1907 is
1664 1878 1720 1916 qui

1121 1925 1337 1962 lacrymarum
1353 1931 1411 1952 nos
1427 1923 1533 1960 cibat,
1556 1924 1589 1953 et
1607 1924 1722 1961 potum

273 1923 346 1961 jora
368 1924 526 1963 provehi,
543 1924 576 1953 et
603 1924 639 1953 in
667 1924 787 1954 melius
812 1924 979 1962 proficere¹
998 1930 1097 1977 *pane

275 1970 367 2001 vivit
386 1970 495 2000 autem
512 1970 580 2007 jam
605 1977 663 2007 per
679 1969 848 2007 Spiritum.
871 1969 936 1999 Sed
957 1969 982 1999 si
999 1970 1068 1999 dat
1081 1968 1722 2007 nohisinlacrymisinmensura3incipit

275 2024 338 2055 per
362 2015 522 2054 Spiritum
540 2014 701 2053 vivimus,
725 2015 772 2045 ait
795 2015 983 2053 Apostolus,
997 2008 1079 2066 ljam
1106 2015 1284 2053 consolari,
1301 2017 1334 2045 et
1359 2014 1451 2044 audIt
1465 2015 1651 2045 illamIsaiae
1667 2023 1724 2045 vo·

275 2063 386 2101 spiritu
400 2064 428 2092 et
440 2061 642 2092 ambulemus.
657 2062 695 2090 Et
707 2061 784 2090 alibi
802 2061 881 2091 dicit
897 2070 904 2090 :
921 2062 985 2091 n‘os·
1000 2068 1001 2073 ¹
1016 2071 1085 2092 cem
1095 2061 1251 2091 dicentis:
1262 2061 1491 2097 consolamini,
1501 2061 1723 2099 consolamini,

275 2117 349 2138 vero
361 2116 465 2138 omnes
479 2107 613 2138 res-elata
627 2107 705 2145 facie
717 2107 845 2146 qloriam
854 2108 985 2146 Deispe—
1000 2119 1001 2125 ¹
1012 2109 1123 2148 popule
1137 2117 1231 2144 mens,
1242 2107 1312 2137 llicit
1324 2109 1408 2137 Deus
1424 2108 1531 2137 vester.
1544 2106 1724 2145 Loquimim'

275 2154 414 2184 calantes
419 2175 430 2191 ‚
441 2155 475 2184 in
492 2154 631 2183 eamdem
646 2154 813 2192 imaginem
830 2153 984 2191 transsor—
1017 2155 1055 2184 acl
1071 2163 1122 2183 cor
1137 2153 1307 2183 Jerusalem
1318 2173 1329 2189 ‚
1345 2154 1372 2183 ct
1384 2153 1527 2182 advocate
1545 2161 1633 2190 eam,
1648 2161 1723 2191 quo-

276 2207 439 2229 anamura
465 2199 608 2229 claritate
632 2200 665 2229 in
686 2200 880 2236 claritatem,
905 2200 986 2229 tam-
1016 2201 1102 2229 niam
1128 2199 1278 2238 completa
1301 2200 1345 2229 est
1369 2198 1491 2228 malitia
1515 2198 1591 2237 ejus,
1607 2197 1720 2237 idest,

276 2253 373 2283 qnam
394 2254 414 2274 α
435 2246 563 2275 Domini
582 2246 710 2284 Spiritu.
726 2246 794 2275 Hoc
820 2245 929 2284 ipsum
953 2246 1003 2295 et¹

276 2289 446 2320 Psalmista
471 2290 511 2320 de
532 2290 653 2321 sanctis
675 2290 810 2321 videtur
830 2291 1003 2321 sensisse*

277 2336 535 2372 Benedictionem,
560 2336 685 2374 inquit,
702 2336 788 2367 dabit
811 2337 985 2376 leytslalorg

276 2382 365 2413 ibunt
393 2382 428 2411 de
455 2382 569 2411 virtute
590 2383 622 2411 ἰη
652 2384 815 2420 virtutem,
837 2383 988 2413 videbitur

279 2429 363 2459 Deus
377 2427 503 2457 deorum
524 2428 558 2456 in
573 2428 658 2456 Sion.
683 2428 834 2458 Ambulet
857 2429 889 2459 et
904 2428 985 2467 iste,
1001 2417 1003 2456 ἶ

279 2480 378 2512 quem
405 2472 440 2502 in
461 2472 612 2502 manibus
644 2473 804 2503 habemus
833 2483 842 2503 ς
873 2475 927 2505 eat
954 2467 1003 2504 et*

279 2517 446 2558 proficiat,
471 2517 573 2548 donec
599 2517 639 2547 ad
669 2520 819 2556 quartum
852 2520 984 2557 gradum

279 2563 464 2604 perveniat.
475 2564 524 2594 Ibi
535 2564 607 2594 sine
619 2563 718 2594 dubio
731 2564 834 2595 tactus
845 2566 985 2604 sapiens,

281 2610 409 2642 videbit
433 2610 538 2640 Deum
563 2610 699 2640 deorum
728 2610 763 2640 in
786 2609 874 2639 Sion.
890 2612 985 2641 Porro

284 2664 322 2688 eo
337 2656 407 2696 ipso
423 2655 508 2696 quod
523 2654 608 2697 dixi,
624 2655 682 2698 qui
700 2654 785 2688 bene
800 2654 987 2695 diligitam-

1017 2245 1151 2275 afflictio
1165 2253 1173 2274 ε
1191 2246 1317 2275 dimissa
1328 2246 1371 2274 est
1386 2245 1532 2282 iniquitas
1544 2244 1636 2274 illius.
1650 2244 1724 2275 Sus-

1017 2292 1093 2330 cepit
1111 2292 1145 2322 cle
1168 2299 1263 2321 mann
1278 2291 1406 2321 Domini
1425 2290 1558 2329 duplicia
1577 2298 1633 2328 pro
1659 2297 1724 2320 om·

1017 2338 1107 2368 nibus
1123 2338 1255 2377 peccatis
1274 2338 1349 2367 suis.
1364 2336 1535 2375 Postquam
1551 2343 1630 2366 vero
1645 2343 1723 2366 con-

1017 2383 1209 2414 solationem
1233 2381 1409 2420 receperit,
1436 2380 1594 2411 sollicitus
1616 2381 1665 2411 est
1689 2379 1725 2411 et'

1018 2429 1135 2467 quaerit
1148 2427 1307 2467 quomodo
1322 2426 1450 2465 placeat
1464 2426 1495 2456 ei
1517 2425 1571 2456 cui
1589 2434 1624 2457 se
1645 2433 1721 2463 pro-

1018 2474 1120 2505 bavit.
1137 2474 1227 2504 Facit
1243 2472 1396 2512 quicquid
1409 2472 1487 2502 boni
1502 2471 1598 2511 facit,
1613 2471 1652 2503 ut
1662 2468 1722 2503 soli

1017 2520 1145 2559 placeat
1157 2527 1213 2549 suo
1226 2518 1398 2549 conditori.

1058 2565 1090 2594 [4.
1100 2565 1226 2595 Transit
1242 2564 1281 2594 ad
1296 2563 1429 2595 tertium
1443 2560 1575 2600 gradum
1589 2561 1637 2592 sui
1650 2566 1723 2599 pro-

1020 2611 1145 2641 fectus:
1172 2611 1210 2641 ut
1237 2610 1279 2640 sit
1292 2609 1419 2640 scilicet
1448 2609 1571 2637 amicus
1596 2607 1722 2645 sapien-

1020 2656 1086 2695 tioe,
1102 2664 1174 2696 quae
1187 2656 1334 2690 materno
1350 2654 1466 2688 aflectu
1481 2653 1624 2694 loquutur
1637 2652 1721 2692 sibi,
