1846 3078
301 237 362 268 5912

301 293 415 323 tatem.
430 291 514 323 Audi
529 290 669 331 denique
684 291 837 322 Sanctum
863 292 895 320 et
911 291 998 319 elec·
1010 296 1017 306 ·

301 339 372 368 tum
386 337 464 377 quid
479 338 566 368 dicat
589 339 669 368 Deo.
689 339 754 374 Τιι,
770 336 894 374 inquit,
906 337 998 366 remi-

300 385 368 415 sisti
394 380 578 423 impietatem
609 384 726 422 peccati
748 383 818 412 mei.
851 384 915 412 Pro
942 381 999 411 hac

302 429 403 460 orabit
418 431 458 459 acl
480 432 507 459 te
534 430 632 459 omnis
662 429 785 458 sanctus
812 428 843 456 in
868 428 998 464 tempore

299 478 481 515 opportuno.
495 476 582 513 Opus
595 476 703 511 itaque
717 473 838 502 habent
846 473 879 502 et
890 471 996 501 Sancti

300 529 358 559 pro
373 522 514 560 peccatis
530 527 664 549 exorare
675 541 685 556 ,
700 520 736 548 ut
751 518 790 547 de
814 518 998 548 misericor-

299 567 353 596 dia
367 567 447 596 salvi
468 567 562 602 fiant,
578 565 717 603 propriae
729 564 866 601 justitiae
881 572 946 593 non
961 564 998 593 fi-

300 612 425 642 dentes.
444 612 560 641 Omnes
586 611 674 640 enim
705 610 942 648 peccaverunt,
967 612 997 639 et

301 660 397 696 egent
411 665 522 687 omnes
536 656 770 686 misericordia.
782 656 821 686 vt
835 664 909 694 ergo
926 664 996 685 cum

299 703 399 733 iratus
414 703 531 740 fuerit,
543 702 775 732 misericordiae
790 701 996 739 recordetur,

299 749 429 785 rogatur
445 748 485 777 ab
503 748 564 778 ista
580 756 737 787 apparere
764 749 797 778 in
814 748 999 777 misericor—

297 794 359 823 diae
376 794 509 831 habitu,
526 794 600 831 illo,
617 794 656 824 de
671 802 733 832 quo
748 793 919 832 Apostolus
933 801 942 823 :
958 795 997 823 El

297 839 416 876 habitu,
433 840 556 878 inquit,
571 842 708 870 iuventus
725 841 760 869 ut
782 839 885 870 homo.

338 885 368 915 5.
384 886 569 915 Necessarie
592 885 737 924 quidem.
754 884 787 914 Si
810 885 898 914 enim
924 893 995 914 cum

297 931 358 960 hoc
386 940 514 970 quoque
540 931 800 969 temperamento
823 931 912 960 tanta
936 930 996 959 erIt

299 978 332 1007 in
354 977 478 1015 judicio
505 978 658 1016 aequitas,
676 977 710 1005 in
735 975 851 1006 Judice
867 976 996 1013 feritas,

297 1023 332 1053 in
360 1024 530 1060 majestate
567 1023 767 1060 sublimitas,
804 1022 932 1052 novitas
965 1022 995 1050 in

298 1068 381 1098 facie
395 1070 464 1107 ipsa
477 1077 586 1098 rerum
596 1091 605 1105 ,
621 1070 656 1098 ut
669 1067 847 1097 secundum
859 1067 996 1105 Prophe>

298 1115 364 1143 tam
389 1123 452 1144 non
479 1114 579 1152 possit
594 1114 727 1152 cogitari
744 1113 815 1143 dies
840 1113 997 1143 adventus

299 1161 369 1198 ejus
393 1169 401 1189 τ
428 1161 508 1199 quid
533 1161 628 1199 putas
652 1160 754 1197 foret,
781 1159 807 1188 si
833 1159 917 1197 ignis
941 1159 996 1188 ille

297 1215 490 1236 consumens
506 1205 634 1246 (Deum
656 1206 771 1243 loquor
793 1205 998 1242 omnipoten-

296 1252 388 1291 tem)
408 1252 440 1281 in
463 1252 519 1281 illa
542 1261 607 1282 suae
629 1251 813 1281 divinitatis
836 1250 999 1288 magnitu-

299 1298 394 1337 dine,
420 1298 631 1335 tortitudine,
657 1297 800 1336 puritate
835 1297 997 1333 venisset,

297 1346 409 1373 contra
426 1345 538 1374 folium
564 1343 649 1382 quod
674 1345 772 1373 vento
793 1343 934 1380 rapitur,
951 1351 999 1371 os-

298 1391 450 1419 tensurus
472 1389 651 1428 potentiam
668 1397 775 1425 suam,
792 1390 824 1418 et
846 1388 998 1427 stipulam

298 1435 415 1465 siccam
431 1434 684 1473 persecuturus?
701 1435 739 1463 Et
755 1434 850 1463 homo
865 1435 930 1471 est,
949 1434 999 1463 in-

298 1482 387 1519 quit,
405 1481 439 1510 et
455 1481 527 1518 quis
542 1480 668 1509 videbit
683 1479 782 1509 eum?
803 1481 921 1518 thzu's
933 1482 998 1509 sta-

298 1527 340 1557 bit
375 1528 415 1557 acl
443 1528 606 1557 ridendum
631 1525 721 1555 eum?
746 1525 872 1561 Quanto
896 1525 999 1561 magis

297 1574 401 1602 Deum
422 1572 516 1602 nobis
542 1572 661 1609 absque
679 1571 810 1600 homine
836 1570 999 1599 exhiben-

296 1621 363 1648 tem
379 1627 473 1648 nemo
489 1618 655 1647 hominum
671 1617 788 1653 ferret,
805 1617 918 1653 utpote
935 1615 998 1645 cla-

295 1666 393 1694 ritate
409 1660 668 1693 inaccessibilem
680 1685 689 1699 ,
705 1662 899 1691 celsitudine
913 1661 999 1690 inat-

295 1709 490 1748 tingibilem,
504 1707 868 1745 incomprehensibilem
882 1705 998 1742 majes-

295 1756 363 1785 tate
375 1754 387 1783 ’ἓ
401 1755 489 1784 Nunc
504 1761 580 1782 vero
593 1761 666 1782 cum
683 1752 842 1781 exarserit
858 1752 890 1780 in
906 1750 997 1780 brevi

295 1801 343 1830 ira
359 1800 446 1837 ejus,
463 1807 559 1837 quam
575 1799 661 1836 grata
679 1798 810 1835 propter
825 1797 907 1826 filios
930 1805 999 1834 gra-

295 1847 350 1876 11ae
386 1845 556 1884 apparebit
580 1844 698 1873 blanda
733 1843 879 1881 quaedam
914 1843 998 1872 visio

296 1892 455 1929 hominis,
471 1899 547 1920 sane
564 1890 803 1919 firmamentum
820 1889 913 1926 fidei,
929 1888 997 1926 spei

297 1938 413 1974 robur,
425 1937 551 1966 fiduciae
567 1937 775 1973 augmentum
789 1943 796 1963 :
811 1935 896 1973 quod
912 1935 998 1964 scili-

298 1985 347 2013 cet
364 1983 465 2021 gratia
483 1983 515 2011 et
530 1981 753 2011 misericordia
768 1981 810 2010 sit
825 1982 858 2010 in
873 1981 998 2010 sanctos

297 2030 386 2067 ejiis,
403 2031 435 2059 et
450 2030 616 2066 respectus
631 2027 664 2056 in
681 2027 800 2056 electos
816 2026 916 2056 illius.
933 2028 998 2056 De-

297 2075 396 2113 nique
424 2077 491 2113 ipse
518 2075 612 2103 Pater
626 2074 712 2103 Deus
737 2073 827 2103 dedit
851 2073 932 2102 Filio
945 2073 998 2110 ju-

298 2122 374 2151 dicii
392 2121 586 2159 potestatem
597 2142 605 2157 ,
619 2121 651 2149 et
666 2127 731 2148 non
742 2119 818 2156 quia
833 2127 929 2155 suus,
941 2119 997 2148 sed

296 2168 372 2205 quia
388 2168 489 2196 Filius
505 2166 646 2196 hominis
663 2168 722 2195 est.
737 2165 760 2193 Ο
777 2173 854 2194 vere
871 2166 996 2194 Patrem

296 2213 589 2242 misericordiarum
605 2212 612 2241 l
639 2212 709 2241 vult
741 2220 799 2249 per
830 2212 997 2241 hominem

295 2257 443 2287 homines
456 2258 611 2295 judicari,
625 2266 687 2295 quo
703 2257 735 2286 in
752 2259 840 2287 tanta
856 2258 998 2296 trepida-

296 2303 386 2333 tione
404 2304 435 2331 et
458 2304 699 2340 perturbatione
713 2303 889 2338 malorum,
912 2303 997 2332 elec·

295 2349 338 2379 tis
354 2347 503 2377 fiduciam
519 2351 648 2385 pra-stet
664 2351 787 2378 naturae
803 2348 995 2378 similitudo.

295 2394 494 2423 Praedixerat
516 2394 575 2422 hoc
600 2395 760 2430 quondam
784 2396 912 2424 sanctus
936 2397 997 2425 Da-

296 2440 372 2477 vid,
397 2447 491 2469 orans
528 2440 651 2476 pariter
684 2441 716 2469 et
752 2441 951 2478 prophetans
986 2449 995 2470 τ

296 2488 400 2522 Deus,
417 2485 745 2523 inquiens,judicium
765 2489 849 2515 tuum
867 2489 930 2525 reyt'
943 2489 995 2524 cla,

296 2534 326 2561 et
342 2532 497 2569 justitiam
513 2533 598 2560 luam
618 2531 680 2567 lilio
703 2533 791 2569 res11's.
809 2533 870 2562 Sed
890 2541 995 2571 neque

299 2577 375 2607 huic
391 2577 531 2607 dissonat
547 2576 715 2615 promissio
742 2576 825 2605 sacta
850 2585 908 2614 per
932 2579 995 2608 An-

299 2623 403 2659 gelos,
419 2622 473 2660 qui
491 2630 528 2652 eo
544 2623 705 2661 assumpto
721 2621 765 2651 ita
778 2621 816 2651 ad
832 2622 997 2659 Apostolos

298 2667 514 2706 loquebantur
535 2676 543 2697 z
566 2669 622 2698 Hic
649 2670 735 2699 Jesus
750 2669 804 2707 qui
827 2671 997 2708 assumptus

769 238 800 267 S.
821 236 1266 266 BERNARD1ABBAT1S

1031 291 1074 320 est
1093 300 1114 320 a
1132 291 1218 321 vobis
1237 293 1270 321 in
1289 291 1416 329 coelum,
1430 291 1474 323 sic
1494 292 1609 330 veniet,
1625 301 1730 331 quem-

1031 336 1196 366 admodum
1210 338 1325 367 vidistis
1339 346 1409 367 eum
1422 340 1542 368 euntem
1557 339 1590 368 in
1604 339 1711 369 coelum
1718 359 1733 376 ‚

1031 381 1091 411 hoc
1104 382 1153 411 est
1166 382 1199 411 in
1211 382 1271 412 hac
1283 382 1352 421 ipsa
1364 384 1506 422 corporis
1520 383 1622 413 forma
1634 384 1730 422 atque

1031 427 1223 457 substantia.

1071 472 1101 502 6.
1119 473 1232 511 Liquet
1247 482 1290 504 ex
1304 473 1357 504 his
1371 475 1519 505 omnihus
1531 483 1681 513 sponsam
1696 473 1732 504 in

1031 525 1064 547 se
1081 518 1231 549 divinum
1247 519 1368 549 habere
1388 521 1580 558 consilium,
1597 523 1631 550 et
1645 528 1734 558 mys-

1031 564 1153 594 terium
1191 573 1340 603 supernae
1381 567 1559 596 voluntatis
1596 566 1733 595 minime

1032 609 1199 648 ignorare,
1224 620 1295 649 quae
1320 611 1381 641 sub
1405 611 1522 642 umbra
1547 612 1734 641 imbellium

1030 654 1310 695 imbecilliumque
1342 657 1558 687 animantium
1583 658 1733 686 naturam

1030 700 1261 740 infirmiorem,
1303 703 1357 732 vel
1400 702 1509 740 potius
1543 701 1732 732 interiorem

1032 745 1130 785 (quia
1144 747 1210 783 jam
1226 747 1352 777 infirma
1366 756 1433 777 non
1449 747 1535 787 erit)
1554 748 1589 776 in
1608 746 1733 783 judicio

1030 793 1269 831 exhibendam,
1305 796 1338 824 et
1372 794 1493 823 orantis
1527 793 1668 828 affectu,
1698 791 1733 821 et

1028 839 1146 877 spiritu
1157 839 1381 877 prophetantis
1393 839 1558 876 enuntiat,
1571 838 1732 876 quatenus

1029 885 1084 922 qui
1101 886 1221 915 coelum
1245 887 1429 924 terramque
1446 884 1590 915 movebit
1605 884 1639 913 in
1662 883 1732 912 vir-

1030 931 1099 960 tute
1115 939 1191 968 sua,
1207 931 1370 960 accinctus
1393 931 1537 968 potentia
1554 931 1664 959 contra
1680 928 1730 957 in-

1030 977 1190 1013 sensatos,
1208 977 1240 1005 et
1264 976 1372 1005 suavis
1387 975 1600 1005 nihilominus
1624 976 1658 1004 et
1671 974 1732 1003 mi·

1030 1021 1090 1059 tis,
1112 1023 1144 1051 et
1159 1021 1249 1060 quasi
1271 1022 1401 1051 omnino
1418 1020 1554 1050 inermis
1576 1019 1731 1058 appareat

1030 1067 1163 1105 propter
1184 1067 1318 1097 electos.
1334 1067 1396 1096 Ubi
1413 1067 1474 1096 boc
1499 1073 1630 1104 quoque
1655 1063 1732 1094 addi

1030 1114 1156 1151 potest,
1173 1113 1249 1152 quia
1272 1113 1312 1142 ad
1333 1112 1586 1142 discernendum
1609 1111 1731 1140 alteru-

1030 1160 1095 1189 tros
1109 1168 1127 1189 a
1141 1168 1175 1189 so
1185 1181 1193 1196 ‚
1219 1167 1299 1197 opus
1314 1159 1377 1188 erit
1391 1158 1530 1196 quodam
1550 1157 1646 1186 modo
1660 1155 1730 1193 illi,

1031 1214 1104 1234 cum
1119 1205 1248 1234 hinnuli
1270 1204 1403 1242 quidem
1425 1204 1580 1240 saltibus,
1596 1201 1733 1232 lumini-

1031 1252 1089 1281 bus
1115 1259 1257 1289 capreae‚
1282 1252 1444 1288 quatenus
1469 1250 1582 1280 videre
1609 1250 1642 1279 et
1664 1249 1731 1278 dis-

1031 1306 1164 1326 cernere
1176 1297 1210 1326 in
1225 1297 1313 1326 tanta
1329 1296 1539 1326 multitudine
1552 1295 1629 1326 etin
1641 1294 1732 1325 tanta

1032 1343 1214 1373 turbatione
1239 1344 1358 1381 possit,
1376 1343 1410 1372 in
1435 1350 1590 1380 quosnam
1613 1341 1732 1379 salire,

1031 1390 1063 1419 et
1088 1398 1167 1428 quos
1189 1388 1367 1419 transsilire
1394 1388 1559 1426 oporteat,
1579 1396 1621 1418 ne
1645 1387 1730 1418 forte

1031 1437 1194 1473 contingat
1207 1435 1331 1472 justum
1347 1442 1404 1472 pro
1417 1433 1519 1472 impio
1531 1433 1729 1471 conculcari,

1031 1491 1101 1511 cum
1132 1483 1166 1511 in
1193 1482 1239 1511 ira
1265 1481 1400 1519 populos
1425 1479 1618 1517 confringet.
1649 1479 1728 1508 Nam

1030 1528 1186 1564 quantum
1215 1527 1255 1556 ad
1284 1526 1422 1563 impios,
1451 1533 1586 1556 necesse
1615 1525 1665 1554 est
1691 1523 1728 1554 ut

1032 1573 1204 1610 impleatur
1245 1570 1417 1610 prophetia
1454 1570 1561 1599 David
1577 1592 1587 1608 ‚
1628 1570 1729 1599 immo

1027 1626 1134 1647 sermo
1148 1617 1278 1647 Domini
1304 1616 1466 1654 loquentis
1489 1624 1548 1654 per
1573 1624 1607 1645 os
1633 1614 1728 1652 ejus:

1030 1664 1103 1699 quia
1128 1664 1336 1692 comminuam
1352 1670 1400 1691 eos
1421 1663 1455 1691 ut
1478 1661 1632 1699 pulverem
1657 1662 1730 1691 ante

1029 1709 1137 1745 faciem
1154 1709 1236 1738 venti
1244 1730 1252 1745 ,
1268 1709 1302 1737 ut
1325 1708 1421 1736 lulum
1439 1707 1614 1744 platearum
1628 1706 1730 1736 delebo

1029 1763 1088 1784 eos.
1120 1754 1159 1782 Et
1180 1754 1260 1783 item
1291 1752 1374 1782 alius
1399 1760 1523 1788 sermo,
1548 1759 1646 1790 quem
1669 1760 1730 1790 per

1029 1800 1128 1828 alium
1142 1799 1335 1837 Prophetam
1347 1798 1561 1836 praedixerat,
1575 1798 1731 1836 impletus

1030 1846 1240 1875 nihilominus
1256 1846 1333 1875 tunc
1350 1845 1576 1882 cognoscetur,
1596 1853 1670 1874 cum
1688 1845 1730 1875 ad

1030 1893 1164 1930 lugelos
1187 1893 1317 1922 rediens
1339 1891 1427 1921 dicet
1449 1899 1456 1919 :
1480 1891 1603 1921 Calcavi
1623 1899 1673 1921 eos
1696 1892 1730 1920 in

1027 1939 1134 1974 surore
1163 1946 1230 1968 ‘meo
1245 1959 1257 1975 ‚
1285 1939 1314 1967 et
1342 1936 1516 1967 conculcavi
1540 1944 1590 1966 eos
1619 1937 1652 1966 in
1679 1937 1730 1966 ira

1029 1992 1106 2013 mea.

1069 2030 1098 2058 7.
1115 2028 1148 2058 Si
1164 2029 1218 2058 cui
1234 2028 1343 2058 autem
1358 2027 1460 2064 magis
1480 2025 1525 2055 ita
1540 2026 1729 2063 intelligen-

1029 2076 1104 2104 dum
1125 2075 1273 2111 videtur,
1289 2076 1325 2104 ut
1340 2073 1441 2102 malos
1461 2072 1570 2110 potius
1595 2072 1730 2103 transsi-

1030 2121 1105 2158 lire,
1131 2122 1227 2158 atque
1253 2122 1288 2150 in
1321 2121 1420 2149 bonos
1445 2118 1542 2148 salire
1574 2118 1731 2148 hinnulus

1030 2169 1137 2197 noster
1161 2168 1295 2203 debeat,
1312 2175 1374 2196 non
1392 2164 1551 2195 contendo
1577 2173 1585 2192 :
1602 2165 1728 2194 tantum

1028 2213 1145 2251 cogitet
1161 2214 1260 2242 saltus
1282 2211 1474 2249 dispositum
1496 2209 1537 2238 iri
1553 2209 1587 2238 in
1612 2208 1727 2238 discri-

1029 2259 1238 2288 minationem
1275 2258 1452 2292 bonorum,
1491 2255 1730 2292 malorumque.

1029 2305 1105 2333 Nam
1121 2305 1153 2334 et
1168 2312 1185 2332 a
1202 2311 1253 2333 me
1267 2301 1315 2341 (si
1329 2302 1411 2331 bene
1428 2298 1585 2338 memini)
1600 2300 1645 2329 ita
1661 2301 1727 2330 dic-

1030 2353 1095 2379 tum
1111 2350 1158 2379 est
1174 2349 1206 2378 in
1224 2356 1372 2379 sermone
1389 2347 1509 2383 altero,
1526 2345 1583 2375 ubi
1601 2345 1728 2382 capitu-

1030 2397 1094 2425 lum
1121 2395 1209 2425 idem
1235 2394 1314 2424 alibi
1341 2401 1438 2431 supra
1464 2394 1499 2422 et,
1533 2392 1573 2421 ab
1597 2392 1728 2422 auctore

1031 2441 1188 2479 positum,
1215 2442 1248 2471 et
1272 2449 1290 2470 a
1316 2447 1369 2469 me
1396 2438 1583 2477 expositum
1607 2437 1729 2467 nihilo-

1032 2487 1137 2516 minus
1152 2487 1327 2524 reperitur.
1343 2486 1464 2514 Verum
1480 2484 1527 2513 ibi
1549 2482 1728 2513 secundum

1030 2533 1303 2571 dispensationem
1319 2530 1449 2569 quidem
1465 2529 1592 2568 gratiae,
1607 2536 1678 2566 quae
1692 2528 1728 2558 in

1030 2579 1181 2616 praesenti
1200 2579 1264 2608 vita
1279 2577 1351 2607 aliis
1367 2577 1478 2613 datur,
1494 2575 1568 2605 aliis
1589 2581 1653 2604 nou
1669 2573 1727 2603 da-

1031 2627 1100 2661 tur,
1114 2624 1199 2660 justo
1214 2623 1348 2661 quidem
1361 2622 1422 2652 Dei
1437 2620 1558 2658 judicio
1568 2640 1577 2656 ‚
1601 2618 1658 2648 sed
1673 2626 1728 2647 oc-

1030 2670 1133 2707 culto,
1150 2669 1262 2700 salire,
1279 2668 1312 2698 et
1327 2665 1504 2697 transsilire
1520 2665 1547 2696 is
1567 2663 1727 2695 hinnulus
