1830 3073
570 218 628 248 DE
651 216 859 247 DIVERSIS
883 216 1031 244 SERMO
1057 215 1121 243 111.

135 274 196 306 dus
211 273 419 306 confidebam.
440 273 597 303 Coun-ivit
612 272 720 302 autem
739 270 831 309 quiS,

134 321 197 351 nisi
222 319 426 351 adversarius
446 319 557 348 noster
584 318 750 354 diabolus,
776 314 831 353 qui

131 368 298 404 {amquam
318 366 371 395 leo
385 364 516 402 rugiens
532 363 667 401 circuit,
686 368 833 400 quaerens

133 419 231 449 quem
251 409 406 440 devoret?
426 410 475 439 Tu
497 417 591 447 ergo,
611 407 768 443 Domine,
791 412 833 434 ex

133 456 194 485 hac
213 457 406 486 contritione
428 454 639 484 humiliatum
661 452 696 482 et
717 450 834 489 proba-

133 502 221 539 tum,
240 502 275 530 de
290 509 381 530 mune
400 509 494 538 usque
512 500 551 528 ad
570 505 728 536 vesperum
747 497 834 533 finies

134 556 197 583 me,
206 546 357 584 quoniam
370 548 403 575 et
414 545 535 575 factum
545 544 594 573 est
606 550 701 572 mane
717 542 750 571 et
761 549 833 571 ves—

133 599 212 630 pere
228 591 298 621 dies
312 599 409 620 unus.

171 636 203 665 lt.
219 636 437 674 Quamobrem
458 641 531 670 eg0,
549 630 586 661 ut
600 628 718 666 didici,
729 628 832 658 bene-

133 682 239 711 dicam
254 681 429 711 Dominum
443 680 475 707 in
493 676 581 706 omni
596 676 755 713 tempore,
770 674 832 703 hoc

134 727 183 756 cst
198 734 294 755 mane
310 726 343 754 et
358 730 513 761 vespere,
530 729 594 751 non
609 720 693 750 sicut
704 720 760 749 ille
775 719 831 757 qui

133 770 338 800 confitebitur
362 769 423 798 tihi
448 775 522 797 cum
544 765 747 796 benefeceris
770 764 801 794 ei
823 774 830 793 :

1543 218 1562 248 9

906 270 937 299 5.
960 269 1067 299 Potest
1094 268 1126 298 et
1150 275 1209 305 per
1229 270 1388 305 garrulam
1404 272 1563 302 aviculam

865 316 978 344 cantus
1000 314 1097 344 simul
1122 312 1329 351 psallentium
1351 315 1384 343 in
1404 317 1562 355 Ecclesia3

865 360 899 389 et
922 367 982 397 per
1005 358 1192 396 gementem
1229 358 1412 386 columbam
1436 361 1563 396 privata

865 404 1045 433 orationum
1061 401 1199 440 suspiria
1220 402 1393 439 designari.
1410 403 1471 432 Sed
1495 413 1563 435 mea

864 449 952 479 diam
970 448 1170 479 sententiam
1201 448 1304 484 magis
1330 448 1416 478 velle
1435 448 1563 478 videtur

864 502 1003 531 sequens
1016 491 1198 522 versiculus
1211 493 1391 522 :Attenuati
1402 494 1472 521 sunt
1487 495 1566 522 oculi

863 539 941 575 mei,
956 539 1149 576 suspicientes
1170 538 1203 567 in
1228 538 1356 567 excelso.
1380 536 1455 566 Sive
1478 536 1565 565 enim

864 583 1003 621 dicatur,
1015 584 1178 621 attenuati,
1189 583 1250 612 hoc
1262 583 1311 612 est
1325 582 1462 612 subtiles
1477 581 1566 619 facti,

864 637 920 667 pro
936 629 1126 659 assiduitate
1142 627 1342 666 suspiciendi
1365 627 1400 657 in
1416 627 1564 664 excelso,

864 669 1020 704 videl¹icet
1041 673 1194 703 sublimia
1215 674 1314 711 atque
1338 673 1467 702 excelsa
1488 680 1566 702 con-

864 719 1063 758 templandi3
1080 719 1150 748 sive
1166 717 1384 756 intelligatur,
1400 718 1565 753 attenuati,

864 763 898 793 id
926 764 974 793 est
1002 764 1228 801 reverberati,
1250 764 1283 793 et
1305 771 1323 792 a
1346 771 1403 792 suo
1426 761 1565 800 quodam

133 824 198 845 non
213 815 296 846 sicut
310 815 358 844 illi
371 814 426 852 qui
439 814 479 843 ad
492 814 620 850 tempus
629 809 785 848 credunt,
801 810 832 839 et
847 825 849 839 ι
863 809 958 838 1110ᾶο
973 809 1122 839 acumine
1138 808 1324 845 imminuti,
1339 807 1436 845 juxta
1457 805 1540 836 illud
1553 813 1563 835 t

133 861 167 890 in
178 863 321 898 tempore
331 858 518 889 tentationis
527 856 686 887 recedunt
698 863 706 884 τ
720 855 776 885 sed
785 854 833 884 di·
863 855 1047 892 Defecerunt
1063 855 1145 884 oculi
1163 855 1223 884 mei
1241 855 1273 884 in
1289 854 1441 891 eloquium
1462 853 1563 882 tuum.

132 914 201 935 cam
222 914 293 935 cum
307 905 445 935 sanctis:
463 905 497 934 Si
507 904 586 933 bona
602 902 787 939 suscepimus
798 902 832 930 dc
863 899 1056 928 Etrursum:
1072 900 1191 928 Memor
1205 898 1252 936 fui
1265 898 1324 928 Dei
1332 918 1343 933 ,
1358 898 1386 926 et
1402 896 1566 926 delectatus

131 960 227 981 manu
235 952 371 986 Domini,
379 951 465 980 niatu
473 951 575 979 autem
589 956 684 986 quare
693 955 755 976 non
767 955 832 976 sus-

131 997 283 1026 tineamus
291 996 303 1024 ?
312 997 348 1024 Et
357 995 391 1025 in
401 1002 494 1024 mane
506 993 638 1032 quidem
648 993 723 1022 slent
731 992 832 1030 pullus

134 1041 302 1071 hirundinis
313 1042 354 1071 sic
365 1039 504 1070 clamabo
515 1060 524 1075 ,
537 1039 571 1068 in
577 1044 712 1075 vespere
723 1036 831 1065 autem

134 1085 303 1114 meditabor
317 1087 350 1114 ut
365 1084 507 1114 columba
519 1093 529 1112 .·
541 1084 701 1120 quatenus
713 1080 831 1110 etcum

135 1129 245 1165 gratiae
265 1129 460 1158 matutinum
477 1127 639 1162 arriserit,
652 1126 687 1155 in
700 1125 831 1155 modum

136 1173 318 1201 hirundinis
327 1174 493 1202 exsultans
500 1173 532 1201 et
540 1172 707 1201 clamitans
714 1170 832 1208 gratias

133 1225 222 1253 again
248 1225 305 1254 pro
321 1217 506 1246 visitatione
523 1224 532 1244 t
555 1216 589 1244 et
608 1223 682 1244 cum
696 1222 831 1252 vespera

134 1262 308 1300 ingruerit,
328 1270 391 1291 non
407 1260 530 1298 deerit,
552 1259 746 1290 sacrificium
760 1267 832 1289 ves-

132 1308 309 1345 pertinum,
322 1315 395 1337 cum
405 1307 505 1336 instar
513 1305 670 1335 columhae
685 1312 828 1342 gemens,

134 1353 291 1390 lacrymas
316 1352 449 1382 fundam
473 1351 507 1380 in
529 1349 754 1380 tribulatione.
777 1349 829 1379 Sic

134 1398 220 1426 enim
233 1397 397 1427 deserviet
411 1398 539 1434 tempus
552 1396 725 1433 utrumque
742 1395 809 1424 Deo
819 1415 828 1432 ,

132 1451 204 1473 cum
215 1443 247 1472 et
258 1443 297 1472 ad
308 1451 476 1481 vesperam
488 1441 707 1472 demorabitur
720 1440 828 1479 fletus,

132 1489 165 1518 et
180 1488 220 1518 ad
241 1489 436 1518 matutinum
453 1488 578 1518 laetitia.
594 1487 730 1522 Moerens
749 1495 830 1516 moe-

132 1534 209 1563 reho
224 1534 257 1563 in
271 1543 407 1572 vespera
417 1557 426 1572 ,
442 1542 505 1572 quo
519 1533 612 1563 laetus
625 1532 712 1563 fruar
725 1532 830 1561 matu-

131 1579 211 1609 tino.
234 1581 342 1610 Placet
357 1581 492 1618 uterque
515 1579 602 1616 Deo,
620 1578 654 1607 et
679 1579 830 1616 peccator

133 1626 361 1662 compunctus,
377 1627 410 1656 et
429 1625 533 1662 justus
550 1624 685 1654 devotus
709 1631 717 1652 ε
741 1624 792 1653 6111
811 1633 828 1654 e

132 1671 263 1707 regione
279 1671 430 1709 displicet
444 1671 511 1700 tam
535 1669 680 1707 ingratus
702 1668 806 1705 justus
819 1690 828 1706 ,

131 1724 227 1753 quain
239 1718 389 1754 peccator
405 1724 548 1753 sequtus.
565 1715 628 1745 Aut
643 1715 731 1744 certe
753 1716 829 1744 sicut

131 1762 233 1798 pullus
258 1762 429 1791 hirundinis
451 1762 511 1790 hac
537 1761 677 1797 illacque
707 1759 830 1789 discur-

132 1813 224 1842 rens,
245 1806 376 1835 Martliae
401 1813 454 1834 me
479 1805 594 1834 officiis
618 1804 828 1841 mancipabo,

134 1849 271 1879 hilarem
299 1851 443 1880 datorem
471 1858 524 1879 me
550 1849 711 1879 exhibens
742 1849 829 1878 omni

132 1896 359 1925 necessitatem
373 1895 513 1933 patienti
540 1903 548 1923 τ
571 1897 598 1924 et
614 1894 783 1923 meditabor
797 1897 830 1924 ut

132 1940 271 1970 columba
280 1950 291 1979 ,-
306 1940 462 1978 gemendo
477 1938 591 1978 utique
612 1938 699 1977 quod
713 1938 828 1971 obstat.

133 1985 210 2014 dum
235 1986 320 2024 quod
340 1986 441 2016 restat
463 1986 603 2015 intueor.
631 1985 697 2013 Hoc
719 1984 829 2013 autem

132 2030 246 2060 faciam
262 2040 355 2061 mane
367 2033 399 2061 et
407 2039 555 2069 vespere,
564 2031 624 2060 hoc
638 2031 686 2060 est
694 2030 785 2068 prius
797 2031 829 2060 et

131 2077 308 2116 posterius,
322 2078 416 2114 juxta
431 2077 515 2115 quod
532 2076 564 2105 in
578 2076 691 2113 typum
707 2074 829 2105 utrius-

131 2130 195 2159 que
224 2122 299 2153 vitae
321 2122 444 2152 dictum
475 2122 523 2151 est
550 2128 568 2149 a
595 2121 703 2149 Laban
725 2128 734 2150 ε
757 2122 828 2150 Non

130 2169 175 2197 est
186 2169 424 2204 consuetudinis,
439 2169 473 2197 ut
487 2168 620 2196 minores
637 2167 707 2195 ante
723 2167 828 2196 truda-

131 2222 199 2243 mus
216 2215 255 2243 ad
266 2216 387 2252 nuptias
394 2223 404 2252 ,·
421 2219 614 2251 quamquain
634 2210 827 2240 indifferen-

130 2257 183 2287 ter
204 2258 245 2288 de
273 2261 374 2289 altera
399 2259 439 2288 ad
471 2258 607 2287 alteram
632 2257 827 2287 transeatur.

129 2303 221 2339 Quod
232 2303 414 2340 siguificare
427 2304 486 2333 Job
501 2304 598 2342 puto,
621 2302 678 2332 ubi
703 2303 748 2333 ait
770 2310 778 2331 ε
794 2304 827 2332 Si

130 2349 282 2378 dormiero
309 2351 373 2379 dico
389 2359 399 2378 .·
416 2351 544 2388 Quando
556 2347 700 2386 surgam?
711 2350 739 2377 et
754 2357 827 2377 rur-

131 2402 200 2423 sum
237 2395 416 2432 exspectabo
441 2403 611 2433 vesperam.
651 2393 828 2430 Quiescens

132 2439 253 2477 quippe
283 2439 317 2468 in
353 2447 487 2476 vespera
521 2433 826 2478 contemplationis,

131 2491 226 2513 mane
242 2483 461 2520 desiderabat,
475 2492 538 2521 quo
553 2484 699 2522 surgeret
719 2484 759 2514 ad
773 2492 827 2514 ac-

130 2530 253 2559 tionem
276 2538 284 2558 :
305 2537 494 2567 rursumque
518 2529 656 2568 negotiis
676 2529 827 2568 fatigatus

133 2575 341 2612 exspectabat
365 2583 550 2613 vesperam,
572 2576 713 2607 libenter
731 2584 825 2616 repe-

132 2620 202 2652 tens
215 2621 279 2652 otia
295 2620 583 2660 contemplationis.

846 969 849 1006 Ι

861 946 979 979 suimet
993 946 1178 974 exercitatus
1189 953 1268 980 sum,
1278 945 1305 973 ct
1320 942 1425 980 defecit
1439 942 1565 979 spiritus

862 999 958 1020 meus.
975 989 1050 1020 Sive
1063 997 1138 1026 ergo
1151 989 1207 1018 illo
1218 1010 1226 1026 ,
1243 988 1312 1018 sive
1327 988 1388 1017 hoc
1402 986 1497 1016 modo
1513 994 1564 1015 ac-

863 1036 1023 1073 cipiatur,
1038 1044 1100 1065 non
1113 1035 1203 1065 aliud
1218 1043 1314 1073 quam
1331 1031 1564 1070 contemplatio

863 1081 1059 1118 designatur.
1071 1082 1227 1111 Caeterum
1238 1079 1396 1118 posterior
1403 1075 1564 1114 expositio

864 1126 1077 1164 sequentibus
1099 1126 1200 1163 magis
1218 1124 1395 1155 convenire
1417 1122 1562 1153 videtur.

865 1172 916 1201 Ait
931 1172 1020 1201 enim
1042 1180 1051 1200 τ
1071 1173 1225 1208 Domine,
1245 1172 1308 1201 vim
1327 1170 1441 1208 patior.
1463 1166 1562 1205 Quasi

863 1216 948 1245 dicat
962 1225 970 1244 :
984 1217 1119 1246 Domine
1129 1238 1138 1254 ,
1149 1224 1213 1245 non
1227 1216 1356 1254 sponte,
1370 1213 1426 1243 sed
1438 1212 1564 1242 invitus

862 1261 1008 1291 retrahor
1017 1262 1050 1291 et
1061 1269 1171 1291 arceor
1185 1269 1203 1290 a
1214 1261 1261 1290 tui
1272 1257 1562 1296 contemplatione:

862 1307 938 1345 quia
959 1316 1068 1346 corpus
1087 1308 1167 1345 quod
1191 1305 1399 1343 corrumpitur
1414 1303 1563 1341 aqqravut

862 1354 1020 1390 unimam,
1035 1354 1064 1382 et
1087 1353 1227 1390 deprimit
1243 1353 1363 1381 terrena
1378 1348 1562 1379 inhabitatio

863 1407 985 1429 sensnm
999 1398 1098 1428 multa
1110 1398 1306 1436 cogitantem.
1318 1394 1473 1433 Responde
1486 1399 1562 1430 ergo

864 1444 915 1482 tu,
932 1452 950 1473 o
974 1443 1145 1480 Conditor,
1172 1449 1229 1481 pro
1245 1450 1313 1478 nze,
1328 1441 1385 1478 qui
1405 1438 1489 1468 nosti
1504 1445 1561 1467 na—

863 1490 943 1519 turae
959 1489 1192 1519 conditionem.
1208 1488 1271 1516 Aut
1291 1486 1317 1516 si
1342 1484 1474 1524 peccata
1488 1490 1561 1512 mea

863 1536 922 1565 hoc
938 1535 1079 1572 faciunt,
1092 1542 1153 1563 nec
1170 1534 1217 1563 est
1235 1533 1328 1570 culpa
1346 1531 1468 1560 naturae
1479 1551 1487 1566 ,
1504 1528 1561 1557 sed

862 1589 941 1611 meae
957 1580 1104 1618 pessimae
1116 1576 1358 1608 consuetudinis
1375 1585 1383 1604 ε
1401 1575 1498 1604 etiam
1514 1573 1560 1603 sic

861 1625 1074 1656 nihilominus
1095 1623 1254 1662 responde
1268 1630 1326 1661 pro
1341 1629 1394 1650 mc
1405 1642 1414 1657 ,
1427 1619 1560 1656 affigens

862 1672 994 1710 peccata
1010 1670 1115 1708 cruci,
1136 1671 1168 1699 et
1189 1667 1347 1706 sanguine
1362 1668 1418 1696 tuo
1434 1664 1561 1700 delens,

861 1717 900 1746 ut
923 1725 988 1746 non
1003 1716 1044 1746 sit
1060 1714 1147 1753 quod
1167 1722 1220 1744 me
1242 1712 1400 1751 impediat
1415 1710 1560 1740 contem-

861 1762 1017 1800 plantem.
1043 1762 1128 1790 Nam
1140 1760 1211 1798 quid
1226 1760 1340 1794 dica-m,
1358 1758 1412 1786 (tut
1428 1757 1499 1794 quid
1510 1764 1559 1784 re-

860 1806 1014 1844 spondebit
1022 1805 1114 1841 mihi,
1123 1805 1261 1841 cumipse
1272 1803 1375 1840 fecerit
1387 1800 1453 1829 ?Ad
1462 1806 1559 1837 quem

862 1860 914 1882 me
938 1851 1094 1880 videlicet
1117 1850 1220 1879 alium
1238 1848 1383 1884 vertam,
1411 1846 1468 1874 aut
1488 1843 1560 1882 quis

861 1898 944 1927 alius
953 1895 1225 1934 respondebitpro
1234 1901 1286 1923 me
1296 1892 1308 1921 ἓ
1319 1900 1393 1922 611111
1404 1891 1485 1929 ipse,
1494 1897 1559 1919 non

862 1943 962 1979 alius,
987 1942 1070 1971 hanc
1095 1941 1179 1971 mihi
1206 1938 1434 1969 difficultatem
1460 1937 1558 1965 immo

861 1986 1154 2026 impossibilitatem
1168 1984 1376 2023 imposuerit,
1393 1982 1496 2012 dando
1507 1989 1560 2010 su-

860 2041 919 2071 per
942 2040 995 2061 me
1014 2031 1103 2060 illam
1135 2030 1330 2061 senteutiam
1356 2037 1364 2057 :
1387 2030 1426 2058 111
1449 2027 1559 2058 sudore

860 2079 961 2110 vultus
973 2078 1018 2107 tui
1030 2077 1162 2106 comedes
1171 2084 1284 2114 punem
1296 2077 1394 2104 tuum.

900 2123 930 2153 6.
946 2122 1037 2160 Quod
1059 2122 1085 2152 si
1106 2130 1171 2152 non
1186 2122 1308 2160 fecerit,
1331 2119 1467 2158 legitur,
1483 2117 1556 2156 sed,

861 2169 985 2207 fecerim
997 2177 1008 2206 ‚-
1029 2167 1135 2204 arguit
1149 2175 1183 2196 se
1195 2188 1204 2203 ,
1221 2165 1307 2203 quod
1322 2164 1414 2203 quasi
1430 2163 1559 2201 culpam

861 2214 895 2242 in
917 2212 1080 2242 auctorem
1094 2211 1280 2248 retorserit,
1295 2219 1368 2240 cum
1388 2210 1427 2239 de
1443 2210 1557 2239 natura

860 2258 1008 2286 causatus
1024 2258 1090 2294 est3
1114 2257 1148 2286 et
1162 2256 1266 2285 totum
1286 2255 1348 2285 sibi
1364 2252 1502 2292 imputat
1523 2252 1558 2282 et

860 2303 925 2332 suis
939 2301 1081 2340 peccatis
1094 2322 1103 2338 ,
1119 2300 1229 2330 dicens
1243 2307 1251 2329 :
1269 2300 1347 2339 Quid
1368 2300 1468 2328 dicam
1481 2319 1490 2335 ,
1503 2298 1558 2327 aui

860 2349 931 2387 quid
944 2347 1132 2387 respondebit
1144 2346 1221 2376 11111ιί
1231 2368 1240 2384 ,
1258 2354 1326 2375 cum
1338 2347 1398 2383 ipse
1409 2344 1531 2382 fecerim
1543 2341 1557 2371 ἓ

860 2394 921 2423 1106
936 2394 1007 2431 est,
1029 2393 1064 2423 id
1084 2393 1170 2431 quod
1188 2392 1294 2431 patior
1307 2390 1472 2430 peccando
1486 2396 1557 2418 me-

859 2436 992 2469 ruerim.
1005 2439 1220 2477 Quamobrem
1235 2445 1336 2468 unum
1352 2436 1401 2466 est
1415 2432 1499 2473 quod
1511 2433 1557 2463 fa-

860 2493 932 2515 cere
946 2493 1075 2526 possum
1091 2493 1100 2513 :
1115 2483 1297 2520 Recoqitabo
1312 2481 1367 2512 tibi
1385 2487 1487 2509 omnes
1498 2486 1557 2506 an-

858 2540 914 2561 nos
937 2540 1020 2561 meos
1040 2532 1072 2560 in
1097 2529 1303 2560 amaritudine
1335 2528 1447 2556 animoe
1467 2531 1554 2552 mece.

858 2576 981 2613 Nempe
1004 2583 1072 2605 non
1095 2582 1166 2604 sum
1191 2574 1309 2611 dignus
1324 2571 1361 2601 ut
1379 2568 1504 2598 valeam
1521 2567 1553 2596 te

861 2620 1034 2660 recogitare
1051 2627 1124 2650 cum
1136 2618 1306 2650 dulcedine
1324 2625 1332 2645 τ
1345 2614 1458 2645 faciam
1470 2610 1555 2653 quod
