1830 3073
459 228 515 256 DE
534 225 742 255 mvERsis
764 223 914 251 sEnMO
940 222 1086 250 xxxu.
1131 198 1133 200 ’

1459 224 1498 253 65

69 286 147 317 mile
167 283 289 324 aliquid
303 280 445 313 viriliter
459 279 688 312 resistentibus
706 282 766 309 no-
798 276 862 307 test
867 276 1014 314 judicare
1025 274 1158 315 spiritus
1169 275 1309 306 hominis
1321 277 1376 315 qui
1390 278 1500 316 inipso

70 332 119 362 bis
139 331 296 370 malignus
317 328 418 358 hostis
430 327 557 365 offerre,
578 327 632 357 vel
653 325 765 356 afferre
799 323 848 353 est
861 323 976 361 :longe
990 330 1068 352 vero
1083 320 1288 360 praestantius
1304 322 1342 351 de
1359 322 1411 353 his
1423 324 1502 361 ipsis

68 376 250 415 praesumet.
260 375 337 405 Dico
349 373 458 404 autem
469 371 680 412 cogitationes
693 371 765 401 illas

69 421 247 451 immundas
261 417 393 459 penitus
414 426 451 448 ac
473 417 621 454 foetidas,
637 423 707 454 quae
726 413 766 444 ad

68 465 244 503 luxuriam,
267 464 308 494 ad
328 464 485 495 invidiam
508 463 542 494 et
561 469 677 493 vanam
700 460 766 499 glo-

66 511 148 540 riam
162 510 340 550 pertinent,
365 509 545 548 caeteraque
556 507 637 539 vitia
657 506 766 536 detes-

67 555 173 586 (anda.
185 555 319 594 Oportet
335 555 436 592 enim,
451 555 478 585 si
494 553 627 584 mundas
639 559 766 581 conser-

65 608 144 631 vare
170 602 322 632 volumus
347 601 470 631 animas
496 599 637 636 nostras,
660 597 764 627 adhuc

66 645 160 684 longe
185 646 353 684 agentibus
378 644 625 683 cogitationibus
651 642 765 680 hujus-

65 691 191 721 cemodi
207 692 310 722 multa
324 699 398 720 cum
418 689 639 727 indignatione
652 696 766 718 occur-

65 744 150 774 rere,
166 736 199 767 et
213 736 385 767 exsufflare
397 744 415 765 a
429 735 534 773 nobis,
549 735 585 765 ut
595 734 703 764 nullus
718 734 765 765 eis

65 781 161 812 detur
174 790 331 812 accessus.
348 781 386 810 Et
400 781 543 819 primum
564 780 695 818 quidem
712 789 766 818 ge-

63 834 124 856 nus
139 827 380 865 cogitationum,
396 826 570 857 otiosarum
590 826 717 856 scilicet
733 827 765 857 et

64 871 105 901 ad
126 879 196 901 rem
223 880 286 902 non
311 871 564 911 pertinentium,
579 872 683 900 lutum
699 873 763 911 est,

65 917 232 947 sedlutum
240 918 391 956 simplex,
408 917 442 948 id
456 918 516 956 est,
529 925 592 947 non
605 917 765 948 inhaerens

64 970 125 993 nec
140 963 274 1002 foetens,
289 963 351 993 nisi
367 964 450 994 forte
470 964 593 993 diutius
613 963 766 994 immore-

64 1008 117 1038 tur
130 1008 163 1038 in
178 1009 291 1048 nobis,
307 1010 340 1040 et
357 1018 417 1048 per
438 1010 598 1039 incuriam
613 1017 649 1039 ac
663 1010 766 1048 negli-

64 1055 205 1092 gentiam
221 1056 364 1085 nostram
381 1056 416 1085 in
436 1056 574 1085 alterum
592 1064 692 1093 genus
712 1064 766 1085 co-

63 1100 257 1137 gitationum
273 1101 417 1131 vertatur
430 1109 438 1130 z
451 1101 536 1139 quod
548 1101 694 1139 quotidie
710 1109 767 1130 ex-

63 1146 219 1183 perimur.
251 1147 334 1176 Dum
361 1147 448 1176 enim
473 1147 575 1177 otiosa
602 1147 765 1185 tamquam

65 1191 201 1220 minima
230 1192 430 1230 spernimus,
460 1192 499 1221 ad
533 1193 641 1229 turpia
670 1195 765 1231 atque

64 1235 233 1265 inhonesta
260 1236 446 1266 dilabimur.
478 1236 662 1266 Secundum
687 1245 766 1266 vero

63 1280 292 1318 cogitationum
320 1289 436 1320 genus,
463 1289 528 1311 non
554 1282 659 1311 lulum
687 1282 766 1312 sim-

64 1325 154 1362 plex,
170 1325 238 1364 sed,
255 1326 291 1356 ut
300 1325 366 1364 jam
383 1326 535 1365 diximus,
550 1327 710 1356 viscosum
729 1336 764 1357 ac

65 1370 213 1400 limosum
229 1372 289 1402 est.
309 1373 389 1402 Nam
408 1373 542 1403 tertium
567 1373 699 1411 quidem
720 1373 765 1402 sic

66 1417 246 1447 cavendum
262 1418 323 1456 est,
337 1427 400 1449 non
412 1420 573 1458 tamquam
590 1420 694 1449 lutum
710 1421 762 1449 aut

66 1462 180 1500 limus,
202 1463 258 1493 sed
282 1464 444 1503 tamquam
473 1465 764 1497 immundissimum

66 1515 103 1538 ac
123 1508 361 1541 foetidissimum
381 1519 522 1541 coenum.

223 1622 392 1656 SERMO
422 1623 588 1657 XXXII.

102 1690 143 1716 De
154 1690 257 1723 triplici
266 1692 390 1752 ,ῑιιᾱίςίῗ13
403 1694 517 1734 proprio
526 1711 533 1725 ‚
543 1694 686 1724 humano,
699 1696 726 1718 et

381 1735 466 1753 1ὶίΠο-

795 369 921 405 judicat
944 370 1044 407 Deus,
1068 367 1160 405 cujus
1173 366 1313 397 necdum
1333 375 1366 396 sc
1382 367 1502 398 fatetur

797 415 966 453 Apostolus
981 413 1120 444 evasisse
1134 412 1308 450 judicium,
1324 412 1381 450 qui
1392 413 1501 442 tamen

795 461 861 498 jam
876 461 1052 491 humanum
1076 458 1356 495 transscendisset,
1373 457 1406 487 et
1428 466 1503 495 pro-

797 507 917 545 prium.
940 507 1038 536 Porro
1064 505 1245 534 humanum
1274 502 1504 533 contemnebat

797 553 852 591 qui
868 551 1017 582 dicebat:
1030 551 1108 581 Mihi
1121 552 1223 581 mitem
1236 558 1293 588 pro
1308 549 1437 578 omnimo
1459 549 1504 577 cst

797 600 832 629 ut
852 607 873 628 a
893 598 977 628 vobis
986 598 1125 636 judicer,
1151 597 1207 626 aut
1232 595 1271 625 ab
1293 595 1429 624 huvmmo
1444 594 1502 622 dfe.

798 644 859 674 Sed
873 652 978 682 neque
993 642 1161 681 proprium
1185 640 1323 671 timebat
1338 640 1395 678 qui
1417 635 1505 668 ‹lice-

798 690 876 720 bat:
899 691 958 720 Sed
979 697 1076 726 neque
1099 687 1249 726 meipsum
1270 687 1389 724 judico.
1415 684 1505 715 Nihil

796 737 878 766 enim
896 735 974 765 ‘mihi
988 735 1123 764 conscius
1139 742 1220 763 sum.
1233 732 1343 762 Solum
1358 739 1432 769 ergo
1454 738 1506 760 re-

797 781 900 811 stabat
914 780 1061 810 divinum
1072 801 1080 816 ,
1095 779 1135 808 de
1151 787 1213 816 quo
1234 777 1281 807 ait
1297 786 1305 807 2
1324 778 1384 817 Qui
1402 778 1502 807 uatem

792 827 910 866 judicat
925 835 973 856 mc
983 847 993 862 ,
1005 826 1157 855 Domitius
1175 826 1230 854 cst.

835 873 867 903 2.
893 871 999 903 Debet
1020 872 1132 902 tamen
1158 870 1312 908 quisque,
1342 867 1503 907 quantum

797 919 921 957 potest,
937 926 971 948 se
988 916 1313 955 irreprehensibilem
1329 914 1504 950 exhibere,

799 964 939 1002 primum
951 963 1085 1002 quidem
1100 970 1207 992 coram
1216 962 1297 998 Deo,
1314 960 1370 990 sed
1386 959 1504 989 deinde

799 1010 897 1040 etiam
910 1017 1018 1039 coram
1029 1007 1307 1038 hominilms.Hoc
1321 1014 1440 1044 nempe
1457 1006 1506 1034 est

799 1055 884 1094 quod
898 1054 979 1085 alibi
999 1054 1145 1092 loquitur
1157 1053 1243 1082 idem
1257 1051 1442 1090 Apostolus,
1455 1050 1506 1079 di-

800 1109 875 1131 cens
891 1109 899 1130 ε
924 1101 1120 1132 Providentes
1136 1099 1215 1129 bona
1228 1107 1293 1127 uon
1315 1098 1436 1127 tantam
1454 1105 1505 1126 co-

799 1156 869 1177 ram
891 1149 979 1183 Deo,
995 1147 1046 1176 sed
1066 1146 1160 1175 etiam
1186 1153 1292 1174 coram
1318 1142 1503 1173 hominibus.

799 1193 915 1223 Tribus
949 1191 1111 1229 siquidem
1149 1190 1256 1220 modis
1297 1188 1506 1227 providemus

799 1239 882 1268 bona
897 1246 1005 1267 coram
1018 1236 1223 1273 hominibus,
1240 1234 1274 1264 id
1289 1235 1336 1264 est
1347 1256 1355 1271 ‚
1371 1234 1503 1270 hal›itu‚

799 1284 945 1321 actione,
965 1290 1131 1320 sermone3
1148 1281 1281 1317 habitu,
1298 1288 1340 1309 ne
1357 1279 1399 1308 sit
1412 1279 1506 1308 nota-

800 1330 896 1367 bilis;
913 1328 1062 1365 actione,
1088 1335 1130 1357 ne
1152 1327 1192 1356 sit
1211 1324 1503 1363 repreliensibilis3

800 1383 948 1405 sermone
961 1396 971 1412 ‚
989 1382 1028 1403 nc
1045 1373 1087 1403 sit
1102 1370 1372 1409 contemptibilis.
1389 1369 1506 1398 Tribus

800 1422 898 1451 etIam
923 1420 1026 1450 modis
1053 1427 1157 1448 coram
1172 1419 1258 1456 Deo,
1285 1416 1479 1454 cogitatione
1496 1438 1503 1452 ‚

799 1467 972 1497 affectione
983 1489 992 1503 ,
1009 1466 1042 1496 et
1058 1465 1251 1495 intentione.
1267 1465 1346 1493 Nam
1362 1463 1395 1493 et
1417 1462 1505 1501 cogi-

800 1512 877 1542 tatio
895 1511 994 1541 debet
1009 1519 1079 1540 csse
1096 1510 1205 1539 sancta
1218 1531 1226 1547 2
1242 1509 1329 1538 unde
1346 1507 1504 1546 scriptum

800 1559 848 1587 cst
861 1580 870 1595 ,
887 1558 1037 1595 (30ῃὶίαίἱο
1061 1558 1170 1586 sancta
1195 1555 1325 1585 scri-abet
1341 1556 1385 1592 (θ,-
1403 1554 1436 1583 et
1460 1553 1505 1583 as-

800 1603 896 1633 sectio
913 1611 1010 1641 pura3
1030 1603 1062 1632 et
1078 1600 1217 1631 intentio
1233 1600 1334 1630 recta.
1352 1599 1433 1629 Sunt
1447 1607 1505 1628 au-

800 1650 865 1679 tem
881 1649 945 1679 tria
960 1648 1022 1678 ista
1032 1670 1041 1686 ‚
1059 1647 1092 1677 id
1106 1647 1154 1677 est
1169 1646 1321 1683 cogitatIO
1332 1667 1341 1683 ,
1354 1645 1486 1675 affectio
1496 1668 1504 1683 ,

801 1696 834 1725 et
850 1695 988 1724 intentio
1000 1717 1009 1732 ‚
1022 1694 1055 1723 in
1072 1693 1190 1724 anima.
1201 1692 1264 1721 Sed
1279 1691 1312 1720 in
1325 1700 1363 1722 ea
1375 1700 1504 1730 quoque

800 1740 939 1778 propriis
955 1740 1082 1777 singula
1109 1739 1190 1768 locis
1210 1737 1363 1767 distincta
1388 1737 1504 1767 viden-

109 1786 138 1816 1.
156 1788 204 1816 Se'c
218 1795 272 1817 ‘nos
288 1787 439 1817 existimet
454 1786 543 1817 homo
559 1789 592 1818 ut
612 1789 765 1819 ministros
802 1788 865 1815 tur.
890 1786 970 1814 Nam
995 1784 1147 1821 cogitatio
1177 1783 1211 1812 in
1238 1782 1397 1812 memoria
1432 1784 1481 1813 est
1495 1805 1503 1820 ‚

70 1831 194 1867 Chris-ti,
207 1834 234 1862 et
249 1833 467 1870 dispensatores
476 1835 764 1871 mysterioruchae'.
801 1829 930 1859 affccflo
953 1829 985 1859 il]
1012 1829 1183 1858 *Oluntate
1203 1850 1212 1867 2
1232 1828 1370 1858 intentio
1390 1828 1426 1858 ill
1453 1837 1505 1858 ra„

70 1876 214 1906 Minister
236 1877 352 1907 Christi
377 1878 423 1907 sic
448 1878 545 1908 debet
566 1880 765 1918 conversari,
802 1875 889 1905 tione
905 1874 1064 1905 consistit.

70 1922 106 1951 ut
128 1930 168 1951 ex
190 1923 332 1952 moribus
349 1924 519 1953 exterioris
544 1924 683 1955 hominis
710 1926 765 1962 qui

839 1921 870 1950 5.
889 1920 990 1958 Atque
1005 1921 1043 1950 ut
1059 1928 1171 1950 corum
1182 1928 1277 1950 usum
1293 1927 1330 1949 ac
1350 1918 1504 1949 differen-

68 1966 214 2004 vidctur,
240 1967 445 1998 existimetur
468 1969 655 2006 compositio
681 1970 767 2000 inte-
801 1966 878 1995 tiam
894 1967 1013 1996 clarius
1028 1966 1196 1997 videamus
1207 1987 1216 2003 ,
1232 1973 1396 1995 sumamus
1411 1965 1504 1995 nobis

67 2010 159 2040 rioris
176 2011 275 2041 animi
288 2013 343 2051 qui
359 2022 424 2043 non
439 2013 585 2051 videtur,
601 2023 641 2044 ne
656 2015 710 2044 vel
726 2016 765 2044 ab
800 2012 987 2049 exemplum
1014 2011 1054 2041 de
1082 2012 1180 2040 rebus
1207 2010 1437 2040 exterioribus.
1464 2011 1501 2039 In

67 2056 142 2094 alio,
159 2058 211 2087 vel
237 2066 255 2087 a
282 2059 387 2096 seipso
402 2059 502 2098 possit
524 2059 687 2098 judicari,
709 2061 765 2090 sed
799 2057 986 2095 corporibus
1012 2057 1039 2086 si
1064 2056 1206 2094 quilibet
1232 2055 1388 2086 deformis
1415 2056 1503 2086 color

66 2101 151 2131 dicat
173 2111 247 2132 cum
272 2105 385 2134 eodem
412 2105 581 2142 Apostoloz
610 2105 689 2135 Mihi
707 2116 764 2144 pro
799 2103 907 2132 cutem
922 2103 1048 2132 tantum
1066 2101 1210 2140 inficiat,
1234 2110 1350 2139 corpus
1369 2101 1503 2140 quidem

66 2148 192 2177 minimo
207 2151 249 2179 cst
261 2152 294 2180 ul
306 2150 419 2181 avobis
427 2151 566 2189 judicer,
588 2153 642 2180 aut
656 2151 695 2181 ab
710 2152 765 2182 Ῐηι-
798 2148 925 2186 turpius
939 2148 1107 2185 redditur,
1133 2148 1189 2177 sed
1204 2147 1248 2177 nil
1272 2148 1302 2176 ci
1324 2148 1363 2177 de
1379 2156 1436 2177 sua
1451 2156 1503 2178 sa-

66 2201 159 2223 mario
168 2195 213 2224 die
226 2204 236 2224 .-
249 2197 400 2235 sedneque
414 2198 571 2235 meipsum
580 2197 700 2235 juclico3
714 2199 766 2236 qui
798 2193 900 2223 nitate
917 2201 958 2222 ex
979 2193 1040 2223 1¹00
1065 2192 1233 2222 adimitur·
1252 2192 1285 2222 Si
1307 2201 1386 2222 VOI'O
1412 2193 1501 2223 carni

66 2241 167 2269 (tutem
181 2240 302 2278 judicat
319 2251 385 2279 me,
399 2244 551 2273 Dominus
565 2244 619 2273 est,
640 2243 675 2271 111
691 2244 765 2280 qui-
798 2239 933 2276 putredo
949 2239 1074 2277 aliqua,
1091 2239 1145 2269 vel
1157 2238 1278 2268 lividus
1292 2238 1399 2268 tumor
1414 2238 1503 2268 inse-

65 2284 125 2314 bus
135 2286 243 2316 verbis
257 2287 394 2317 notanda
405 2289 479 2318 sunt
489 2288 550 2318 tria
560 2287 695 2326 judicia,
706 2288 765 2317 hu-
799 2285 901 2322 derit,
915 2285 982 2321 jam
1003 2293 1070 2314 non
1094 2285 1198 2313 solum
1215 2283 1314 2313 decus
1336 2284 1478 2323 corporis
1491 2306 1501 2322 ‚

66 2337 214 2380 manum,
235 2341 328 2362 suum
353 2333 508 2371 cujusque
530 2333 698 2371 proprium
709 2355 718 2371 ,
732 2335 765 2364 ct
798 2330 854 2359 sed
877 2330 910 2360 et
925 2331 1011 2360 salus
1028 2338 1156 2368 quoque
1172 2328 1394 2367 perturbatur.
1410 2330 1502 2367 Quod

65 2374 765 2424 divinum.Ethumanumquidempotestju-
798 2375 824 2404 si
848 2375 983 2414 languor
1007 2375 1146 2405 forsitan
1177 2375 1401 2413 invalescens,
1427 2383 1501 2405 cum

65 2419 171 2450 dicare
181 2421 221 2450 de
230 2422 327 2452 rebus
338 2423 646 2462 exteri01·ibus,quae
662 2424 765 2454 sensi-
799 2422 866 2460 ipsa
887 2430 985 2452 carne
1007 2429 1076 2452 ossa
1091 2429 1221 2460 quoque
1242 2421 1432 2452 medullitus
1447 2429 1502 2450 oc-

65 2464 274 2504 buscorporis
284 2467 526 2505 percipiuntur3
541 2467 581 2498 de
598 2467 766 2498 interiori·
798 2468 941 2507 cuparit,
956 2468 1035 2499 tunc
1061 2467 1193 2498 demum
1208 2466 1248 2497 de
1263 2467 1332 2497 vita
1351 2475 1415 2496 non
1440 2466 1501 2495 im-

65 2509 124 2540 bus
131 2518 208 2541 vero
223 2513 412 2550 nonpotest.
421 2513 502 2543 Hinc
512 2513 599 2543 enim
607 2513 762 2551 scriptum

67 2557 136 2586 est:
155 2558 228 2596 Quis
245 2560 325 2588 enim
340 2559 396 2589 scit
419 2559 579 2589 hominum
605 2567 673 2598 quoe
693 2561 764 2590 sunt

66 2600 207 2640 hominis,
225 2605 286 2634 πῖθι·
297 2605 421 2643 spiritus
435 2605 489 2643 qui
501 2606 543 2635 εει
557 2605 589 2634 in
603 2613 637 2634 eo
651 2604 664 2634 ἓ
678 2605 764 2642 Qua-

66 2650 197 2686 propter
211 2649 250 2680 de
265 2649 316 2681 his
331 2659 402 2690 quae
417 2651 491 2681 sunt
502 2650 535 2680 in
551 2650 694 2689 homine,
705 2659 763 2689 po-

798 2514 914 2544 merito
934 2514 1044 2553 potest
1070 2513 1249 2553 desperari.
1263 2512 1383 2542 Eodem
1405 2511 1499 2541 modo

799 2560 832 2589 in
847 2559 974 2598 anima,
995 2560 1022 2590 si
1037 2560 1210 2599 peccatum
1224 2558 1408 2596 suggeritur
1432 2564 1500 2586 lne-

798 2607 908 2636 moriae
919 2614 978 2645 per
991 2606 1220 2644 cogitationem
1231 2626 1240 2642 ‚
1250 2604 1377 2634 nullum
1390 2602 1498 2632 tamen

798 2652 977 2690 praebuerit
1002 2652 1057 2682 aut
1078 2650 1228 2682 voluntas
1256 2648 1427 2686 affectum,
1442 2647 1499 2678 aut
