1846 3078
564 225 608 253 ΙΝ
633 223 834 254 CANTICA
854 223 1005 253 SERMO
1028 224 1162 255 LXXV.

1512 237 1569 267 {10¹

143 276 329 315 quaerendi,
345 274 378 307 et
401 275 594 315 invocandi,
620 276 748 316 quando
769 276 842 315 ple-
880 276 963 315 test,
985 285 1028 307 ne
1046 277 1233 309 inveniatur
1248 286 1381 317 sponsus
1395 290 1412 314 a
1427 293 1575 323 quaeren-

144 329 279 361 rumque
289 344 297 360 ,
309 321 343 352 et
354 321 529 360 antequam
542 323 722 360 invocetur,
732 322 843 352 adesse

142 368 291 398 sentitur.
306 367 385 397 Audi
398 367 538 406 denique
550 368 628 406 quid
640 367 842 406 polliceatur.

142 413 317 452 Antequam
332 422 379 443 me
403 414 560 449 invocetis,
577 413 701 451 inquit,
725 413 844 448 dicam,

142 459 221 488 Ecce
244 460 364 488 adsum.
385 459 448 488 Nec
463 458 558 489 latuit
580 458 763 496 benignitas
777 457 845 486 haec

142 503 175 532 et
199 502 339 534 facilitas
364 504 520 542 temporis
549 503 636 542 quod
661 511 747 532 nunc
777 502 844 540 est,

142 548 234 578 illum
258 550 313 587 qui
338 550 372 579 in
397 550 519 588 psalmo
538 549 845 587 1011111111τεῦεεὶᾱο-

140 595 222 624 rium
231 604 402 633 pauperum
413 595 568 624 exaudivit
579 595 731 624 Dominus
739 615 749 630 ,
762 601 846 631 proe-

138 641 331 677 parationem
344 641 441 670 cordis
450 648 555 669 eorum
564 639 678 668 audivit
686 639 771 668 auris
779 640 843 667 tua.

138 685 230 722 Quod
242 685 268 714 si
288 693 347 723 per
362 685 444 714 bona
459 693 556 722 opera
570 684 725 722 quaeritur
738 684 824 712 Deus
834 704 843 719 ,

140 738 215 768 ergo
242 730 318 760 dum
342 730 470 768 tempus
497 730 654 759 habemus
673 736 845 766 operemur

137 775 259 805 bonum
267 776 306 806 ad
314 784 440 805 omnes:
454 774 633 813 praesertim
645 774 719 811 quia
735 772 845 802 Domi-

138 829 198 851 nus
219 822 330 859 aperte
354 820 552 858 praenuntiat
566 818 679 848 venire
695 818 822 847 noctem
833 840 842 856 ,

136 867 265 904 quando
279 874 374 895 nemo
385 865 491 903 potest
503 864 640 902 operari.
652 864 741 893 Tune
754 863 843 893 aliud

137 912 178 941 ad
206 911 417 950 quaerendum
443 911 565 948 Deum,
582 909 622 939 ad
641 909 842 947 operandum

136 957 222 995 quod
244 957 368 986 bonum
395 957 461 993 est,
501 955 692 994 reperturus
716 962 750 983 es
780 955 841 984 tibi

135 1003 266 1041 tempus
278 1003 311 1032 in
322 1002 447 1032 saeculis
460 1001 606 1032 venturis
614 1023 623 1038 ,
632 1000 749 1039 praeter
760 1001 820 1030 hoc
830 1022 839 1037 ,

135 1047 223 1085 quod
234 1047 402 1078 constituit
414 1047 476 1076 tibi
490 1048 593 1084 Deus,
606 1046 640 1075 in
655 1053 716 1084 quo
732 1054 841 1075 recor-

134 1093 230 1122 detur
242 1092 312 1123 111ἰὲ
335 1092 373 1122 Et
388 1092 461 1122 ideo
480 1093 540 1122 dies
564 1092 670 1122 salutis
683 1101 693 1121 .·
714 1091 789 1129 quia
806 1091 839 1121 in

135 1138 186 1167 his
211 1138 281 1177 ipse
308 1140 410 1175 Deus,
432 1147 490 1167 ‘rex
504 1138 608 1168 noster
623 1139 694 1166 ante
706 1138 819 1167 saecula
827 1159 838 1175 ,

134 1186 278 1223 operatus
291 1185 334 1214 est
344 1184 474 1214 salutem
490 1184 522 1212 in
537 1183 635 1212 medio
649 1184 750 1212 terroe.

174 1230 231 1259 5.1
247 1237 322 1266 ergo
334 1229 383 1266 tu,
399 1228 431 1258 et
445 1228 478 1258 in
490 1227 596 1257 medio
606 1227 762 1265 gehennae
779 1236 839 1258 ex·

133 1273 440 1313 spectato*salutein
453 1296 461 1312 ,
474 1282 546 1312 quae
559 1273 626 1310 jam
638 1273 721 1303 sacta
738 1275 786 1304 est
803 1274 837 1304 in

133 1319 242 1349 medio
261 1321 367 1350 terrae.
392 1320 494 1357 Quam
518 1318 580 1349 tibi
602 1319 742 1349 somnias
763 1328 837 1358 pro-

133 1366 305 1396 venturam
318 1365 404 1395 inter
418 1365 547 1395 ardores
562 1364 777 1402 sempiternos
792 1365 837 1395 fa·

133 1411 288 1441 cultatem
300 1411 431 1441 veniam
446 1410 670 1449 promerendi,
685 1419 757 1440 cum
768 1411 835 1448 jam

130 1457 263 1487 transiit
284 1458 412 1495 tempus
433 1456 630 1486 miserendi?
645 1457 712 1486 Non
735 1458 836 1487 relin—

131 1502 243 1540 quitur
258 1502 317 1532 tibi
335 1502 438 1532 hostia
453 1510 510 1540 pro
534 1502 675 1539 peccatis
685 1524 695 1539 ,
709 1504 835 1532 mortuo

130 1548 165 1577 in
179 1547 334 1586 peccatis.
349 1548 417 1577 Nou
432 1547 633 1585 crucifigitur
651 1547 769 1577 iterum
782 1548 835 1577 Fi-

130 1593 194 1623 lius
209 1593 270 1623 Dei
287 1601 294 1622 :
312 1594 457 1623 mortuus
472 1594 520 1623 est
542 1593 641 1623 semel
655 1614 663 1630 ,
687 1593 754 1630 jam
769 1602 833 1623 non

129 1639 279 1669 moritur.
302 1640 370 1668 Non
384 1639 554 1668 descendit
577 1639 617 1668 ad
629 1638 750 1668 inferos
762 1648 834 1669 san-

129 1685 218 1722 guis,
235 1686 291 1723 qui
307 1685 426 1714 effusus
442 1685 491 1714 est
505 1692 602 1722 super
624 1684 757 1714 terram.
780 1685 834 1714 Bi-

129 1732 248 1761 herunt
259 1740 369 1760 omnes
378 1730 563 1768 peccatores
575 1730 669 1759 terrae
686 1739 693 1759 τ
711 1738 775 1760 non
785 1731 833 1761 est

128 1777 215 1814 quod
229 1777 291 1807 sibi
309 1786 351 1807 ex
366 1785 403 1807 eo
416 1776 585 1806 vindicent
610 1776 772 1807 daemones
791 1777 833 1807 ad

128 1823 375 1861 restinguendos
398 1822 486 1852 focos
513 1831 585 1852 suos
599 1831 606 1859 ;
640 1822 696 1852 sed
724 1831 831 1860 neque

129 1868 277 1897 homines
292 1868 370 1898 socii
386 1867 629 1897 daemoniorum.
651 1867 757 1897 Semel
774 1868 829 1897 illo

128 1914 315 1951 descendit,
331 1922 395 1943 non
408 1913 537 1951 sanguis
548 1935 557 1949 ,
580 1913 637 1942 sed
652 1914 759 1943 anima
774 1923 783 1952 3
798 1915 831 1945 et

127 1959 196 1988 liaec
211 1959 315 1997 portio
331 1967 443 1988 eorum
458 1959 513 1996 qui
530 1958 563 1987 in
580 1966 710 1988 carcere
723 1959 828 1988 erant.

126 2004 195 2034 Una
210 2005 266 2034 illa
297 2005 461 2042 visitatio,
487 2013 558 2042 quae
574 2004 649 2033 tunc
673 2004 756 2034 facta
782 2006 830 2035 est

126 2058 186 2087 per
211 2051 417 2088 praesentiam
443 2050 558 2079 animae
572 2072 581 2087 ,
613 2058 688 2079 culn
715 2059 830 2088 corpus

125 2096 283 2135 penderet
305 2096 458 2126 exanime
481 2104 578 2134 super
592 2096 723 2126 terram.
750 2096 830 2126 San-

123 2142 196 2179 guis
234 2142 357 2171 aridam
382 2141 517 2179 rigavit,
544 2142 672 2179 sanguis
709 2142 829 2173 infudit

122 2187 260 2225 terram,
274 2186 488 2217 etinebriavit
505 2195 575 2216 eam
588 2196 596 2224 3
616 2187 745 2224 sanguis
757 2197 828 2226 quae

123 2231 158 2261 in
172 2232 276 2270 terra,
294 2232 327 2262 et
338 2241 410 2270 quae
434 2233 468 2262 iu
483 2233 574 2262 coelis
589 2234 663 2262 sunt
678 2234 828 2271 pacifica-

123 2277 184 2314 vit,
211 2286 276 2307 non
290 2279 399 2307 autem
416 2278 448 2307 et
474 2287 546 2316 quae
571 2279 655 2316 apud
686 2278 825 2310 inferos:

121 2323 187 2353 nisi
200 2322 285 2360 quod
299 2323 398 2352 semel
411 2323 478 2360 illo,
490 2324 526 2352 ut
538 2323 625 2362 dixi,
641 2325 748 2354 anima
756 2326 826 2363 ejus

124 2368 280 2405 excurrit,
306 2368 338 2398 et
361 2367 438 2397 fecit
453 2376 495 2398 ex
516 2370 608 2406 parte
628 2370 826 2409 redemptio-

122 2421 210 2450 nem,
225 2421 266 2443 nc
282 2413 335 2442 vel
352 2421 389 2442 eo
404 2414 561 2444 momenti
576 2416 707 2446 vacaret
729 2424 824 2454 opera

122 2458 285 2496 caritatis3
309 2458 365 2488 scd
380 2459 466 2489 ultra
492 2468 555 2489 non
571 2459 714 2496 adjiciet.
746 2463 825 2501 Ergo

121 2512 209 2535 nunc
224 2505 353 2542 tempus
379 2505 578 2543 acceptabile
595 2508 627 2536 et
647 2507 758 2544 aptum
785 2509 824 2538 ad

121 2550 344 2588 quaerendum,
358 2550 391 2580 in
404 2559 466 2588 quo
479 2552 574 2588 plaue
582 2552 638 2589 qui
650 2553 765 2590 quaerit
774 2553 824 2583 in-

118 2596 232 2626 venit:
249 2596 275 2625 si
286 2596 394 2626 tamen
403 2596 458 2626 ubi
467 2619 476 2635 ,
485 2598 518 2627 et
527 2598 574 2627 uti
584 2598 721 2636 oportet,
740 2608 824 2637 quae-

119 2639 177 2672 rit.
187 2641 225 2671 Et
239 2640 381 2711 1131500113
394 2649 500 2679 causa,
513 2651 584 2681 quae
600 2643 759 2681 impedire
769 2653 824 2683 po-

877 321 963 352 tibus
975 330 1026 360 se,
1044 330 1117 352 cum
1137 330 1201 352 non
1214 327 1360 361 quaerunt
1381 328 1413 357 in
1428 330 1574 369 tempore

877 368 1068 405 opportuno.
1078 367 1118 397 At
1132 376 1196 397 non
1207 376 1244 397 ea
1259 369 1395 407 impedit
1409 382 1553 411 sponsam
1563 398 1574 415 ‚

876 420 994 451 nempe
1022 412 1229 443 invocantem
1260 415 1294 444 et
1319 419 1513 452 quaerentem
1539 421 1575 451 in

877 458 1023 496 tempore
1037 459 1230 497 opportuno.
1244 459 1307 489 Sed
1321 468 1362 490 ne
1378 460 1433 490 illa
1444 465 1577 500 quidem

877 511 953 533 eum
965 505 1074 543 tepide
1084 506 1140 535 aut
1148 505 1353 544 negligenter
1360 515 1418 536 seu
1426 509 1577 545 perfunc-

876 549 958 579 torie
970 551 1086 588 quaerit
1100 559 1109 580 2
1126 559 1201 581 nam
1212 552 1307 582 corde
1323 552 1450 582 ardenti
1463 555 1496 583 et
1510 563 1577 584 om-

876 593 952 623 nino
982 595 1229 634 infatigabiliter
1255 597 1391 636 quaerit,
1419 598 1518 636 plane
1540 600 1577 630 ut

876 638 981 669 decet.

916 687 946 717 6.
965 689 1076 719 Restat
1096 690 1133 719 ut
1158 690 1197 720 de
1222 690 1320 721 tertia
1334 689 1519 730 videamus,
1534 700 1579 723 ne

876 732 1030 763 videlicet
1043 734 1100 763 ubi
1116 743 1179 764 non
1205 735 1300 765 decet
1320 737 1453 774 quaerat.
1469 739 1506 768 In
1518 738 1577 768 lec—-

876 778 937 806 tulo
951 780 1152 816 meoquoesz'vi
1161 789 1250 818 quem
1262 782 1358 820 diliqit
1372 783 1482 812 anima
1495 792 1576 813 mea.

874 822 921 851 Au
936 821 1018 852 forte
1034 831 1097 853 non
1112 824 1146 854 in
1160 825 1281 856 lectulo
1293 827 1486 864 quaerendus
1495 829 1578 865 erat,

873 867 930 896 sed
946 867 1073 899 inlecto
1090 878 1098 898 :
1115 870 1236 909 quippe
1253 871 1306 901 cui
1321 872 1407 903 orbis
1423 874 1578 911 angustus

874 913 940 943 est?
955 913 1017 943 Sed
1030 922 1095 944 nou
1106 915 1222 946 horreo
1233 917 1392 947 lectulum
1402 939 1411 956 ,
1427 919 1483 956 qui
1498 918 1576 948 novi

874 960 1053 996 parvulum.
1066 962 1221 992 Parvulas
1235 962 1375 1000 denique
1384 963 1471 994 nobz's
1483 966 1578 994 natus

872 1006 925 1034 est.
943 1005 1075 1035 Exsulta
1090 1006 1126 1035 tu
1142 1007 1174 1037 et
1189 1007 1284 1037 lauda
1299 1008 1457 1039 habitatio
1478 1010 1552 1039 Sion
1564 1032 1574 1047 ,

871 1050 945 1087 quia
957 1058 1090 1088 magnus
1099 1051 1134 1081 in
1143 1052 1250 1082 medio
1259 1052 1309 1082 tui
1321 1054 1451 1084 sanctus
1463 1055 1573 1084 Israel.

872 1095 909 1124 ‚it
926 1095 1013 1125 idem
1026 1096 1182 1127 Dominus
1194 1097 1228 1127 in
1247 1097 1323 1128 Sion
1338 1107 1473 1137 magnus
1489 1100 1575 1138 apud

871 1148 926 1170 nos
940 1142 1112 1179 parvulus,
1129 1143 1214 1181 apud
1230 1152 1286 1173 nos
1303 1144 1449 1175 infirmus
1464 1154 1575 1184 reper-

872 1186 922 1215 tus
937 1186 985 1216 est
1001 1195 1009 1215 z
1027 1195 1069 1217 ex
1091 1195 1155 1217 uno
1168 1188 1294 1226 jacere,
1311 1197 1354 1219 ex
1375 1191 1478 1220 altero
1491 1192 1523 1221 et
1539 1191 1574 1221 111

870 1231 988 1261 lectulo
1006 1232 1116 1270 jacere
1140 1233 1275 1264 habens.
1298 1234 1414 1265 Annon
1434 1237 1573 1266 lectulus

870 1278 1033 1308 tumulus?
1060 1287 1168 1309 annon
1191 1279 1332 1311 lectulus
1356 1282 1573 1320 praesepium?

869 1330 973 1352 annon
1001 1324 1140 1354 lectulus
1161 1324 1273 1354 uterus
1287 1326 1447 1364 virginis?
1460 1327 1572 1364 Neque

868 1367 954 1396 0111111
966 1367 1072 1405 magni
1088 1368 1190 1398 Patris
1215 1370 1325 1399 uterus
1347 1370 1486 1400 lectulus
1503 1370 1570 1407 est,

867 1412 923 1442 sed
947 1413 1051 1443 lectus
1072 1422 1223 1451 magnus,
1240 1414 1279 1443 de
1295 1423 1357 1453 quo
1373 1416 1413 1445 ad
1424 1416 1543 1445 Filium
1559 1423 1569 1444 ε

866 1460 918 1488 Em
932 1460 1035 1495 utero,
1062 1459 1188 1497 inquit,
1203 1461 1274 1489 ante
1298 1461 1459 1498 luciferum
1480 1461 1573 1499 qenai

867 1505 904 1533 10.
920 1504 1119 1542 Quamquam
1136 1512 1177 1533 ne
1202 1505 1307 1534 lectus
1329 1505 1461 1542 quidem
1478 1505 1570 1535 sorsi-

867 1549 920 1578 tan
936 1549 1030 1588 digne
1046 1550 1224 1580 censendus
1239 1550 1280 1580 sit
1294 1551 1405 1580 uterus
1421 1551 1476 1581 ille
1488 1574 1496 1590 ,
1512 1552 1574 1591 qui.

865 1595 1006 1633 regentis
1015 1596 1123 1633 potIus
1133 1618 1142 1634 ,
1151 1605 1247 1634 quam
1257 1597 1395 1633 jacentis
1408 1598 1457 1626 est
1466 1598 1566 1628 locus.

864 1641 994 1671 Manens
1010 1642 1097 1671 enim
1117 1641 1151 1671 in
1172 1642 1264 1672 Patre
1280 1643 1364 1679 regit
1380 1651 1453 1672 cum
1474 1645 1569 1674 Patre

865 1686 1026 1716 universa.
1044 1686 1192 1724 Denique
1206 1695 1269 1716 non
1290 1687 1415 1724 jacere,
1438 1688 1493 1718 sed
1515 1697 1569 1718 se-

865 1730 940 1760 dere.
959 1731 999 1760 ad
1025 1731 1194 1760 dexteram
1220 1731 1322 1761 Patris
1346 1732 1463 1760 Filium
1486 1733 1568 1762 fides

865 1774 1044 1804 indubitata
1075 1774 1190 1811 habet3
1217 1775 1250 1805 et
1271 1775 1341 1813 ipse
1369 1775 1485 1805 coelum
1503 1776 1571 1806 sihi.

864 1820 973 1849 sedem
999 1828 1087 1857 esse,
1111 1828 1175 1849 non
1192 1820 1311 1850 lectum
1334 1821 1488 1859 perhibet
1504 1831 1512 1850 :
1529 1824 1566 1852 ut

864 1865 944 1895 scias
959 1866 1053 1895 illum
1068 1866 1102 1894 in
1124 1865 1208 1903 suis,
1234 1865 1266 1894 id
1282 1866 1330 1896 est
1355 1866 1389 1895 in
1416 1868 1541 1904 superis
1554 1890 1567 1906 ,

864 1918 1066 1948 nequaquam
1082 1910 1195 1939 solatia
1218 1909 1340 1940 habere
1355 1910 1568 1949 infirmitatis,

863 1955 918 1985 sed
933 1955 1101 1993 potestatis
1116 1955 1265 1993 insignia.

903 2005 932 2033 7.
949 2004 1062 2034 Merito
1078 2004 1212 2042 proinde
1228 2012 1342 2042 sponsa
1357 2012 1481 2042 ponens
1496 2004 1565 2035 lee-

863 2050 984 2088 tulum,
1001 2050 1079 2079 dicit
1091 2058 1185 2080 suum
1198 2058 1207 2078 t
1220 2050 1294 2088 quia
1310 2058 1404 2080 omne
1413 2051 1497 2089 quod
1513 2051 1565 2080 in·-

863 2096 990 2125 firmum
1007 2095 1055 2125 est
1066 2095 1145 2132 Dei,
1158 2104 1221 2125 non
1246 2096 1286 2125 de
1302 2096 1431 2134 proprio
1456 2096 1567 2127 inesse

862 2141 909 2170 iili
930 2141 1139 2170 manifestum
1153 2141 1220 2179 est,
1237 2141 1294 2171 sed
1309 2142 1349 2171 de
1374 2143 1493 2171 nostro.
1515 2143 1564 2172 Ex

861 2187 952 2216 nohis
960 2187 1131 2225 assumpsit
1140 2196 1211 2225 quae
1227 2196 1283 2225 pro
1293 2187 1385 2217 nobis
1394 2187 1563 2225 sustinuit,

860 2233 966 2270 nasei,
981 2232 1115 2270 lactari,
1137 2232 1237 2270 mori,
1261 2233 1405 2271 sepeliri.
1430 2233 1498 2262 Mea
1514 2233 1565 2264 est

860 2278 1037 2308 mortalitas
1052 2279 1137 2316 nati,
1150 2287 1222 2308 mea
1234 2279 1404 2309 infirmitas
1419 2279 1562 2317 parvuli,

859 2333 931 2354 mea
956 2324 1134 2362 exspiratio
1157 2325 1322 2362 crucifixi,
1346 2333 1417 2355 mea
1441 2325 1562 2362 sepulti

859 2371 1020 2400 dormitio.
1047 2371 1125 2408 Quae
1146 2371 1253 2408 priora
1284 2371 1500 2407 transierunt,
1527 2370 1562 2399 ei:

859 2424 934 2446 ecce
956 2424 1040 2447 nova
1066 2416 1141 2446 sunt
1163 2416 1281 2446 omnia.
1307 2418 1344 2446 Ιη
1364 2416 1469 2445 lectulo
1491 2424 1562 2444 meo

858 2465 981 2501 quoesz'vz'
988 2472 1044 2502 per
1050 2465 1150 2493 noctes
1158 2472 1246 2502 quem
1257 2463 1350 2500 diliqit
1358 2462 1463 2490 anima
1476 2469 1556 2491 mea.

857 2508 961 2545 Quid?
988 2509 1024 2538 ln
1045 2509 1101 2538 tuo
1117 2509 1300 2546 quaerebas,
1316 2506 1371 2544 qui
1393 2504 1505 2540 sejam
1520 2505 1556 2535 in

857 2562 912 2583 sua
929 2554 1119 2592 receperat?
1134 2555 1200 2583 Non
1225 2552 1350 2582 videras
1364 2550 1480 2579 Filium
1497 2550 1557 2579 110-

857 2599 952 2630 minis
968 2598 1195 2629 ascendentem
1212 2597 1266 2626 ubi
1283 2596 1349 2625 erat
1365 2593 1553 2633 prius?Ja1n

857 2645 972 2675 coelum
990 2645 1113 2675 tumulo
1130 2640 1339 2673 commutavit
1359 2640 1551 2706 ⁰{cstal'ffl03

1405 2689 1416 2705 j
