1830 3073
473 230 528 258 DE
554 227 769 258 DIVERSIS
795 225 950 255 SERMO
976 226 1119 254 XXXV.

1479 229 1513 258 71

86 289 143 328 qni
168 284 310 327 perfecte
332 285 379 317 cis
403 282 498 315 inniti
523 282 704 321 voluerint,
719 289 781 311 non
819 277 1016 318 confertam,
1042 280 1075 310 et
1095 276 1305 319 coagitatam,
1324 278 1357 311 et
1376 284 1520 322 superci-

86 333 213 365 labatur
227 333 260 362 in
275 331 393 363 itinere
416 339 474 369 pes
497 338 619 360 eorum.
636 329 711 359 Haec
726 335 784 357 au-

85 378 153 409 tem
181 377 273 415 sunt,
298 384 393 415 poena
422 376 582 414 corporis,
611 373 783 413 paupertas

84 423 270 454 substantiae
282 421 474 457 mundialis,
487 421 520 451 et
530 418 784 450 humilitasobe-

84 467 227 498 dientiae.
242 468 319 498 Nam
335 468 368 498 et
380 477 435 506 per
448 468 562 497 mullas
573 465 783 496 tribulationes

84 515 200 552 oportet
213 522 268 544 ‘nos
283 515 401 544 intrare
425 515 458 544 in
472 520 601 551 reanum
614 511 758 541 coelorum
772 518 782 539 .-

84 560 118 590 et
132 561 186 599 qui
203 561 308 590 colunt
322 562 424 591 divites
443 560 511 597 fieri
529 560 562 589 in
584 558 638 587 hoc
653 556 781 591 soeculo,

82 607 219 636 incidunt
234 608 268 637 in
287 607 487 637 tentationem
501 606 530 635 et
551 604 696 642 laqueum
714 603 782 632 dia-

85 650 146 681 boti
166 661 176 681 .·
192 651 230 681 Et
254 660 352 690 quein
377 660 397 681 a
418 651 486 680 Deo
513 656 572 679 suo
596 646 782 678 exturbavit

84 695 324 735 inobedientia,
339 696 408 726 sine
428 694 527 725 dubio
548 701 608 732 per
629 692 782 723 obedien-

82 742 163 772 tiam
177 742 266 772 recto
282 742 412 771 tramite
437 740 478 770 ad
501 747 577 769 eum
593 738 690 769 redit.
706 738 782 767 Haec

81 786 191 825 itaque
203 787 264 816 sihi
279 787 418 817 invicem
436 784 602 824 compacta
628 792 698 814 esse
723 791 783 813 ne—

82 840 171 862 cesse
196 833 256 862 est.
280 833 359 862 Nam
383 833 418 862 et
440 839 536 871 poena
557 830 699 869 corporis
721 836 782 859 nec

80 877 167 908 inter
177 877 306 908 divitias
320 877 444 908 stabilis
455 899 464 915 ,
477 885 537 907 nec
548 876 617 907 sine
627 875 783 906 obedien-

81 922 127 952 tia
152 923 245 952 facile
260 924 368 962 potest
391 931 461 953 esse
482 922 639 959 discreta3
657 922 690 951 et
704 928 783 958 pau-

80 968 187 1005 pertas
201 968 235 998 in
250 968 414 1007 voluptate
424 969 458 998 et
471 966 637 998 voluntate
652 964 782 1004 propria

80 1013 202 1043 nullius
215 1014 343 1052 meriti,
359 1013 483 1043 nullius
498 1012 584 1050 apud
601 1012 705 1040 Deum
724 1018 783 1048 po-

82 1059 241 1099 test'csse
265 1058 424 1088 momenti
447 1058 508 1088 :et
534 1055 721 1087 ohedientia
749 1055 782 1084 in

83 1103 209 1134 divitiis
235 1105 268 1134 et
288 1103 456 1142 voluptate
481 1110 542 1133 nec
564 1101 691 1132 stabilis
715 1101 781 1138 est,

81 1157 141 1179 nec
157 1150 305 1187 gloriosa.

121 1195 152 1224 Ιι.
168 1196 208 1225 At
222 1204 299 1225 vero
320 1195 371 1225 his
395 1194 458 1225 rite
480 1192 685 1232 compositis,
706 1188 782 1222 vide

81 1240 108 1269 si
131 1247 193 1269 non
217 1239 361 1277 perfecte
376 1238 438 1268 tria
460 1237 557 1268 maris
578 1236 674 1273 hujus
693 1236 782 1274 peri-

83 1285 154 1315 cula
172 1285 322 1323 evasisti,
344 1282 642 1323 concupiscentiam
659 1282 780 1318 carnis,

82 1330 375 1368 concupiscentiam
399 1329 585 1366 oculorum,
611 1328 644 1357 et
670 1335 782 1365 super-

82 1376 168 1405 biam
183 1376 270 1405 vitae.
288 1376 362 1406 Rite
376 1396 386 1413 ,
406 1374 557 1413 inquam,
580 1373 781 1410 compositis,

82 1422 117 1450 ut
133 1420 164 1450 in
177 1429 271 1459 poena
283 1420 414 1459 quidem
428 1420 547 1450 nodum
557 1418 782 1457 impatientiae,

82 1467 118 1496 in
141 1467 331 1505 paupertate
347 1474 425 1497 vero
446 1464 633 1504 cupiditatis
648 1473 782 1502 scrupu—

83 1513 149 1541 lum
160 1535 169 1550 ,
184 1513 217 1543 in
235 1512 419 1542 obedientia
436 1518 564 1541 naevum
579 1518 696 1541 caveas
710 1518 783 1548 pro-

83 1558 160 1595 priae
173 1558 361 1589 voluntatis.
377 1558 456 1587 Nam
475 1557 508 1587 et
522 1557 578 1595 qui
599 1564 782 1586 murmura-

82 1605 211 1641 verunt,
225 1612 241 1634 a
254 1604 459 1643 serpentibus
482 1602 654 1642 perierunt
668 1610 676 1631 :
692 1603 784 1641 etqui

82 1650 186 1680 rotun!
199 1651 300 1680 divites
312 1650 380 1687 fieri
395 1649 480 1687 (non
496 1648 542 1678 ait
552 1648 608 1686 qui
624 1648 710 1685 sunt,
726 1648 783 1678 sed

82 1694 136 1731 qui
147 1693 335 1733 voluntfierz‘)
347 1694 520 1724 incidentia
529 1695 708 1723 tentationes
716 1694 744 1722 et
752 1694 783 1722 in

85 1739 225 1777 loqueum
238 1739 363 1768 diaboli.
374 1738 439 1767 Sed
449 1739 481 1767 et
491 1737 573 1767 illud
586 1737 662 1774 quid
670 1737 782 1774 refert,

85 1784 109 1812 si
125 1785 205 1813 forte
224 1784 331 1821 (quod
343 1783 448 1822 absit)
463 1791 528 1812 non
549 1782 681 1820 quidem
699 1783 785 1812 divi-

85 1829 146 1857 tias
156 1851 165 1866 ,
178 1829 233 1858 scd
249 1836 287 1858 ea
307 1828 377 1866 ipsa
391 1836 461 1866 quae
479 1827 678 1866 paupertatis
691 1828 783 1866 sunt,

86 1875 172 1903 tanto
185 1874 301 1903 affectu
309 1873 486 1910 desideres,
496 1873 656 1902 autetiam
669 1873 785 1903 arden-

85 1919 166 1955 tius,
192 1927 285 1957 quam
313 1918 445 1948 divitias
472 1919 606 1956 cupiant
637 1918 784 1948 homines

83 1965 251 1994 szrculares
263 1963 366 2001 ?Quid
375 1963 471 1993 distat
485 1971 695 2001 quaecumque
707 1964 784 1993 sul)-

83 2010 200 2039 stantia
220 2009 439 2046 desideretur,
459 2008 536 2038 dum
557 2009 726 2046 aequaliter
742 2010 784 2040 sit

83 2056 250 2093 corruptus
258 2055 389 2085 affectus
400 2054 482 2084 ⁸&nisi
491 2054 574 2093 quod
583 2054 783 2086 tolerabilius

82 2101 163 2131 illud
171 2101 273 2131 videri
284 2101 400 2139 potest,
410 2109 480 2138 quae
492 2101 668 2138 utcumque
680 2101 782 2138 pluris

83 2154 151 2176 esse
180 2147 351 2184 videntur,
378 2146 556 2184 plurimum
585 2145 780 2176 desiderare.

80 2193 175 2223 Porro
203 2193 348 2231 quisquis
369 2191 423 2222 vel
442 2192 553 2230 aperte
580 2192 635 2221 vel
657 2192 782 2222 occulte

81 2237 212 2276 satagit,
228 2237 264 2268 ut
275 2236 359 2276 quod
370 2236 470 2268 habet
483 2237 520 2266 in
534 2236 712 2275 voluntate,
722 2238 781 2268 hoc

82 2284 112 2313 oi
127 2284 305 2322 spiritualis
317 2284 410 2313 Pater
422 2282 590 2320 injungat3
604 2283 673 2322 ipse
689 2292 721 2313 se
733 2292 782 2314 se-

82 2329 190 2367 ducit,
205 2329 232 2359 si
250 2325 333 2359 forte
350 2328 412 2358 sibi
426 2328 517 2367 quasi
533 2328 573 2358 de
595 2328 780 2359 obedientia

81 2375 275 2404 blandiatur.
298 2374 408 2412 Neque
429 2374 518 2403 enim
542 2374 577 2403 in
596 2381 633 2404 ea
656 2382 690 2404 re
710 2374 780 2413 ipse

81 2420 227 2457 l‘rwlato,
245 2419 302 2448 sed
316 2419 416 2457 magis
432 2420 463 2449 ei
485 2418 639 2449 Praelatus
657 2420 778 2450 obedit.

115 2465 381 2494 &Verumtamen
395 2465 472 2503 quia
482 2465 577 2502 Juxta
585 2465 780 2496 sententiam

81 2510 267 2548 Salvatoris,
283 2509 318 2539 in
334 2518 557 2548 quamensura
567 2512 671 2542 mensi
682 2511 781 2542 fueri-

82 2565 170 2593 mus,
181 2555 376 2585 remetietur
390 2555 483 2586 nobis
495 2564 504 2585 ε
516 2556 639 2586 bonum
653 2557 703 2586 est
725 2557 781 2588 ho-

81 2601 161 2630 mini
173 2601 232 2631 hoc
244 2601 285 2631 ad
298 2602 463 2631 cumulum
472 2601 604 2639 dare,ut
615 2601 655 2631 de
669 2609 781 2632 eorum

82 2646 125 2678 sit
134 2653 279 2684 numero,
289 2646 405 2685 quibus
419 2654 600 2677 mensuram
610 2647 739 2686 bonam,
748 2648 780 2679 et

816 326 972 356 fluentem
987 325 1111 358 dabunt
1130 325 1165 355 in
1182 325 1271 355 sinus
1293 334 1376 356 suos.
1395 328 1519 360 Sufficit

816 372 903 400 enim
925 371 965 401 ad
985 372 1124 401 salutem
1142 371 1267 410 coporis
1284 371 1447 402 molestias
1461 382 1519 412 pa—

816 416 936 446 tienter
952 417 1060 447 ferre:
1080 416 1137 446 sed
1158 416 1307 446 cumulus
1331 416 1397 453 est,
1421 417 1518 448 etiam

815 461 996 492 libenterin
1004 461 1132 492 fervore
1143 461 1276 501 spiritus
1288 469 1342 491 eas
1353 462 1517 500 amplecti.

815 507 968 538 Sufficere
980 508 1088 546 potest
1097 507 1259 546 superflua
1269 514 1333 537 non
1340 507 1518 546 requirere,

814 553 872 582 sed
895 561 956 583 nec
973 556 1106 592 propter
1121 554 1202 592 ipsa,
1227 553 1255 583 si
1282 552 1366 583 forte
1393 552 1519 590 desint,

814 599 996 629 necessaria
1019 606 1223 629 murmurare
1248 606 1258 628 t
1285 597 1341 628 sed
1369 598 1520 628 cumulus

815 644 863 674 est
875 645 973 675 etiam
989 645 1154 676 exsultare
1162 644 1196 675 et
1209 644 1350 674 libenter
1361 651 1518 683 quaerere,

814 691 972 728 quomodo
987 691 1070 721 alius
1084 692 1185 728 magis
1193 690 1312 720 haheat
1324 689 1519 727 necessaria,

814 736 848 764 et
862 735 931 773 ipse
947 736 1118 774 penuriam
1130 735 1286 773 patiatur.
1304 734 1432 765 Sufficit
1442 742 1520 773 quo-

814 789 877 818 que
892 781 932 811 ad
947 782 1097 819 salutem,
1113 781 1141 811 si
1156 789 1218 811 nec
1234 779 1519 819 impatientia,nec

814 826 1018 857 simulatione
1041 827 1149 864 aliqua
1170 827 1211 856 ad
1230 826 1265 856 id
1287 826 1372 865 quod
1390 825 1520 856 deside-

814 880 876 910 ras,
892 872 1033 903 invitum
1046 873 1131 904 velis
1151 872 1279 902 Praelati
1302 872 1448 901 animum
1470 872 1520 902 in-

815 917 936 948 clinare
952 926 961 947 :
979 918 1035 948 sed
1051 918 1200 948 cumulus
1216 918 1267 947 est
1287 917 1388 947 etiam
1406 916 1519 955 fugere

815 970 865 1000 ea,
877 963 997 1001 quibus
1011 964 1214 993 voluntatem
1228 963 1392 1002 propriam
1409 971 1520 994 sense-

814 1009 858 1038 ris
870 1009 1045 1047 oblectari,
1069 1009 1224 1047 quantum
1243 1017 1318 1040 sane
1341 1008 1424 1039 bona
1444 1017 1518 1040 cum

815 1055 1012 1086 conscientia
1027 1055 1148 1094 potest.

855 1099 885 1129 6.
899 1101 995 1130 Porro
1010 1100 1139 1130 Praelati
1154 1098 1286 1139 quidem
1296 1097 1359 1139 ipsi
1373 1098 1450 1131 sunt
1462 1101 1518 1139 qui

815 1144 1022 1175 descendunt
1040 1153 1129 1176 mare
1145 1146 1180 1175 in
1194 1146 1346 1184 navibus,
1361 1146 1520 1177 facientes

815 1191 1038 1228 operationem
1065 1191 1101 1221 in
1134 1191 1228 1229 aquis
1255 1191 1379 1222 multis.
1408 1192 1519 1230 Neque

815 1236 904 1265 enim
919 1238 1005 1266 certa
1015 1236 1122 1274 pontis
1137 1237 1245 1274 aliqua
1259 1236 1520 1267 seuvadisemita

815 1282 1028 1320 coarctantur,
1038 1282 1076 1312 ut
1084 1282 1188 1312 libere
1202 1282 1326 1320 possint
1338 1289 1520 1320 usquequa-

814 1333 877 1364 que
892 1327 1088 1365 discurrere,
1104 1328 1138 1357 et
1153 1334 1323 1357 occurrere
1336 1326 1471 1364 singulis
1483 1328 1521 1356 ut

814 1373 952 1410 oportet,
969 1380 1005 1403 ac
1018 1372 1156 1411 dirigere
1171 1373 1280 1410 pontis
1294 1372 1445 1402 semitam
1461 1379 1520 1402 seu

814 1417 901 1454 vadi,
918 1417 1067 1447 ordinare
1084 1417 1287 1455 gradientes,
1304 1416 1450 1455 pericula
1468 1416 1519 1446 in—

814 1462 974 1500 vestigare
984 1470 1020 1491 ac
1029 1462 1210 1500 declinare,
1221 1461 1367 1491 excitare
1379 1460 1518 1499 tepidos,

813 1508 1037 1546 pusillanimes
1046 1508 1239 1538 sustentare.
1249 1506 1396 1545 Denique
1409 1514 1519 1537 ascen-

813 1554 895 1584 dunt
913 1562 1017 1592 usque
1042 1553 1083 1584 ad
1111 1554 1230 1591 coelOS,
1258 1553 1292 1583 et
1319 1552 1520 1583 descendunt

813 1608 914 1639 usque
930 1599 970 1629 ad
993 1598 1130 1638 inferos,
1149 1606 1237 1629 nunc
1264 1597 1397 1637 quidem
1425 1597 1521 1636 spiri-

812 1645 915 1676 tualia
929 1646 1107 1676 tractantes
1122 1645 1220 1683 atque
1240 1643 1411 1682 sublimia,
1432 1651 1520 1674 nunc

813 1691 989 1721 infernalia
1013 1692 1048 1722 et
1075 1690 1247 1722 horribilia
1280 1689 1366 1720 sacta
1396 1689 1521 1727 dijudi-

814 1738 934 1766 cantes.
950 1736 1012 1766 Sed
1023 1745 1095 1775 quae
1108 1736 1232 1774 poterit
1256 1736 1350 1765 navis
1361 1734 1518 1773 inveniri,

815 1790 885 1819 quae
900 1784 967 1811 tam
983 1783 1140 1812 immanes
1155 1781 1314 1812 sustineat
1333 1779 1468 1819 fluctus,
1486 1782 1520 1811 et

817 1828 951 1858 intanto
968 1835 1082 1857 secura
1097 1826 1198 1865 possit
1220 1834 1290 1856 esse
1311 1826 1521 1857 discrimine?

815 1873 933 1910 Utique
949 1873 1037 1911 fortis
1051 1875 1087 1903 ut
1100 1881 1183 1902 mors
1200 1872 1332 1908 dilectio,
1344 1872 1425 1902 dura
1442 1873 1520 1902 sicut

815 1920 954 1955 infernus
979 1919 1135 1949 oemulatz'o
1148 1927 1159 1948 .-
1185 1917 1274 1956 quia,
1303 1916 1400 1954 juxta
1433 1918 1520 1956 quod

814 1964 890 1993 alibi
916 1964 1137 2002 habes,Aquoe
1158 1964 1262 1993 multoe
1287 1971 1351 1992 non
1374 1964 1519 2001 poterunt

813 2011 1004 2048 exstinquere
1036 2010 1210 2039 carnatem.
1240 2008 1426 2038 Necessaria
1451 2009 1518 2046 est,

814 2057 848 2086 et
859 2056 988 2085 omnino
1005 2055 1185 2085 necessaria
1209 2054 1304 2084 navis
1323 2054 1385 2084 ista
1401 2054 1533 2084 Praela-,

813 2102 870 2139 tis,
886 2101 991 2131 trihus
1011 2102 1177 2138 compacta
1195 2099 1365 2137 lateribuS,
1380 2107 1454 2137 quae
1469 2099 1520 2129 est

813 2147 926 2185 utique
943 2146 1046 2176 forma
1066 2146 1212 2183 navium,
1232 2146 1270 2175 ut
1293 2145 1336 2175 sit
1362 2143 1517 2174 nimirum

812 2193 902 2230 juxta
917 2192 1007 2222 Pauli
1029 2192 1207 2222 doctrinam
1217 2213 1227 2230 ,
1242 2191 1357 2221 caritas
1371 2191 1407 2220 de
1430 2193 1518 2221 corde

811 2248 901 2277 puro,
914 2240 943 2269 et
954 2239 1136 2268 conscientia
1150 2238 1243 2274 bona,
1258 2238 1348 2274 etfide
1361 2244 1422 2266 'non
1431 2237 1516 2273 sicta.

812 2285 991 2314 puritatem
1011 2283 1145 2322 quidem
1171 2282 1276 2313 cordis
1290 2283 1324 2312 in
1341 2291 1379 2313 eo
1400 2282 1518 2313 Praela-

814 2331 862 2360 tus
878 2329 997 2359 habeat
1010 2350 1019 2367 ,
1034 2329 1071 2359 ut
1084 2328 1236 2367 prodesse
1253 2327 1433 2366 desideret,
1451 2336 1517 2358 non

813 2383 971 2414 praeesse:
987 2375 1025 2405 ut
1039 2374 1166 2405 scilicet
1189 2373 1356 2413 proprium
1377 2381 1517 2404 commo-

812 2421 905 2458 dum,
930 2421 985 2449 vel
1006 2419 1162 2449 honorem
1187 2418 1318 2455 saeculi,
1344 2426 1402 2448 seu
1426 2418 1515 2447 aliud

811 2465 980 2504 quippiam
995 2473 1089 2495 suum
1104 2465 1138 2494 in
1149 2464 1338 2502 praelatione
1354 2471 1420 2493 non
1431 2471 1515 2501 quae-

813 2512 872 2548 rat,
888 2511 1008 2550 praeter
1022 2511 1126 2540 solum
1137 2509 1382 2548 heneplacitum
1396 2508 1468 2545 Dei,
1482 2510 1516 2537 et

812 2557 994 2588 animarum
1008 2556 1161 2587 salutem.
1170 2555 1235 2586 Sed
1246 2562 1318 2585 cum
1332 2552 1514 2583 intentione

812 2610 910 2641 pura,
925 2601 1224 2641 irreprehensibilis
1247 2606 1374 2638 quoque
1398 2605 1516 2628 neces-

813 2648 895 2678 saria
921 2648 970 2679 est
991 2646 1211 2684 conversatio,
1231 2645 1267 2675 ut
1288 2644 1386 2674 forma
1412 2642 1514 2674 factus
