1810 3073
307 225 367 255 221)

306 281 381 311 teri.
398 282 513 314 Causas
530 283 645 315 horum
669 286 898 317 vocabulorum
911 285 1002 315 vide-

305 325 414 359 bimus
451 330 573 368 postea.
603 332 694 361 Nunc
722 332 834 362 autem
868 331 1001 362 adverte

306 374 424 404 cuncta
438 375 523 413 apud
537 384 688 413 sponsum
710 377 847 407 salubria
858 399 867 414 ,
888 377 1002 406 cuncta

305 419 416 450 suavia
430 422 580 459 reperiri,
595 422 723 460 vinum,
738 423 916 460 unguenta,
931 429 1003 451 aro-

305 465 403 496 mata.
426 468 542 497 Vinum
552 488 563 504 ,
579 467 742 506 Scriptura
757 469 858 505 teste,
871 468 1004 504 laetz'ficat

303 516 358 537 cor
375 509 519 541 hominis.
534 512 716 541 Exhilarari
730 511 944 542 nihilominus
956 511 1004 541 fa—

305 553 390 583 ciem
404 555 439 584 in
453 556 525 585 oleo
545 556 644 594 legis,
671 565 734 595 quo
754 558 869 595 utique
895 558 1003 596 pulvis

303 598 542 636 pigmentorum
562 601 762 640 infunditur,
779 603 816 632 ut
837 604 1003 641 unguenta

261 682 264 685 ἱ
303 643 393 674 fiant.
406 646 553 675 Aromata
562 655 626 676 non
638 648 730 678 niodo
739 649 828 686 grata
843 648 1002 678 suavitate

302 689 427 729 odoris,
449 692 507 721 sed
529 692 562 721 vi
579 701 707 731 quoque
732 694 886 724 medendi
907 693 1002 724 utilia

304 736 390 765 sunt.
407 738 520 768 Merito
532 746 566 768 se
581 739 799 769 introductam
809 740 887 770 illuc
896 740 1003 770 exsul-

303 781 350 811 tat
365 791 492 822 sponsa,
507 784 566 814 ubi
581 785 670 814 tanta
691 785 852 816 redundat
872 786 1002 816 ubertas

302 829 426 865 gratiae.

343 873 372 902 6.
386 873 449 903 Sed
464 874 568 904 habeo
581 875 614 905 et
627 876 691 905 alia
705 876 834 905 nomina
850 884 858 913 3
874 875 952 914 puto
969 876 1002 906 et

302 918 539 949 evidentiorem
556 920 605 949 sui
620 921 764 957 gerentia
779 922 953 951 rationem.
965 922 1003 950 Et

300 962 338 991 ut
349 972 406 993 suo
420 964 531 994 ordine
541 965 761 1003 nominentur,
770 966 908 1004 primam
919 975 1003 996 nun-

301 1009 489 1046 cupaverim
512 1010 717 1049 Disciplinae,
739 1011 913 1041 secundam
940 1013 1003 1041 Na-

300 1055 394 1092 turae,
411 1055 605 1092 postremam
615 1057 742 1087 Gratiae.
753 1058 787 1086 ln
795 1057 895 1095 priori
906 1057 1003 1087 discis

298 1099 392 1136 juxta
415 1100 530 1131 ethicae
553 1102 654 1139 partis
682 1103 842 1132 rationem
867 1102 1003 1133 inferior

300 1153 383 1182 0550,
400 1145 434 1174 111
450 1147 599 1184 sequenti
616 1155 686 1184 par,
701 1147 736 1177 in
751 1147 928 1186 posteriore
948 1157 1002 1178 su·—

300 1190 426 1228 perior:
440 1191 500 1221 1100
509 1193 558 1222 est
569 1193 628 1222 sul)
638 1193 714 1231 alio,
728 1202 802 1224 cum
814 1194 890 1232 alio,
903 1201 1002 1232 super

300 1236 489 1273 alium3vel
509 1237 573 1276 sic,
593 1239 745 1277 subesse,
773 1247 903 1277 coesse,
919 1248 1002 1278 prae-

300 1289 382 1312 esse.
397 1283 504 1312 Primo
519 1291 593 1322 ergo
611 1284 707 1314 discis
723 1292 791 1315 esse
805 1285 1000 1322 discipulus,

299 1327 441 1357 secundo
461 1329 584 1367 socius,
600 1330 698 1360 tertio
723 1330 757 1360 et
777 1330 942 1369 magister.
965 1331 1017 1366 Et¹

299 1372 431 1410 quidem
447 1381 560 1404 omnes
575 1375 723 1405 homines
734 1376 849 1405 natura
860 1375 1001 1414 aeqnales

298 1418 423 1455 genuit.
439 1419 478 1448 At
492 1421 645 1458 quoniam
660 1421 745 1451 bono
758 1421 923 1452 naturaeiu
935 1430 1002 1452 mo-
1015 1443 1016 1448 ,

299 1464 388 1493 ribus
414 1466 567 1503 superbia
593 1466 782 1505 depravato,
818 1467 897 1497 facti
926 1469 1000 1497 sunt

298 1509 447 1539 homines
466 1511 660 1549 aequalitatis
675 1512 901 1550 impatienteS,
923 1520 1001 1542 0011-

297 1556 623 1587 tendentesinvicem
632 1558 816 1596 superiores
831 1559 997 1598 constitui,

297 1602 394 1639 atque
410 1602 602 1632 alterutrum
614 1603 802 1642 supergredi
819 1604 998 1644 cupientes,

298 1647 331 1676 et
345 1647 450 1677 inanis
466 1648 576 1685 gloriae
598 1649 729 1687 cupidi,
746 1649 888 1679 invicem
914 1650 999 1680 invi—

297 1691 412 1722 dentes
423 1715 432 1730 ,
457 1693 599 1723 invicem
622 1695 835 1733 provocantes
860 1704 869 1723 :
894 1696 999 1733 primo

296 1739 441 1768 omnium
458 1740 491 1768 in
508 1740 590 1770 cella
604 1740 717 1779 1111011,
731 1740 807 1778 jugo
820 1741 999 1780 disciplinae

297 1783 469 1814 insolentia
485 1793 611 1815 morum
627 1786 785 1816 domanda
802 1788 862 1825 est,
881 1796 1000 1825 quous—

297 1838 360 1867 que
381 1830 468 1860 duris
489 1839 525 1862 ac
547 1832 683 1862 diutinis
705 1834 868 1863 seniorum
889 1834 1000 1864 attrita

295 1875 422 1913 legibus
436 1877 630 1907 humilietur
642 1878 675 1908 et
688 1879 819 1909 sanetur
834 1880 998 1910 cervicosa

295 1922 456 1960 voluntas,
470 1923 654 1961 bonumque
668 1924 702 1953 in
714 1933 747 1954 se
760 1926 893 1963 naturae,
914 1927 999 1964 quod

294 1967 512 2005 superbiendo
527 1969 692 2008 amiserat,
716 1970 898 2001 obediendo
914 1973 999 2002 reci-

295 2012 364 2049 piat
380 2021 388 2041 :
410 2013 487 2043 dum
512 2015 578 2044 solo
599 2015 667 2052 jam
696 2016 836 2045 naturali
863 2017 998 2057 affectu,

293 2065 359 2087 non
372 2059 463 2088 metu
478 2060 669 2099 disciplinae,
683 2069 756 2090 011111
770 2062 931 2093 universis
941 2072 1000 2093 na-

292 2103 374 2133 ‹urae
391 2113 454 2134 suae
468 2106 574 2143 sociis,
588 2106 622 2136 id
634 2106 683 2137 est
698 2107 928 2138 cumomnibus
938 2109 998 2138 ho-

295 2148 437 2179 minibus
451 2151 635 2189 socialiter,
647 2153 806 2190 quantum
828 2152 861 2181 in
877 2161 911 2182 se
928 2154 996 2192 est,

294 2194 470 2232 quieteque
482 2204 552 2226 sese
564 2196 686 2227 habere
703 2196 867 2235 didicerit,
884 2198 918 2227 in
933 2199 998 2228 cel-

293 2238 359 2268 lam
382 2240 513 2270 tandem
536 2242 660 2271 naturae
684 2241 865 2280 transiens,
893 2250 1012 2281 expe--¹

293 2285 445 2323 riensque
460 2287 545 2324 quod
559 2287 792 2324 scriptumest:
808 2289 886 2318 Ecce
902 2298 995 2326 quam

295 2330 408 2360 bonum
423 2333 451 2361 et
470 2341 561 2370 qnam
572 2333 761 2370 jucundum,
779 2332 918 2363 habitare
929 2335 995 2372 sra-

294 2378 354 2406 {rcs
369 2377 528 2406 inunum!
549 2379 626 2407 sicut
640 2379 825 2415 unquentum
840 2380 870 2408 in
885 2381 992 2417 capite.

293 2421 429 2451 Accedit
439 2422 591 2453 nimirum
609 2422 824 2460 disciplinatis
839 2425 994 2463 moribus,

291 2470 456 2505 tamquam
472 2467 558 2497 tritis
572 2468 762 2506 speciebus,
784 2469 890 2498 oleum
914 2470 996 2500 laeti-

293 2512 365 2550 uae,
382 2513 501 2543 1101111111
515 2513 656 2550 naturae3
681 2513 714 2543 et
735 2513 772 2543 fit
793 2516 993 2552 unguentum

295 2559 415 2589 bonum
423 2560 518 2598 atque
530 2559 721 2597 jucundum.
731 2560 801 2597 Quo
814 2561 905 2598 quasi
917 2570 995 2591 11110-

297 2607 348 2634 tus
358 2605 506 2637 redditur
519 2605 614 2635 homo
623 2605 730 2636 suavis
746 2606 778 2636 et
789 2606 993 2644 mitis3110mo

295 2651 364 2681 cine
380 2652 525 2691 querela,
540 2651 706 2682 neminem
720 2652 992 2692 circumveniens,

759 233 788 262 S.
810 231 1040 261 BERNARDI
1062 233 1253 262 ABBATls

1036 286 1201 315 neminem
1214 287 1414 326 concutiens,
1422 289 1589 319 neminem
1600 288 1731 328 laedens,

1036 331 1160 360 nemini
1172 340 1205 361 se
1218 334 1476 370 superextollens
1483 335 1539 364 aut
1546 334 1733 373 praeferens,

1036 376 1169 415 iusuper
1184 378 1217 407 et
1230 378 1372 408 libenter
1384 380 1624 410 communicans
1637 379 1671 410 111
1682 388 1732 409 ra⁴⁵

1037 421 1123 452 tione
1139 423 1207 452 dati
1223 424 1256 453 et
1274 423 1410 461 accepti.

1076 467 1107 497 7.
1121 468 1201 498 Puto
1211 490 1220 506 ,
1244 469 1272 498 si
1297 469 1381 498 bene
1396 468 1589 500 intellexisti
1613 470 1734 501 utrius-

1035 520 1097 550 que
1113 514 1203 543 cellae
1218 514 1450 552 proprietates,
1473 523 1537 544 nou
1558 515 1732 553 incongrue

1035 566 1086 588 1110
1102 559 1186 589 113110
1204 560 1478 598 [nguentariam,
1493 561 1583 590 illam
1603 561 1732 591 Aroma-

1035 604 1133 634 ticam
1154 606 1333 643 appellasse
1353 606 1537 636 testaberis.
1554 606 1591 635 ln
1606 606 1663 635 illa
1674 606 1736 637 de-¹

1034 649 1146 688 nique,
1165 651 1249 681 sicut
1269 651 1510 689 pigmentorum
1527 651 1615 681 vires
1636 652 1731 689 atque

1035 695 1242 733 fragrantiam
1255 697 1374 735 pistilli
1389 697 1561 735 extorquet
1573 698 1607 727 et
1629 697 1733 736 exigit

1033 741 1177 771 violenta
1193 742 1351 780 contusio,
1370 742 1416 772 sic
1430 744 1593 773 rectorum
1607 750 1731 772 morum

1035 786 1125 816 elicit
1140 787 1374 824 quodammodo
1387 788 1420 817 et
1434 787 1590 826 exprimit
1604 787 1735 817 natura-

1034 831 1098 860 lem
1120 832 1188 862 vim
1217 832 1267 862 vis
1287 833 1483 871 magisterii,
1510 833 1544 863 et
1572 832 1732 864 districtio

1034 876 1224 914 disciplinae.
1238 878 1274 906 Iu
1292 877 1351 906 hac
1367 878 1476 907 autem
1497 878 1688 908 voluntariae
1700 878 1738 909 etr

1034 922 1197 959 tamquam
1211 922 1331 952 innatae
1347 922 1524 953 affectionis
1539 924 1628 961 grata
1639 932 1733 953 man-

1034 966 1169 995 suetudo
1188 969 1302 1004 sponte
1323 968 1464 998 officiosa
1490 969 1609 1007 currit,
1630 969 1733 1001 instar

1034 1011 1130 1048 plane
1144 1013 1302 1049 unguenti
1317 1013 1404 1051 quod
1425 1015 1475 1044 est
1496 1014 1530 1044 in
1550 1014 1675 1052 capite,
1691 1015 1733 1045 ad

1035 1057 1141 1086 levem
1163 1058 1280 1088 caloris
1301 1059 1424 1088 tactum
1444 1059 1672 1090 descendentis
1695 1069 1732 1090 ae

1034 1101 1213 1132 diffluentis
1239 1111 1299 1140 per
1326 1104 1441 1133 totum.
1456 1104 1568 1142 Itaque
1593 1104 1628 1133 in
1651 1105 1738 1135 cella.

1033 1147 1232 1186 Disciplinae,
1241 1149 1406 1187 tamquam
1419 1149 1512 1180 siccae
1521 1157 1557 1179 30
1569 1150 1732 1188 simplices

1033 1195 1213 1224 aromatum
1229 1195 1354 1233 species
1369 1195 1594 1233 continentur,
1609 1197 1642 1225 et
1655 1196 1736 1226 indo

1033 1239 1248 1269 Aromaticam
1274 1248 1346 1270 eam
1370 1240 1642 1271 denominandam
1670 1250 1735 1280 pu-

1032 1285 1111 1316 tavi.
1135 1286 1171 1315 111
1186 1294 1224 1316 03
1240 1294 1318 1316 vero
1333 1295 1404 1324 quae
1418 1287 1544 1317 Naturae
1560 1287 1645 1317 dicta
1663 1288 1730 1325 est,

1032 1330 1185 1368 quoniam
1195 1331 1360 1369 Jamquasi
1372 1331 1517 1361 confecta
1529 1332 1732 1370 reponuntur

1034 1378 1065 1406 et
1080 1378 1254 1407 servantur
1268 1377 1445 1414 unguenta,
1459 1377 1673 1407 nihilominus
1688 1386 1734 1408 ex

1032 1430 1067 1452 re
1082 1430 1203 1452 nomen
1226 1422 1259 1452 et
1278 1423 1347 1461 ipsa
1362 1423 1506 1461 accepit,
1528 1423 1565 1453 ut
1579 1423 1730 1461 Unguen-

1032 1468 1114 1497 taria
1134 1469 1352 1506 nuncupetur.
1369 1469 1447 1497 Nam
1470 1468 1635 1498 Vinariam
1652 1477 1731 1507 quo-

1031 1522 1093 1552 que
1104 1514 1232 1551 cellam,
1245 1522 1309 1544 non
1324 1513 1421 1543 aliam
1435 1522 1511 1544 sane
1527 1514 1577 1544 sui
1592 1514 1730 1544 nominis

1031 1559 1169 1588 arbitror
1181 1559 1264 1589 ferre
1280 1559 1457 1597 rationem,
1473 1559 1536 1589 nisi
1548 1559 1632 1598 quod
1644 1559 1678 1589 in
1691 1568 1728 1589 ea

1013 1601 1015 1627 ἴ
1032 1605 1143 1635 vinum
1160 1606 1220 1635 zeli
1236 1605 1269 1634 in
1285 1606 1420 1635 caritate
1444 1605 1600 1635 ferventis
1617 1614 1730 1636 recon-

1032 1651 1129 1682 ditur.
1142 1651 1206 1680 Nec
1222 1651 1321 1681 debet
1333 1652 1464 1680 omnino
1481 1659 1617 1689 praeesse
1639 1652 1730 1689 aliis,

1034 1697 1090 1734 qui
1108 1697 1140 1726 in
1157 1705 1228 1726 eam
1249 1697 1391 1726 necdum
1415 1696 1536 1726 meruit
1556 1696 1730 1727 introduci.

1031 1743 1166 1780 Oportet
1192 1750 1321 1780 prorsus
1336 1743 1397 1772 hoc
1412 1742 1490 1772 vino
1513 1743 1645 1780 aestuet,
1674 1743 1730 1781 qui

1032 1788 1104 1818 aliis
1126 1788 1298 1826 praesidet,
1322 1788 1592 1826 quemadmodum
1614 1788 1730 1818 Doctor

1031 1833 1185 1863 Gentium
1215 1834 1390 1871 aestuabat,
1416 1834 1543 1872 quando
1573 1833 1700 1864 dicebat
1719 1843 1728 1862 :

1033 1881 1105 1918 Quis
1133 1880 1328 1917 infirmatur,
1358 1882 1387 1911 et
1402 1889 1454 1918 090
1479 1888 1542 1909 11011
1563 1879 1728 1917 infirmor?

1033 1927 1106 1965 Quis
1125 1926 1369 1962 scandalizatur,
1402 1927 1431 1955 et
1455 1933 1507 1963 090
1535 1933 1599 1955 11οη
1625 1934 1700 1955 ανον
1713 1925 1731 1954 ,ἓ

1032 1971 1181 2008 Alioquin
1194 1970 1341 2008 improbe
1356 1970 1432 2000 satis
1441 1978 1579 2008 praeesse
1589 1969 1727 2008 assectas,

1031 2016 1148 2054 quibus
1162 2017 1316 2054 prodesse
1332 2024 1397 2045 non
1414 2023 1526 2045 curas:
1546 2016 1579 2045 et
1593 2023 1728 2053 quorum

1031 2069 1095 2090 11011
1111 2062 1195 2090 zelas
1211 2061 1366 2099 salutem,
1379 2059 1615 2096 subjectionem
1633 2059 1727 2090 nimis

1031 2107 1201 2137 ambitiose
1216 2106 1362 2136 vindicas
1382 2105 1456 2136 tibi.
1474 2106 1564 2135 Hanc
1585 2113 1643 2142 ego
1661 2106 1726 2136 cel-

1031 2153 1094 2181 lam
1108 2160 1235 2190 quoque
1251 2152 1368 2181 Gratiae
1377 2151 1544 2181 nominavi
1556 2159 1636 2180 :non
1645 2150 1727 2189 quod

1030 2197 1151 2235 absque
1177 2197 1279 2234 gratia
1302 2197 1357 2226 vel
1377 2197 1520 2234 reliquas
1545 2196 1624 2226 duas
1648 2195 1728 2226 ohti-

1028 2251 1107 2272 nere
1123 2243 1253 2272 omnino
1274 2242 1346 2280 quis
1361 2241 1478 2280 possit,
1495 2241 1551 2271 sed
1569 2242 1608 2271 ob
1623 2241 1728 2279 pleni-

1029 2286 1176 2316 tudinem
1193 2295 1263 2324 quae
1276 2285 1483 2324 singulariter
1499 2285 1534 2314 in
1549 2285 1610 2315 ista
1626 2285 1727 2324 perci-

1029 2331 1128 2369 pitur.
1137 2332 1283 2369 Denique
1297 2332 1449 2369 plenitudo
1461 2331 1532 2369 leqis
1546 2333 1589 2361 est
1601 2331 1724 2368 caritas;

1029 2378 1061 2407 et
1076 2379 1129 2416 qni
1139 2379 1234 2416 11111911
1246 2377 1377 2407 fratrem
1390 2399 1399 2414 ,
1416 2377 1511 2415 1090111
1525 2377 1665 2415 implevit.

1067 2424 1098 2454 8.
1125 2423 1244 2453 Vidisti
1276 2423 1437 2453 rationem
1460 2422 1688 2452 vocabulorum
1715 2429 1724 2451 :

1029 2469 1105 2499 vide
1121 2469 1381 2499 etdillereiitiam
1389 2468 1555 2498 cellarum.
1567 2465 1723 2498 Necenim

1028 2516 1114 2553 paris
1135 2515 1302 2545 facilitatis
1317 2522 1375 2544 seu
1397 2514 1559 2544 facultatis
1582 2513 1723 2550 ejusdem

1030 2561 1095 2598 est,
1110 2561 1298 2599 petulantes
1322 2568 1482 2598 vagosque
1500 2566 1610 2597 sensus
1628 2558 1724 2595 atque

1030 2607 1305 2644 intemperantem
1328 2606 1437 2635 earnis
1457 2603 1637 2642 appetitum
1659 2610 1724 2632 ma-

1030 2652 1119 2692 gistri
1139 2652 1350 2691 comprimere
1365 2652 1473 2685 metu‚
1490 2657 1524 2680 ac
1544 2648 1642 2687 rigida
1659 2648 1724 2678 dis«
