1846 3078
247 277 306 306 1270
885 275 1028 304 INDEX

286 335 355 362 quoe
376 328 415 357 sit
435 328 502 365 ejus
515 329 693 365 pulcritudo
707 332 760 357 aut
774 328 873 357 desor-

284 369 385 401 mitas,
399 377 469 404 quae
481 370 619 407 ejusdem
633 371 764 398 solitudo
775 374 804 398 et
817 378 872 406 pu-

1019 329 1121 362 debet,
1135 337 1175 358 ne
1187 330 1318 366 gratiam
1333 331 1411 359 bene
1425 332 1574 368 operandi
1585 340 1603 360 a

1017 369 1082 396 Deo
1095 374 1252 406 acceptam
1267 372 1374 406 perdat
1378 392 1598 400 .............
1620 372 1676 404 525

283 408 402 436 dicitia.
419 429 426 436 .
443 429 868 438 ........................
891 409 945 438 28Ιι
979 409 1038 437 LV.
1055 410 1194 444 Qualiter
1208 411 1302 438 homo
1315 419 1371 446 per
1382 421 1489 440 veram
1503 413 1603 447 poeni-

249 447 326 475 XLI.
339 449 477 483 Qualiter
491 459 604 487 sponsa
618 452 731 486 recipit
746 451 874 478 interim

282 497 424 526 magnam
436 492 675 519 consolationem
685 492 723 518 de
737 496 871 519 contem-

282 527 417 565 platione
427 532 544 559 divinae
552 532 698 564 caritatis,
707 536 873 567 antequam

281 572 443 605 perveniat
453 572 491 599 ad
500 573 614 599 claram
625 572 692 607 ejus
704 573 870 600 visionem.
891 572 944 600 286

244 611 330 638 Xth.
348 612 394 638 De
409 613 526 646 duplici
540 614 724 643 humilitate,
750 622 813 640 una
827 614 873 639 vi-

279 651 388 678 delicet
405 659 498 686 quam
521 653 603 688 parit
626 654 759 686 veritas,
781 657 811 681 et
830 654 871 681 al-

279 696 343 719 tera
357 700 448 726 quam
462 693 636 720 inflammat
650 695 759 722 caritas
765 713 864 721 ......
888 694 943 722 288

241 732 346 759 XLIII.
356 733 493 767 Qualiter
501 735 707 764 consideratio
717 736 869 771 passionis

279 777 307 800 et
322 774 463 802 laborum
477 775 588 803 Christi
608 776 681 804 facit
704 784 866 812 sponsam,

278 815 311 841 id
338 821 385 844 est
410 820 563 849 animam,
590 825 721 853 pergere
741 818 869 845 illaesam

278 855 308 882 in
315 859 360 884 ter
386 867 536 896 prospera
564 863 594 888 et
619 860 748 887 adversa
774 858 867 894 hujus

278 898 389 926 mundi
394 918 864 928 ..........................
888 899 942 927 ‘292

239 935 344 964 XLIV.
370 940 417 967 De
444 942 638 976 correptione
662 948 720 977 pro
741 940 868 976 ingenio

274 982 470 1012 peccantium
482 982 670 1010 moderanda
683 1002 690 1014 ,
707 985 740 1009 ut
755 988 869 1016 nempe

275 1020 408 1049 humiles
419 1026 449 1050 et
463 1024 612 1059 morigeri
625 1023 747 1055 leniter,
756 1022 828 1050 duri
839 1025 868 1050 et

277 1060 421 1090 obstinati
431 1068 549 1092 austere
565 1065 759 1098 corrigantur
766 1082 865 1090 ......
888 1062 941 1091 294

240 1099 329 1129 XLV.
339 1103 386 1131 De
393 1104 509 1140 duplici
519 1104 730 1140 pulcritudine
740 1104 865 1136 animae,

276 1146 305 1169 et
319 1145 450 1178 qualiter
469 1147 573 1173 anima
595 1146 732 1181 loquitur
749 1144 790 1172 ad
810 1145 869 1172 Dei

276 1183 413 1213 Verbum
423 1206 432 1219 ‚
455 1191 486 1214 et
500 1188 640 1215 Verbum
658 1187 697 1214 ad
711 1187 867 1220 animam;

276 1228 304 1251 et
322 1234 391 1260 quae
404 1228 466 1255 sint
479 1236 589 1256 eorum
603 1229 719 1264 linguae
725 1246 865 1255 ........
888 1227 941 1255 297

240 1264 344 1293 XLVI.
369 1267 414 1295 De
439 1272 518 1297 statu
532 1273 563 1297 et
577 1269 804 1305 compositione
823 1271 867 1295 to-

274 1307 334 1335 tius
353 1309 505 1338 Ecclesiae.
521 1311 600 1338 Item
611 1331 620 1344 ,
636 1310 794 1346 quomodo
809 1317 867 1346 per

274 1349 407 1377 activam
420 1351 526 1385 vitam,
541 1360 611 1387 quae
621 1354 678 1380 sub
689 1351 866 1380 obedientia

273 1390 374 1424 agitur
384 1411 392 1424 ‚
408 1394 612 1428 perveniatur
625 1394 665 1422 ad
678 1393 868 1428 contempla-

273 1432 370 1459 tivam
375 1452 860 1463 ...........................
882 1433 939 1462 500

239 1472 355 1501 XLVII.
370 1475 416 1502 De
431 1477 546 1512 triplici
561 1477 641 1505 ssore
653 1498 660 1510 ‚
675 1477 790 1504 scilicet
803 1476 866 1503 vir-

272 1514 423 1550 ginitatis,
439 1519 600 1555 martyrii,
614 1522 643 1546 et
653 1519 743 1545 bonae
755 1524 867 1552 opera-

273 1556 367 1585 tionis
380 1578 387 1589 ,
409 1562 439 1585 et
464 1559 504 1586 de
535 1559 699 1587 devotione
723 1559 866 1586 habenda

274 1597 354 1625 circa
368 1599 514 1626 divinum
524 1599 662 1627 officium
669 1618 785 1626 .......
792 1610 804 1626 ·.
814 1618 822 1626 .
832 1618 840 1625 .
849 1618 858 1626 .
881 1599 937 1628 505

237 1636 370 1666 XLVIII.
384 1640 430 1667 De
444 1640 539 1668 laude
551 1641 726 1676 reciproca,
743 1647 813 1675 quae
829 1640 865 1667 fit

272 1678 352 1706 inter
363 1687 512 1715 sponsum
526 1685 555 1709 et
568 1689 714 1716 sponsam
727 1690 735 1709 z
747 1685 776 1708 et
790 1689 865 1716 qua-

271 1720 343 1747 liter
356 1729 413 1756 per
428 1724 574 1751 umbram
588 1723 700 1750 Christi
713 1723 864 1759 intelliga-

271 1763 322 1788 tur
335 1769 447 1797 corpus
463 1769 492 1791 et
505 1764 582 1792 fides
597 1765 663 1800 ejus
671 1783 822 1791 .........
851 1784 859 1792 .
883 1765 937 1793 506

236 1800 342 1829 XLIX.
357 1804 495 1838 Qualiter
513 1814 568 1841 per
581 1806 802 1833 discretionem
815 1814 866 1833 or-

272 1842 397 1872 dinatur
412 1846 521 1874 caritas
532 1867 539 1878 ,
555 1849 590 1874 ut
604 1846 708 1874 omnia
723 1847 865 1874 membra

271 1884 412 1914 Ecclesiae
423 1907 430 1919 ‚
457 1886 491 1914 id
516 1891 562 1915 est
589 1888 693 1921 electi,
725 1888 863 1915 invicem

272 1926 455 1962 colligentur
460 1946 856 1955 .....................
881 1927 935 1956 509

234 1965 267 1992 L.
279 1966 324 1994 De
339 1968 457 2002 duplici
469 1969 608 2001 caritate,
620 1969 736 1996 scilicet
749 1969 863 1996 actuali

271 2011 298 2034 et
310 2009 482 2043 affectuali;
502 2015 531 2038 et
545 2010 612 2046 ejus
627 2011 855 2038 ordinatione..
879 2012 934 2038 512

235 2049 281 2075 Li.
306 2050 443 2085 Qualiter
459 2060 573 2088 sponsa
595 2054 670 2089 petit
691 2051 750 2080 sibi
770 2060 863 2080 accu-

270 2093 385 2119 mulari
413 2093 534 2121 fructus
553 2095 708 2122 bonorum
729 2101 863 2130 operum

272 2140 340 2159 sum
359 2133 490 2162 floribus
504 2138 532 2162 et
546 2136 757 2164 odoramentis
773 2136 860 2163 fide-i.

272 2173 347 2200 item
361 2175 398 2202 de
419 2184 472 2210 spe
488 2180 518 2203 et
531 2177 643 2204 timore
650 2195 858 2204 ............
881 2177 934 2204 51la

234 2213 295 2239 Ltt.
310 2214 355 2242 De
371 2224 497 2245 excessu
509 2218 563 2252 qui
579 2218 799 2254 contemplatio
815 2217 862 2244 di-

272 2255 360 2288 citur,
374 2257 407 2283 in
416 2266 475 2293 qua
487 2266 617 2294 sponsus
626 2259 694 2286 facit
702 2259 861 2294 quiescere

271 2295 410 2324 animam
433 2303 569 2326 sanctam
591 2308 650 2335 pro
673 2299 740 2335 ejus
757 2300 861 2335 quiete

272 2337 371 2365 zelans
378 2358 856 2368 ...........................
881 2341 934 2369 518

234 2376 311 2404 LIII.
327 2378 385 2406 Per
400 2383 519 2407 montes
540 2384 569 2408 et
585 2382 676 2409 colles
689 2381 861 2417 significari

274 2420 411 2448 coelestes
438 2421 580 2456 spiritus,
615 2430 692 2457 quos
714 2423 862 2450 transsilit

270 2469 399 2496 sponsus
412 2469 469 2496 per
482 2469 575 2490 suum
588 2463 620 2489 in
630 2467 727 2490 terras
743 2464 859 2491 adven-

271 2507 338 2529 tum
350 2523 357 2534 ‚
372 2509 428 2530 seu
441 2510 498 2538 per
513 2503 699 2540 mysterium
713 2504 859 2531 Incarna-

272 2543 364 2571 tionis
377 2551 441 2572 suae
448 2563 852 2571 .......................
877 2546 932 2573 520

234 2584 309 2610 LIV.
325 2584 464 2618 Qualiter
474 2588 594 2612 tantum
604 2592 658 2620 per
673 2588 792 2611 montes
799 2586 860 2620 sig-

271 2625 436 2653 nificantur
461 2626 568 2661 Angeli
593 2630 624 2653 et
643 2625 785 2653 homines
795 2646 801 2658 ,
829 2630 858 2653 et

272 2675 327 2701 per
346 2667 436 2694 colles
456 2666 622 2695 daemones.
646 2667 722 2693 Item
743 2666 782 2694 de
804 2666 859 2693 tri-

272 2708 344 2743 plici
370 2709 478 2736 timore
507 2716 570 2743 quo
593 2708 724 2743 quisque
746 2709 857 2736 timere

1015 451 1142 479 tentiam
1168 451 1264 487 possit
1287 452 1422 481 evadere
1445 453 1601 489 judicium

1014 492 1073 519 Dei
1079 511 1595 520 .............................
1620 493 1676 523 528

978 532 1052 561 LVI.
1071 534 1161 568 Quod
1173 538 1298 570 peccata
1311 538 1340 562 et
1352 535 1428 562 vitia
1439 538 1511 563 sunt
1523 539 1603 563 tam-

1013 583 1108 610 quam
1139 576 1272 611 parietes
1309 576 1483 604 mediantes
1520 576 1601 604 inter

1012 615 1113 643 Deum
1127 620 1156 644 et
1171 620 1364 650 peccatorem
1371 635 1597 644 ..............
1620 617 1676 645 550

976 655 1064 682 LVII.
1086 655 1132 682 De
1157 655 1386 683 visitationibus
1408 656 1537 683 Domini
1548 658 1602 684 ob-

1012 696 1191 729 servandis,
1213 697 1326 731 quibus
1348 697 1474 724 indiciis
1491 697 1541 724 vel
1560 698 1622 734 sig-

1011 737 1060 764 nis
1073 745 1118 765 eae
1130 737 1321 773 deprehendi
1337 737 1454 773 possint
1461 757 1596 764 ........
1620 737 1677 767 532

974 778 1095 805 LYIIII.
1124 778 1286 812 Quomodo
1311 786 1442 814 sponsus
1460 778 1602 805 hortatur

1008 827 1161 854 sponsam,
1174 820 1207 846 id
1220 823 1265 847 est
1278 820 1360 847 viros
1374 819 1527 855 perfectos
1537 839 1545 851 ‚
1561 819 1601 846 ad

1010 860 1152 895 regimen
1175 860 1443 896 imperfectorum.
1464 860 1543 887 Item
1563 860 1601 887 de

1009 903 1170 936 putatione
1183 902 1333 929 vitiorum
1347 902 1379 928 in
1392 902 1436 929 eis
1447 901 1600 934 facienda,

1008 946 1043 970 ut
1057 945 1186 970 virtutes
1206 946 1401 970 succrescant
1406 961 1597 969 ...........
1620 941 1675 969 536

974 984 1050 1010 LIX.
1064 984 1110 1011 De
1125 984 1291 1020 gemitibus
1312 983 1425 1010 animae
1445 983 1602 1017 suspiran-

1011 1025 1046 1051 tis
1056 1025 1094 1052 ad
1108 1025 1265 1052 coelestem
1275 1025 1407 1059 patriam
1416 1043 1424 1054 ‚
1432 1023 1507 1050 etde
1520 1031 1601 1050 com-

1009 1065 1209 1093 mendatione
1224 1065 1371 1093 castitatis
1387 1068 1416 1092 et
1430 1064 1600 1091 viduitatis.
1619 1064 1675 1092 51ιο

974 1107 1033 1133 LX.
1051 1107 1095 1133 De
1105 1106 1319 1134 incredulitate
1333 1105 1353 1133 J
1356 1105 1527 1137 udaeorum,
1540 1112 1602 1140 qua

1009 1148 1247 1183 compleverunt
1270 1154 1451 1174 mensuram
1472 1149 1600 1181 patrum

1008 1196 1139 1216 suorum
1160 1188 1331 1215 occidendo
1350 1187 1508 1214 Christum
1514 1205 1594 1213 .....
1618 1185 1674 1214 51ιᾶ

971 1230 1049 1258 LXI.
1065 1230 1226 1264 Quomodo
1233 1230 1368 1258 Ecclesia
1382 1229 1500 1265 reperit
1516 1228 1600 1256 divi-

1008 1272 1066 1299 tias
1084 1271 1201 1300 (livinae
1221 1271 1446 1299 misericordiae
1467 1271 1500 1297 in
1517 1269 1602 1297 fora-

1009 1312 1149 1340 minibus
1168 1313 1335 1340 vulnerum
1356 1312 1470 1339 Christi
1487 1314 1540 1340 :et
1561 1311 1601 1338 de

1007 1353 1189 1381 fortitudine
1222 1354 1398 1390 Martyrum
1413 1374 1422 1387 ,
1458 1361 1552 1389 quam
1581 1359 1599 1380 a

1008 1394 1130 1422 Christo
1144 1397 1333 1429 receperunt
1337 1412 1596 1421 ...............
1620 1392 1674 1420 51ιῖ

971 1436 1062 1463 LXII.
1075 1435 1158 1470 Quid
1170 1436 1208 1463 sit
1222 1436 1362 1462 animam
1379 1434 1505 1462 fidelem
1517 1442 1600 1462 com-

1008 1477 1126 1504 morari
1148 1477 1181 1503 in
1202 1476 1409 1504 foraminibus
1429 1479 1546 1510 petrae,
1567 1477 1599 1502 et

1007 1518 1083 1553 quid
1100 1518 1133 1545 in
1151 1518 1293 1546 cavernis
1307 1516 1462 1545 maceriae.
1476 1516 1523 1543 De
1537 1515 1601 1550 ,Dei

1009 1559 1166 1586 voluntate
1191 1559 1294 1594 potius
1320 1566 1416 1593 quam
1439 1557 1600 1592 majestate

1007 1599 1181 1627 scrutanda.
1217 1599 1359 1634 Denique
1391 1599 1430 1625 de
1461 1598 1599 1632 puritate

1006 1641 1119 1668 mentis
1145 1641 1318 1668 necessaria
1343 1639 1382 1667 ad
1403 1638 1599 1674 praedicatio-

1005 1689 1078 1709 nem
1095 1681 1236 1708 veritatis
1239 1696 1591 1707 ....................
1615 1678 1671 1706 550

969 1723 1076 1750 LXIII.
1090 1723 1136 1750 De
1156 1722 1249 1749 vinea
1261 1721 1332 1749 viro
1343 1721 1397 1757 pio
1409 1723 1439 1748 et
1452 1719 1597 1755 sapienti,

1007 1765 1040 1792 id
1055 1768 1099 1792 est
1111 1771 1167 1791 sua
1188 1764 1299 1798 cuique
1321 1763 1401 1794 vita,
1417 1769 1474 1789 seu
1490 1764 1596 1788 mente

1007 1809 1037 1833 et
1051 1806 1247 1837 conscientia,
1258 1804 1340 1832 serio
1355 1804 1482 1832 colenda
1492 1823 1499 1836 ,
1514 1806 1545 1830 et
1557 1802 1598 1830 de

1006 1848 1128 1875 duobus
1150 1847 1291 1881 vulpium
1312 1846 1497 1882 generibus;
1513 1841 1597 1871 scili-

1007 1891 1054 1915 cet
1073 1887 1286 1914 adulatoribus
1304 1891 1335 1914 et
1355 1885 1596 1916 detractoribus,

1007 1933 1037 1956 et
1061 1928 1099 1955 de
1123 1928 1344 1955 tentationibus
1368 1927 1596 1954 monachorum

1006 1971 1199 1998 novitiorum
1205 1987 1592 1997 ......................
1615 1968 1670 1996 553

969 2013 1072 2039 LXIV.
1083 2012 1129 2038 De
1142 2010 1362 2038 tentationibus
1369 2009 1596 2037 monachorum

1005 2056 1226 2089 provectorum
1240 2072 1247 2082 ‚
1267 2059 1342 2086 quas
1360 2051 1517 2087 patiantur
1531 2050 1598 2077 vul-

1004 2101 1060 2129 pes
1071 2113 1079 2126 ,
1095 2101 1150 2120 seu
1164 2092 1346 2119 tentationes
1361 2091 1460 2126 magis
1473 2089 1535 2118 sibi
1549 2090 1599 2116 in-

1004 2135 1107 2163 festas.
1124 2135 1201 2161 Item
1213 2134 1252 2161 de
1264 2133 1427 2165 haereticis,
1446 2131 1595 2168 vulpibus

1004 2176 1165 2208 Ecclesiae,
1183 2175 1342 2210 capiendis
1348 2191 1593 2201 ..............
1617 2173 1670 2201 556

968 2218 1101 2254 Epistola
1118 2216 1267 2244 Evervini
1282 2215 1440 2251 praepositi
1453 2213 1594 2241 steinfel-

1004 2258 1108 2286 deusis
1113 2273 1591 2285 ..........................
1615 2254 1670 2283 559

968 2299 1056 2327 LXV.
1068 2299 1115 2325 De
1125 2297 1326 2324 clandestinis
1337 2295 1506 2328 haereticis;
1521 2303 1596 2331 quo-

1005 2349 1076 2368 rum
1097 2342 1319 2376 praeposteram
1341 2337 1542 2372 religionem,
1565 2339 1596 2364 et

1004 2381 1144 2410 studium
1163 2378 1339 2406 occultandi
1355 2378 1504 2416 mysteria
1519 2384 1594 2410 sua,

1002 2431 1123 2452 necnon
1157 2422 1370 2449 scandalosum
1405 2420 1595 2447 feminarum

1003 2463 1243 2492 contubernium
1259 2461 1449 2498 praestringit
1455 2478 1592 2487 ........
1615 2459 1669 2488 562

968 2505 1072 2532 LXVI.
1109 2504 1156 2531 De
1187 2504 1346 2531 erroribus
1374 2501 1594 2530 haereticorum

1003 2546 1084 2573 circa
1093 2544 1229 2579 nuptias,
1243 2544 1431 2579 baptismum
1450 2541 1596 2577 parvulo-

1004 2595 1075 2614 rum
1087 2606 1094 2619 ,
1116 2586 1345 2620 purgatorium,
1367 2583 1522 2611 orationes
1537 2590 1594 2618 pro

1004 2628 1171 2659 defunctis,
1197 2630 1227 2654 et
1247 2626 1474 2655 invocationem
1500 2624 1592 2651 Sanc-

1003 2671 1106 2694 torum
1112 2682 1586 2695 ...........................
1611 2663 1665 2691 565

968 2708 1082 2735 LXVII.
1099 2708 1143 2735 De
1167 2707 1302 2735 mirabili
1323 2704 1437 2734 affectu
1457 2704 1592 2732 dilectio-

1835 2770 1846 2776 σ
1836 2752 1842 2755 v
1830 2666 1846 2721 Ρρὓῖ.
