1810 3073
296 210 357 240 466

295 265 354 295 citi
383 265 460 296 sunt
490 266 624 305 exigere
652 276 671 298 a
695 268 788 298 nobis
813 267 993 298 istiusmodi

293 311 457 349 primitias
477 313 628 352 spiritus,
663 323 735 353 quae
759 315 905 353 profecto
931 322 994 343 non

293 357 384 387 aliud
404 358 500 396 sunt,
522 367 619 397 quam
646 360 743 398 primi
771 361 804 390 et
830 359 994 397 purissimi

291 404 418 435 fructus
432 405 613 444 sapientiae.
623 405 715 442 Quod
727 406 815 435 enim
831 413 894 434 non
906 405 996 442 igno-

291 450 394 489 ratis,
419 451 517 481 Judas
536 451 672 481 laudans
687 451 741 480 vel
763 451 937 485 confitens,
961 449 995 478 et

290 495 435 526 Zabulon
447 497 668 527 habitaculum
684 495 895 533 fortitudinis,
910 496 995 533 Nep-

287 542 382 572 ‘talim
411 550 527 572 cervus
563 542 698 572 emissus
728 542 961 580 interpretatur

289 588 346 626 qui
359 588 515 618 nimirum
533 588 688 625 agilitatis
703 596 768 617 suae
785 587 923 617 saltibus
939 595 995 617 ex-

289 634 404 672 primit
435 630 636 672 speculantis
667 641 840 670 excessus,
874 632 934 663 sed
960 634 992 662 et

289 686 390 716 opaca
404 680 577 717 penetrare
588 687 759 709 nemorum
773 700 782 716 ,
804 680 842 709 ut
854 679 909 709 ille
922 687 993 709 sen-

288 732 405 762 suum,
435 724 617 754 consuevit.
647 725 774 754 Scimus
799 725 909 755 autem
937 724 990 763 qui

288 770 412 802 dixerit
425 779 433 800 τ
450 771 643 808 Sacrificium
658 772 759 802 laudis
779 770 992 809 honorificabil

289 825 352 846 me.

330 862 360 892 7.
377 862 498 892 Verum
506 861 540 892 ·si
556 869 622 892 non
637 861 686 892 est
708 862 853 900 speciosa
867 862 936 891 laus
957 861 992 891 in

287 915 344 937 ore
360 907 560 945 peccatoris3
585 915 693 936 nonne
716 905 992 944 pernecessariam

286 952 419 983 habetis
429 952 637 981 continentiae
645 952 813 988 virtutem,
825 959 885 988 per
896 959 991 988 quam

286 999 360 1036 fiat,
377 999 414 1028 ut
433 1006 497 1027 non
511 998 627 1035 regnet
642 998 815 1035 peccalum
832 997 865 1025 in
881 997 991 1026 vestro

285 1043 416 1073 mortali
432 1042 586 1081 corpore?
598 1044 692 1072 Porro
709 1042 910 1072 continentia
926 1050 991 1072 non
1006 1048 1008 1056 ⁴

284 1089 387 1120 habet
402 1089 556 1119 meritum
579 1089 665 1127 apud
685 1090 808 1125 Deum,
830 1096 902 1126 quae
923 1088 992 1126 glo·

284 1137 369 1166 riam
393 1135 532 1173 requirit
554 1135 740 1164 humanam.
762 1135 903 1172 Ideoque
927 1142 992 1164 nla-

287 1183 379 1212 xime
400 1190 482 1220 opus
498 1182 547 1211 est
562 1180 663 1210 etiam
675 1180 819 1218 puritate
834 1180 992 1211 intentio-

284 1229 349 1267 nis,
364 1236 427 1267 qua
436 1227 495 1258 soli
508 1235 600 1257 mens
611 1229 718 1256 vestra
733 1227 800 1257 Deo
813 1227 846 1256 et
860 1227 990 1265 placere

286 1276 443 1313 appetat,
476 1274 511 1303 et
538 1273 647 1303 valeat
675 1273 849 1302 inhaerere.
879 1274 989 1312 Neque

286 1321 378 1351 enim
394 1319 483 1350 aliud
495 1322 544 1350 est
558 1319 720 1349 inhaerere
735 1319 814 1356 Deo,
831 1327 927 1356 quam
940 1319 991 1348 vi-

285 1367 365 1396 dere
380 1367 504 1402 Deun13
522 1364 609 1403 quod
629 1365 705 1395 solis
725 1365 990 1396 mundicordibus

284 1412 447 1450 singulari
470 1411 627 1441 felicitate
644 1410 792 1440 donatur.
815 1412 874 1440 Cor
894 1419 988 1441 mun-

285 1459 363 1489 dum
378 1458 521 1488 habebat
540 1457 644 1487 David
655 1479 664 1494 ,
681 1457 736 1495 qui
752 1457 881 1487 dicebat
895 1459 962 1488 Deo
980 1467 987 1488 ε

285 1505 421 1535 Adhaesit
437 1505 544 1533 anima
558 1513 627 1533 mea
646 1505 714 1541 post
735 1505 774 1533 le.
796 1503 897 1541 Item,
913 1504 988 1534 Mihi

285 1553 389 1581 autem
402 1550 559 1580 adlice-rere
569 1552 634 1580 Deo
651 1549 763 1579 bonum
778 1551 832 1578 est.
842 1549 988 1580 Videndo

284 1596 483 1633 adhaerebat,
497 1596 531 1625 et
545 1594 739 1624 adhaerendo
751 1593 897 1624 videbat.
911 1595 988 1625 Ani-

284 1651 346 1672 111ae
355 1650 430 1680 ergo
442 1642 474 1671 in
487 1641 539 1670 his
552 1640 743 1671 exercitatae
755 1641 903 1671 coelestes
917 1650 987 1673 sese

283 1688 391 1718 nuntii
409 1687 587 1717 familiares
603 1686 762 1716 exhibent
781 1687 815 1716 et
831 1686 988 1725 frequen-

283 1736 355 1772 tes,
372 1733 553 1772 praesertim
578 1732 605 1761 si
629 1732 820 1770 frequenter
841 1735 987 1764 orantem

282 1779 516 1819 persenserint.
537 1779 617 1815 Quis
635 1777 723 1807 dabit
739 1778 821 1807 mihi
839 1786 902 1817 per
913 1788 986 1819 vos,

284 1836 303 1857 o
332 1826 466 1864 benigni
490 1824 675 1863 Principes,
697 1825 876 1862 petitiones
898 1818 1005 1857 meas‘

281 1873 487 1903 innotescere
503 1871 588 1909 apud
599 1870 796 1900 Deum3N0n
808 1872 895 1901 emm
907 1874 986 1912 Deo,

284 1919 338 1950 cui
355 1919 454 1949 etiam
469 1917 619 1956 cogitatio
634 1918 777 1947 hominis
795 1919 986 1959 confitetur,

284 1965 343 1995 sed
358 1965 444 2003 apud
463 1964 566 1994 Deum
577 1986 586 2002 ,
604 1963 666 1993 hoc
688 1964 737 1993 est
752 1963 831 2001 ipsis
842 1965 986 2002 quicum

283 2012 352 2041 Deo
367 2011 443 2040 sunt
453 2033 461 2048 ,
478 2011 544 2040 tam
557 2009 661 2039 beatis
675 2009 877 2048 Virtutibus,
890 2019 987 2049 quam

751 215 780 244 8.
800 213 1033 243 BERNARDI
1046 215 1245 245 'ABBATIS

1029 276 1168 306 cumque
1196 270 1393 308 colloquium
1424 271 1540 302 animae
1564 271 1601 303 in
1628 280 1727 303 earne

1028 313 1220 350 suspirantis
1245 323 1318 344 cum
1340 317 1526 346 coelestibus
1556 317 1728 354 potestati-

1028 356 1098 387 bus.
1115 358 1218 390 Gestit
1233 359 1267 389 in
1282 362 1401 398 oscula,
1415 363 1499 400 petit
1513 362 1598 400 quod
1614 362 1725 400 cupit3

1027 410 1090 431 non
1112 404 1222 434 tamen
1245 406 1390 435 nominat
1403 416 1500 444 quem
1522 409 1607 437 amat
1625 416 1632 436 :
1649 407 1727 444 quia

1027 447 1099 477 illos
1114 457 1206 479 nosse
1223 459 1285 480 non
1298 451 1443 489 dubitat,
1458 454 1571 490 utpote
1598 453 1637 482 de
1660 460 1723 490 quo

1010 498 1012 511 ³
1026 493 1087 522 sibi
1101 493 1252 534 frequens
1268 505 1341 526 cum
1357 497 1423 526 illis
1443 499 1545 528 soleat
1560 507 1628 528 esse
1649 505 1727 528 con-

985 549 992 569 :
1010 548 1011 562 1
1026 538 1194 570 fabulatio.
1208 543 1380 580 Propterea
1396 551 1460 573 non
1476 544 1575 581 dicit,
1593 544 1728 574 Oscule-

1010 585 1078 626 ¹tur
1092 593 1144 616 me
1160 586 1217 617 ille
1241 588 1296 618 vei
1320 588 1395 626 ille3
1416 589 1474 619 sed
1492 589 1650 620 Osculana·
1670 597 1726 618 me

1009 630 1151 661 'tantum
1172 641 1180 662 :
1195 634 1280 664 sicut
1291 634 1325 664 et
1339 634 1435 664 Maria
1460 635 1645 673 Magdalena
1660 641 1727 664 non

1024 677 1231 715 exprimebat
1253 688 1296 709 ex
1318 681 1452 711 nomine
1476 689 1573 719 quem
1598 687 1727 718 quaere-

1008 735 1009 772 ;
1023 725 1085 761 ret,
1101 724 1157 754 sed
1170 726 1296 755 tantum
1311 727 1420 756 aiebat
1432 726 1462 756 ei
1478 734 1574 765 quem
1588 724 1724 763 putabat

1008 783 1009 791 1
1024 768 1229 801 hortulanum
1242 780 1249 800 ε
1263 772 1725 809 Domine,sitususlulistieum.

1008 815 1125 852 *Quem
1151 817 1248 847 eum?
1269 819 1337 848 Non
1362 818 1486 857 aperit3
1515 818 1591 856 quia
1617 817 1728 854 palam.

1022 862 1173 893 omnibus
1187 872 1256 894 esse
1273 864 1394 903 credit,
1413 864 1500 903 quod
1519 872 1535 893 a
1551 870 1608 893 suo
1625 861 1725 892 corde

1023 914 1082 936 nec
1097 908 1136 937 ad
1151 910 1353 940 momentum
1370 910 1525 939 recedere
1540 908 1659 947 potest.
1675 907 1725 936 lta

1023 961 1097 990 ergo
1107 955 1141 984 et
1152 955 1212 985 ista
1223 956 1358 993 loquens
1365 956 1530 986 sodalibus
1540 954 1651 993 sponsi
1659 953 1723 991 sui,

1006 998 1185 1036 „tamquam
1202 1001 1339 1031 consciis
1354 1002 1386 1031 et
1405 1002 1524 1040 quibus
1539 1009 1573 1030 se
1588 999 1725 1030 noverat

1006 1039 1008 1045 '
1022 1046 1226 1076 manifestam
1237 1069 1245 1084 ,
1262 1048 1363 1078 tacito
1378 1048 1510 1077 nomine
1525 1046 1661 1084 repente
1688 1045 1724 1075 in

1006 1089 1091 1136 jliaec
1113 1092 1153 1121 de
1176 1093 1296 1123 dilecto
1320 1094 1421 1123 verba
1441 1091 1649 1131 prorumpit:
1667 1091 1726 1121 03-

1022 1136 1140 1166 caletur
1153 1146 1201 1167 me
1225 1139 1325 1168 osculo
1350 1140 1413 1169 oris
1433 1139 1492 1168 sui.
1510 1138 1557 1166 De
1580 1143 1642 1174 quo
1655 1135 1723 1173 jam

1022 1182 1130 1211 osculo
1146 1183 1221 1212 nolo
1241 1192 1299 1212 vos
1313 1183 1434 1213 diutius
1450 1181 1650 1221 protrahere,
1667 1180 1725 1211 sed

1022 1234 1169 1258 sermone
1210 1229 1351 1258 crastino
1389 1228 1532 1258 audietis
1564 1225 1724 1265 quidquid

1005 1274 1187 1322 Jorantihus
1211 1274 1303 1304 vobis
1329 1283 1504 1313 suggerere
1532 1273 1615 1303 mihi
1645 1272 1724 1302 inde

1021 1319 1206 1358 dignabitur
1220 1321 1332 1351 unctio
1359 1321 1478 1351 docens
1502 1319 1541 1349 de
1557 1318 1720 1348 omnibus.

1006 1366 1130 1405 *Neque
1144 1367 1232 1396 enim
1250 1367 1310 1397 hoc
1330 1368 1494 1397 secretum
1511 1364 1637 1395 revelat
1649 1371 1723 1394 caro

1005 1402 1055 1443 Jet
1079 1413 1208 1451 sanguis
1232 1422 1240 1442 ι
1265 1413 1323 1443 sed
1344 1413 1372 1442 is
1387 1412 1443 1451 qui
1464 1412 1627 1442 scrutatur
1646 1417 1723 1447 pro-

1021 1458 1120 1489 funda
1134 1459 1194 1489 Dei
1209 1459 1348 1497 Spiritus
1364 1459 1511 1495 sanctus,
1527 1457 1582 1495 qui
1596 1464 1614 1486 a
1628 1455 1723 1486 Patre

1004 1505 1166 1545 ,Filioque
1182 1506 1362 1544 procedens
1375 1527 1384 1544 ,
1402 1513 1475 1534 cum
1500 1504 1579 1542 ipsis
1600 1502 1723 1541 pariter

1004 1548 1104 1581 lvivit
1124 1552 1158 1583 et
1180 1553 1294 1591 regnat
1319 1552 1354 1581 in
1370 1551 1488 1582 saecula
1509 1550 1722 1587 saeculorum,

1002 1592 1127 1682 ⁵lamen.
1321 1648 1409 1652 —

1215 1699 1384 1734 SEmIO
1410 1699 1526 1731 VIII.

1002 1780 1168 1814 ,oQuomodo
1189 1788 1238 1812 per
1251 1781 1380 1804 osculum
1401 1780 1458 1803 oris
1476 1779 1528 1803 Dei
1544 1777 1719 1808 significatur

1047 1817 1168 1847 Spiritus
1190 1818 1314 1845 sanctus,
1340 1822 1424 1845 quem
1444 1814 1562 1837 Eri-lesia
1582 1812 1633 1836 sibi
1651 1813 1719 1843 petit

1048 1853 1110 1876 dari
1123 1852 1157 1876 ad
1170 1852 1298 1876 notitiam
1313 1853 1415 1875 sanctae
1429 1849 1583 1874 Trinitatis.

1002 1908 1006 1965 ξ
1058 1916 1087 1945 1.
1104 1916 1215 1945 Honm
1237 1914 1348 1950 vobis,
1371 1913 1455 1943 sicut
1476 1913 1628 1942 hesterna
1643 1919 1720 1949 pro-

1002 1963 1170 1996 imissione
1186 1961 1324 1999 tenetis,
1342 1960 1382 1990 de
1397 1967 1539 1997 summo,
1562 1958 1594 1987 id
1618 1958 1667 1987 est
1679 1958 1719 1987 de

1018 2008 1082 2038 oris
1101 2007 1229 2043 osculo,
1245 2006 1412 2044 disputare
1434 2004 1635 2043 propositum
1656 2003 1717 2032 est.

284 2066 380 2087 carne
397 2057 509 2086 solutis
524 2055 710 2093 Spiritibus.
727 2055 805 2092 Quis
820 2057 988 2088 suscitabit
1019 2053 1135 2083 Audite
1151 2053 1311 2082 attentius
1326 2051 1408 2090 quod
1426 2050 1509 2088 sapit
1523 2049 1671 2086 suavius,
1684 2048 1719 2087 et

283 2111 335 2132 me
353 2104 391 2133 de
408 2104 496 2132 terra
508 2102 651 2140 inopem,
666 2102 699 2131 et
715 2101 754 2131 de
766 2103 908 2133 stercore
925 2103 988 2132 eri·
1017 2101 1164 2138 gustatur
1186 2099 1310 2136 rarius,
1334 2099 1367 2127 et
1390 2096 1586 2134 intelligitur
1599 2095 1718 2124 diffici-

283 2151 337 2185 get
351 2157 527 2187 pauperem
540 2170 549 2185 ,
566 2149 603 2178 ut
617 2148 749 2177 sedeam
766 2156 840 2177 cum
864 2148 988 2186 princi-
1002 2175 1004 2182 ,
1018 2147 1091 2176 11115.
1114 2145 1193 2175 Mihi
1210 2144 1342 2174 videtur
1358 2142 1408 2182 (ut
1429 2143 1524 2180 paulo
1546 2141 1643 2170 altius
1668 2141 1719 2169 in-

282 2194 380 2232 pibus
392 2216 400 2231 ,
417 2195 451 2223 et
475 2194 593 2223 solium
617 2193 727 2231 gloriae
748 2193 898 2223 teneam?
919 2195 987 2223 Non
1018 2192 1144 2229 choem)
1159 2189 1323 2220 ineffabile
1335 2188 1494 2227 quoddam
1510 2187 1607 2224 atque
1623 2186 1720 2216 inex-

282 2240 409 2277 ambigo
429 2240 508 2277 quin
523 2240 689 2277 gratanter
705 2239 737 2268 in
759 2239 881 2277 palatio
897 2240 988 2269 colli·
1002 2266 1003 2271 ,
1018 2240 1146 2278 perium
1163 2236 1250 2266 omni
1272 2235 1429 2265 creaturae
1445 2233 1590 2263 osculum
1610 2232 1719 2270 desig-

283 2287 383 2323 gant,
409 2293 507 2322 quem
530 2285 702 2322 dignanter
724 2284 758 2314 in
781 2285 986 2323 sterquilinio
1018 2292 1132 2321 nasse,
1147 2282 1203 2321 qui
1218 2282 1264 2311 ait
1279 2290 1287 2310 :
1305 2282 1402 2311 Nemo
1425 2280 1506 2309 norit
1521 2279 1633 2308 Filium
1658 2278 1719 2308 nisi

283 2330 428 2359 visitant.
442 2330 589 2367 Denique
606 2330 705 2360 laetati
718 2331 791 2360 sunt
805 2331 843 2360 de
854 2339 987 2361 conver-
1001 2335 1003 2368 1
1019 2332 1133 2368 Pater-3
1153 2331 1180 2358 et
1191 2336 1280 2358 nemo
1296 2327 1377 2356 norit
1391 2327 1517 2355 Patrem
1532 2324 1592 2354 nisi
1603 2324 1719 2361 Filius,

283 2376 394 2413 alone3
419 2376 452 2405 et
476 2375 510 2404 in
535 2375 756 2414 assumptione
784 2384 849 2406 non
872 2384 986 2415 agnos-
1018 2378 1071 2406 aut
1099 2377 1148 2406 cui
1172 2374 1301 2405 voluerit
1326 2372 1424 2402 Filz'us
1448 2371 1593 2400 revelare.
1622 2369 1717 2399 Pater

286 2421 379 2451 cent?
1019 2423 1106 2452 enim
1122 2421 1230 2458 diligit
1244 2419 1381 2455 Filium,
1397 2418 1430 2447 et
1445 2415 1599 2454 singulari
1614 2415 1714 2445 dilec-

322 2467 353 2497 8.
370 2468 434 2496 Hos
446 2466 554 2504 itaque
569 2466 648 2503 puto
664 2465 750 2496 inter
765 2467 922 2497 orandum
938 2468 987 2498 al-

284 2514 373 2552 loqui
385 2521 548 2551 sponsam,
561 2513 592 2541 et
605 2512 694 2549 ipsis,
704 2513 869 2550 tamquam
877 2515 984 2551 sponsi

284 2559 471 2589 domesticis
505 2567 542 2588 ac
575 2557 758 2595 sodalibus,
786 2558 985 2588 desiderium

284 2606 390 2635 cordis
412 2605 462 2635 sui
476 2604 623 2643 aperire,
639 2612 714 2633 cum
740 2603 786 2633 ait
802 2612 810 2632 ι
827 2605 986 2634 Osculelur

286 2661 332 2682 me
347 2652 447 2683 osculo
457 2652 519 2682 0r1‘s
529 2651 588 2682 sui.
598 2649 638 2681 Et
648 2649 723 2681 vide
732 2649 893 2680 familiare
907 2649 986 2680 ami-

1019 2468 1105 2497 tione
1127 2465 1358 2504 amplectitur,
1379 2471 1523 2494 summus
1539 2461 1714 2500 aequalem,

1001 2526 1003 2531 ·
1018 2515 1158 2544 aeternus
1173 2512 1382 2547 coaeternum,
1394 2517 1477 2539 unus
1492 2507 1637 2537 unicum.
1654 2506 1717 2536 Sed

1019 2559 1107 2589 enim
1123 2566 1189 2588 non
1204 2557 1321 2586 minori
1338 2556 1406 2594 ipse
1421 2563 1439 2584 a
1454 2553 1534 2583 Filio
1542 2551 1715 2587 ‚affectione

1019 2604 1232 2641 adstringitur
1247 2611 1255 2632 ε
1271 2602 1393 2640 quippe
1418 2608 1476 2639 pro
1492 2598 1585 2635 cujus
1605 2605 1714 2627 amore

1020 2650 1053 2681 et
1074 2650 1231 2685 moritur,
1258 2648 1327 2686 ipso
1352 2645 1525 2677 attestante
1546 2652 1618 2675 cum
1643 2644 1713 2674 ait:
