1810 3073
475 198 532 228 DE
554 192 766 227 DIVERSIS
790 192 937 222 SERMO
959 195 1045 224 CXI.

61 250 172 294 gentis
195 253 302 287 nostra
325 259 424 293 quam
447 250 641 291 multiplex!
655 249 760 280 Etiam

62 303 169 334 verbis
181 310 259 341 opus
271 298 438 330 habemus.
450 299 489 329 Et
503 307 578 329 cum
587 298 759 334 utrumque

62 349 106 379 sit
124 348 297 384 miserum,
308 354 373 376 non
390 345 458 382 jam
473 345 594 375 mirum
610 342 697 383 quod
710 342 762 371 in-

61 393 112 424 ter
124 401 182 422 nos
196 400 205 421 :
220 390 341 421 mirum
358 390 462 429 magis
474 411 485 429 ,
506 389 593 428 quod
607 388 706 418 etiam
721 384 762 416 ad

59 447 117 469 nos
131 438 226 476 ipsos.
239 437 337 468 Nemo
350 438 406 467 scit
418 445 486 475 ‹11⁴ae
496 436 612 467 suntin
625 432 760 468 homine,

59 485 121 515 nisi
129 484 254 522 spiritus
269 482 401 513 hominis
416 483 469 521 qui
479 483 521 513 est
532 481 648 519 inipso.
659 478 761 509 Chaos

60 537 213 569 magnum
235 528 322 559 inter
345 536 403 558 nos
427 528 590 557 firmatum
605 524 671 562 est,
695 522 759 553 nisi

61 573 307 605 interveniente
331 572 424 612 quasi
443 568 662 602 instrumento
684 575 761 598 ver-

59 620 175 650 borum
186 620 241 649 fiat
255 619 296 649 ad
310 618 454 649 invicem
464 615 621 647 transitus
628 612 761 652 quidam

61 665 207 696 cordium
223 665 256 695 in
278 662 571 695 communicatione
593 657 762 698 cogitatio-

60 720 150 743 num.
163 713 230 742 Hac
245 709 439 741 necessitate
451 707 585 737 inventa
601 704 677 736 sunt
687 712 762 735 ver-

61 758 103 788 ba
117 765 126 788 :
141 758 214 796 quis
231 753 376 786 nesciat?
394 752 631 783 Verumtamen
647 749 681 780 et
703 756 761 778 nos

59 803 146 840 ipsos
166 801 275 833 verbis
295 800 362 838 J'am
390 798 512 837 alloqui
530 803 664 827 necesse
689 794 759 832 est,

59 849 169 878 Nonne
196 849 261 878 Deo
285 845 420 883 subjecta
446 845 507 875 eris
535 844 643 874 anima
669 839 761 871 mea?

59 892 218 931 Propheta
250 891 319 922 ait:
336 891 384 922 Ab
415 892 480 929 ipso
511 891 594 920 enim
623 887 761 918 salutare

58 947 173 970 meum.
189 938 226 968 Et
241 938 295 968 cui
319 945 385 967 non
413 935 606 975 frequenter
625 939 759 964 necesse

60 984 110 1015 est
123 983 265 1014 animam
290 990 444 1013 revocare
471 989 582 1019 suam,
603 978 760 1010 advocare

58 1030 217 1060 rationem
235 1037 344 1067 suam,
361 1036 434 1059 suos
460 1034 640 1058 convocare
664 1024 762 1054 affec-

59 1074 136 1106 tus?
149 1075 207 1106 Cui
230 1083 297 1105 non
317 1082 398 1113 opus
412 1073 463 1104 est
488 1071 604 1103 crebro
617 1069 761 1108 seipsum
777 1084 778 1087 =

58 1121 238 1151 convenire
272 1120 384 1151 verbis
395 1141 405 1158 ,
433 1118 607 1156 increpare
643 1115 760 1154 minis,

58 1167 234 1197 sollicitare
249 1165 381 1196 monitis
393 1187 402 1203 ‚
415 1172 532 1202 urgere
547 1161 762 1193 accusationi-

59 1212 144 1243 bus?
170 1212 256 1250 Quin
285 1213 385 1242 etiam
412 1210 594 1241 ratiociniis
623 1208 761 1239 suadere

59 1259 195 1298 expedit
210 1267 219 1288 t
235 1259 330 1297 quale
353 1258 420 1296 est,
435 1257 483 1288 Ab
495 1258 558 1295 ipso
574 1256 657 1286 enim
676 1255 763 1285 salu-

58 1307 126 1337 tare
152 1314 255 1336 meum
279 1315 290 1335 .·

57 1352 154 1390 juxta
167 1351 250 1382 illud
261 1373 270 1390 ,
285 1353 386 1391 Quare
408 1351 502 1381 tre‘stis
517 1357 547 1380 es
563 1350 671 1379 anima
678 1356 760 1383 mea,

59 1491 326 1529 meaDomz‘num5
343 1489 377 1519 et
405 1494 651 1526 nonnumquam
684 1484 761 1515 dili-

59 1538 188 1576 gentius
204 1543 410 1566 commonere
427 1535 467 1565 de
486 1534 605 1573 quibus
619 1531 759 1571 oportet,

59 1584 97 1614 ut
111 1583 171 1621 est,
192 1583 322 1613 Benedz'c
338 1583 445 1611 anima
471 1589 541 1611 mea
562 1580 695 1610 Domino
707 1598 718 1614 ,
733 1578 761 1607 et

59 1630 124 1660 noli
148 1628 282 1659 oblivisci
310 1636 415 1658 omnes
438 1626 657 1657 retributiones
681 1622 757 1661 ejus.

59 1675 180 1713 Nempe
206 1682 261 1704 cor
284 1681 396 1703 meum
424 1671 603 1710 dereliquit
629 1677 701 1707 1116,
727 1668 759 1698 et

59 1774 113 1796 me
142 1766 282 1795 3116111111
310 1764 411 1802 loqui.
436 1764 543 1801 Atque
568 1763 601 1792 id
626 1760 761 1791 interim

58 1811 149 1842 tanto
171 1810 329 1848 amplius,
345 1809 466 1848 quanto
481 1809 590 1839 minus
611 1815 684 1838 sum
707 1806 761 1837 ad-

59 1857 124 1887 1136
139 1865 290 1886 reversus
309 1856 349 1885 ad
371 1864 437 1893 cor,
460 1863 612 1886 reversus
637 1854 672 1885 in
686 1861 738 1883 me
751 1874 760 1890 ,

59 1903 171 1933 unitus
185 1902 327 1940 denique
343 1901 425 1931 mihi
442 1901 515 1939 ipsi.
537 1901 618 1931 Nam
639 1909 682 1930 116
710 1900 762 1930 in-

62 1949 170 1980 vicem
185 1947 319 1986 quidem
335 1947 398 1977 erit
410 1947 478 1984 13111
493 1947 603 1978 verbis
623 1947 686 1985 uti,
703 1945 760 1976 ubi

59 1993 94 2025 in
120 2002 222 2024 unum
248 1993 362 2031 utique
375 1993 483 2024 virum
508 1993 692 2032 perfeetum
710 2002 761 2024 oc-

60 2048 228 2071 curremus
240 2048 364 2069 omnes.
379 2039 570 2078 Opportune
586 2040 761 2078 1311311111-

60 2094 131 2124 guae
142 2085 312 2115 cessabunt
325 2093 334 2123 3
351 2093 413 2116 nec
427 2086 556 2116 medius
574 2086 761 2125 requiretur

60 2132 222 2170 interpres
236 2153 246 2169 ,
276 2131 336 2161 ubi
368 2139 472 2170 usque
506 2132 589 2163 adeo
615 2133 761 2164 medium

61 2185 156 2209 omne
180 2178 315 2208 caritate
337 2179 552 2209 constraverit
572 2179 629 2209 ille
646 2180 762 2210 unicus

61 2225 227 2262 Mediator,
240 2225 321 2254 utet
334 2233 394 2255 nos
405 2225 439 2254 in
452 2233 557 2254 unum
569 2225 644 2256 sacti
661 2226 762 2256 simus

60 2271 96 2301 in
107 2271 198 2310 ipsis,
213 2271 270 2309 qui
281 2279 360 2302 vere
376 2271 641 2311 sempiterneque
658 2281 762 2304 unum

60 2318 229 2393 {ffit,tlgeo
242 2317 355 2356 Patre,
370 2318 404 2349 et
418 2317 487 2357 ipso
507 2317 645 2350 Domino
668 2319 763 2351 Jesu-

123 2371 151 2394 15
186 2383 197 2393 .

259 2464 427 2498 SERMO
457 2465 560 2500 CXI.

64 2540 104 2567 De
115 2539 185 2567 Fide
198 2539 255 2563 vita
272 2541 296 2563 ci
317 2540 444 2563 moribus
461 2541 653 2570 contestanda;
667 2549 710 2567 seu
730 2543 763 2567 de

168 2582 213 2599 sex
224 2576 386 2600 testimoniis
401 2576 457 2599 Deo
471 2576 657 2606 perhibendis.

106 2639 134 2670 1.
145 2640 323 2671 AETERNAM
333 2640 607 2682 coelestispatriae‚
617 2640 657 2673 ad
665 2651 762 2682 quam

313 1305 347 1336 et
377 1303 537 1335 consolari
567 1286 778 1340 aliquando,¹

792 247 901 278 nostra
926 248 1147 288 peregrinatio
1173 250 1331 292 suspirat,
1354 255 1492 287 felicita-

792 293 871 331 tem,
881 294 912 324 et
925 303 942 324 6
956 294 1066 325 contra
1075 294 1232 333 gehennae
1242 298 1370 334 paratos
1382 301 1490 339 impiis

791 338 972 378 cruciatus,
1001 348 1132 370 omnem
1164 341 1326 373 excedere
1356 344 1491 376 humani

789 392 855 415 non
869 386 964 416 modo
979 386 1124 425 corporis
1143 395 1275 418 sensum
1286 409 1296 425 ‚
1311 389 1368 419 scd
1392 392 1490 422 etiam

790 430 994 462 intellectum
1010 432 1115 462 cordis
1126 455 1136 471 ,
1151 441 1249 463 nemo
1270 433 1420 474 dubitat,
1435 438 1492 474 qui

790 476 844 506 vel
858 477 992 507 nomine
1008 477 1102 507 tenus
1117 477 1160 507 sit
1175 478 1293 508 fidelis.
1306 478 1410 518 Atque
1426 481 1491 510 uti-

789 530 864 552 nam
879 522 1008 554 viveret
1031 522 1066 552 111
1089 523 1240 554 omnibus
1260 524 1342 555 fides
1364 525 1445 564 ista,
1459 527 1494 557 et

791 568 1036 607 credulitatem,
1050 568 1088 599 ut
1110 569 1245 607 dignum
1268 569 1360 608 erat,
1373 579 1492 609 seque-

789 614 901 652 retur3
929 612 1007 644 hinc
1024 613 1158 653 quidem
1179 614 1399 654 desiderium,
1415 616 1493 646 inde

790 660 897 691 timor!
913 660 999 698 Quid
1023 661 1072 691 est
1093 661 1183 691 enim
1195 683 1204 700 ,
1220 661 1307 700 quod
1324 670 1389 692 non
1401 663 1493 701 opta-

790 715 862 737 mus
877 706 977 738 etiam
1001 715 1062 746 per
1088 707 1214 738 medios
1230 716 1348 747 enses,
1364 709 1439 748 aut,
1464 709 1493 740 si

789 754 949 792 oporteat,
965 753 1115 784 semiusti
1131 754 1299 786 declinare
1324 755 1492 787 miseriam

789 799 929 839 tantam,
945 800 979 830 et
999 800 1041 830 ad
1058 799 1184 830 tantam
1208 802 1393 832 accelerare
1421 802 1492 841 glo-

788 846 890 885 riam,
915 846 980 877 nisi
1010 846 1096 885 quod
1130 846 1333 878 insensibilis
1364 848 1431 887 est,
1457 848 1494 878 et

789 894 915 923 mortua
939 893 1019 923 fides
1039 892 1168 923 nostra?
1189 893 1324 925 Accedit
1347 902 1427 925 sane
1453 894 1493 924 ad

789 939 955 969 cumulum
978 938 1182 970 infelicitatis
1214 939 1329 971 salutis
1352 940 1494 979 impedi-

789 986 956 1024 mentum,
969 985 1175 1016 occasionem
1193 985 1390 1025 perditionis
1417 995 1494 1017 nos-

789 1031 859 1070 trae,
876 1032 961 1071 quod
977 1031 1011 1061 in
1027 1031 1241 1062 aestimatione
1262 1032 1396 1071 quidem
1419 1033 1495 1063 finis

789 1078 960 1117 utriusque
985 1078 1114 1108 affectio
1140 1078 1251 1108 nostra
1277 1078 1403 1116 judicio
1427 1087 1494 1110 non

790 1126 970 1163 consentit3
994 1124 1051 1155 sed
1078 1124 1115 1154 in
1141 1124 1401 1156 consideratione
1422 1127 1495 1157 via-

789 1180 863 1202 rum
883 1180 925 1202 ne
949 1171 1057 1210 ipsum
1077 1170 1213 1208 quidem
1240 1171 1320 1201 satis
1343 1171 1495 1203 tenemus

788 1217 949 1255 judicium
969 1217 1131 1247 veritatis.
1147 1217 1212 1247 Nec
1227 1217 1347 1248 mirum
1362 1218 1389 1248 si
1403 1219 1495 1249 nulla

789 1263 949 1295 virtutum
965 1263 1185 1293 delectatione
1200 1264 1354 1294 movetur
1364 1264 1494 1295 deside-

790 1308 888 1346 rium,
905 1307 992 1346 quod
1006 1308 1106 1337 etiam
1121 1307 1209 1338 circa
1222 1308 1314 1338 illam
1335 1310 1494 1341 aeternam

58 1401 88 1430 et
99 1408 195 1438 quare
205 1397 369 1428 comm-bas
384 1405 431 1426 me
445 1395 458 1425 ?
470 1395 504 1426 et
525 1394 691 1425 interdum
706 1401 762 1424 ve-
776 1376 778 1412 l'
790 1354 1028 1385 beammlmem
1057 1353 1164 1391 torpet
1177 1375 1186 1391 ⁹
1213 1354 1272 1384 ant
1299 1363 1327 1385 Sl
1351 1363 1495 1393 praesen-

60 1447 110 1476 lut
125 1444 271 1475 excitare
284 1465 294 1482 ,
317 1443 350 1473 61
370 1443 498 1479 dicere,
523 1441 635 1472 Lauda
653 1440 760 1470 anima
776 1448 778 1478 ¹,

790 1402 856 1431 tem
881 1408 947 1431 non
970 1399 1091 1430 metuit
1106 1400 1359 1431 amaritudinem
1377 1410 1495 1440 pecea-

790 1447 896 1476 torum
906 1466 917 1482 ,
932 1445 988 1484 qui
1003 1453 1045 1474 116
1061 1444 1132 1483 ipsa
1147 1444 1281 1483 quidem
1296 1448 1409 1484 parata
1423 1447 1494 1477 dia-

789 1492 863 1522 bolo
884 1491 918 1522 et
934 1490 1058 1530 angelis
1080 1489 1152 1528 ejus
1181 1493 1304 1522 aeterna
1332 1493 1494 1533 supplicia

776 1541 777 1579 ᾖ
789 1538 1004 1576 pertimescit.
1016 1537 1083 1567 Nisi
1098 1537 1227 1575 quodin
1239 1538 1364 1569 caeteris
1380 1540 1494 1579 utique

790 1583 1018 1614 consuevimus
1033 1583 1116 1621 ipsa,
1132 1590 1270 1621 quorum
1284 1584 1425 1615 vicinior
1437 1594 1494 1615 no-

790 1630 840 1660 his
853 1629 1059 1667 experientia
1074 1629 1141 1666 est,
1163 1629 1224 1659 etsi
1246 1629 1341 1667 longe
1365 1631 1493 1662 minora

776 1676 875 1714 tsunt,
889 1675 1118 1706 vehementius
1130 1676 1163 1705 et
1174 1675 1318 1712 jucunda
1326 1678 1494 1717 appetere,

59 1728 194 1751 necesse
214 1720 319 1750 habeo
338 1719 378 1748 ad
393 1719 556 1756 meipsum
572 1738 582 1754 ,
605 1717 706 1747 immo
721 1713 761 1743 ad
776 1720 777 1732 ¹

792 1724 824 1754 et
839 1722 1011 1752 formidare
1027 1722 1174 1752 molesta.

831 1768 862 1798 2.
879 1768 963 1798 Illud
978 1767 1055 1797 satis
1068 1767 1182 1797 mirari
1196 1775 1336 1807 nequeo,
1346 1777 1404 1800 cur
1416 1769 1495 1801 fides

791 1815 899 1844 nostra
920 1814 955 1843 111
976 1813 1196 1852 praesentibus
1210 1814 1348 1852 titubat,
1366 1824 1438 1854 quae
1454 1817 1494 1845 (ie

792 1860 910 1891 futuris
925 1862 991 1890 tam
1004 1859 1092 1889 certa
1104 1859 1246 1889 videtur.
1271 1860 1325 1891 Sic
1336 1860 1420 1892 fatui
1433 1862 1495 1892 filii

791 1906 891 1935 Adam
906 1914 971 1936 non
984 1905 1169 1942 judicantes
1181 1913 1311 1944 ,neque
1335 1908 1421 1946 quod
1435 1916 1495 1938 ve-

793 1961 864 1982 rum
880 1953 930 1982 est
952 1951 1197 1989 discernentes,
1213 1960 1286 1982 cum
1307 1955 1494 1992 promissio*

792 2008 850 2029 nes
874 1997 1022 2028 habeatis
1046 1998 1124 2028 vitae
1141 1997 1213 2035 ejus
1236 2007 1310 2037 quae
1324 2008 1413 2032 nunc
1431 2004 1492 2041 est,

792 2044 914 2083 pariter
930 2045 964 2075 et
978 2044 1116 2082 futurae,
1131 2044 1166 2073 in
1181 2052 1219 2074 63
1234 2053 1331 2083 quam
1345 2047 1494 2085 protinus

794 2092 841 2121 est
867 2090 1031 2130 experiri,
1058 2090 1193 2120 omnino
1221 2090 1406 2125 incredulos
1436 2103 1494 2125 vos

794 2138 960 2168 exhibetis
984 2137 1017 2167 et
1046 2135 1213 2175 infideles,
1234 2138 1271 2168 ut
1289 2139 1398 2177 palam
1421 2140 1494 2172 fieri

794 2184 956 2221 videatur,
971 2181 1102 2212 nonnisi
1117 2182 1158 2211 ad
1173 2183 1341 2214 cumulum
1358 2185 1493 2217 damna-

794 2230 891 2260 tionis
904 2229 1053 2259 relietam
1068 2227 1160 2258 vobis
1174 2228 1272 2259 fidem
1287 2229 1405 2262 futurae
1418 2240 1495 2271 pro-

794 2274 975 2306 missionis?
996 2274 1139 2312 ldipsum
1173 2282 1251 2304 sane
1286 2276 1494 2309 considerare

796 2323 892 2352 estet
915 2322 956 2352 de
978 2319 1242 2350 comminatione.
1263 2321 1377 2353 Nonne
1405 2325 1492 2355 enim

797 2368 882 2398 idem
897 2366 980 2406 ipse,
994 2365 1050 2404 qui
1066 2365 1214 2403 paratum
1239 2367 1355 2397 asserit
1380 2368 1495 2399 electis

798 2421 930 2452 regnum
940 2434 950 2452 ,
965 2411 1114 2450 reprobis
1128 2411 1252 2450 ignem,
1263 2412 1380 2444 eodem
1394 2423 1449 2445 ore
1461 2416 1494 2445 ot·

798 2460 911 2490 eadem
936 2458 1078 2490 veritate
1105 2457 1256 2496 testatur,
1285 2458 1431 2489 laborare
1460 2461 1493 2490 (τ’,

796 2505 947 2537 63613165
972 2512 1062 2542 6556,
1090 2504 1290 2543 quicumque
1321 2504 1361 2535 ad
1386 2505 1492 2543 ipsum

796 2561 860 2584 non
881 2551 1041 2583 accedunt
1056 2550 1269 2582 :accedentes
1293 2550 1402 2581 autem
1428 2559 1491 2581 non

797 2597 997 2635 defecturos,
1008 2597 1046 2627 ut
1061 2596 1111 2626 est
1125 2595 1301 2634 trepidatio
1321 2594 1493 2632 pusillani-

779 2644 920 2675 ,mitatis
949 2643 1116 2680 humanae,
1144 2640 1201 2672 sed
1228 2639 1416 2673 reficiendos
1454 2643 1492 2672 :li
