1830 3073
241 220 283 250 53

241 274 331 313 dala,
345 273 403 305 sed
417 282 478 305 nec
492 281 603 304 sumus
617 274 651 304 in
668 274 724 304 illa
744 274 840 303 beata
855 273 938 303 civi-

237 319 307 350 tate
317 341 328 357 ,
342 320 434 358 cuius
453 319 532 350 fines
542 327 656 358 pacem
677 320 786 357 posuit
798 319 885 347 Deus
900 326 908 346 :
924 317 936 355 )

238 366 412 405 propterea
426 365 626 404 impossibile
651 365 699 395 est
726 364 780 393 hic
795 364 829 393 et
843 362 937 392 modo

237 419 353 450 pacem
379 411 466 442 inter
492 419 550 442 nos
579 409 763 440 conservari
788 408 937 445 omnino,

237 457 302 488 nisi
323 457 358 488 et
376 457 404 488 is
422 457 478 496 qui
504 457 539 486 in
563 456 668 494 aliquo
697 454 780 484 sorte
805 453 938 484 offendit

238 502 441 542 proximum,
463 503 639 533 animosam
656 500 848 536 elationem3
864 500 897 528 et
910 498 937 528 is

239 549 298 587 qui
325 549 462 579 offensus
497 549 563 585 est,
592 546 802 576 nihilominus
826 545 936 576 caveat

237 593 476 624 inexorabilem
498 591 758 622 obstinationem.

275 639 310 669 ὅ.
327 639 517 670 Studeamus
533 639 639 674 itaque
650 659 659 674 ,
670 636 797 665 Fratres
807 634 872 665 mei
884 656 892 672 ,
906 635 938 665 et

237 685 380 715 humiles
394 685 432 714 ad
447 682 708 714 satisfaciendum
724 682 794 720 his,
810 681 865 720 qui
881 681 939 711 ali-

239 730 317 768 quid
328 731 448 760 habent
460 729 630 759 adversum
641 736 698 758 nos
711 736 719 765 ς
733 729 766 758 et
778 728 818 757 ad
828 727 938 757 remit-

238 777 372 806 tendum
386 777 454 814 his,
469 775 525 813 qui
551 774 755 804 offenderunt
769 782 844 811 nos,
861 773 938 803 faci-

239 824 287 853 les
315 821 456 852 inveniri
474 821 575 859 :quia
599 829 665 850 non
687 820 791 850 solum
817 822 938 849 mutuae

239 869 325 898 iuter
345 875 401 897 nos
425 866 514 905 pacis
529 866 730 897 conservatio
756 865 880 896 constat
904 864 936 894 in

239 914 289 942 his
304 912 444 949 duobus,
455 912 512 942 sed
527 920 587 942 nec
602 912 672 950 ipsa
686 919 812 950 quoque
828 910 935 940 divina

238 959 307 987 sine
336 957 387 987 his
412 957 601 996 propitiatio
629 957 750 996 poterit
776 957 935 994 obtineri,

238 1001 322 1039 quod
349 1009 411 1032 nec
439 1010 555 1032 munus
580 1003 620 1032 ab
646 1011 684 1032 eo
712 1002 867 1040 recipiat,
881 1003 937 1041 qui

238 1055 300 1076 non
326 1047 417 1085 prius
432 1047 510 1078 ierit:
530 1048 568 1077 ut
583 1047 675 1078 fratri
690 1049 936 1086 reconcilietur3

239 1094 271 1122 et
285 1092 453 1123 dimissum
469 1094 568 1123 etiam
583 1094 731 1123 debitum
756 1094 795 1123 ab
820 1101 858 1123 eo
873 1094 939 1124 dis-

241 1137 366 1168 trictius
379 1138 510 1176 exigat,
526 1138 582 1176 qui
608 1146 761 1169 conservo
777 1146 834 1168 suo
849 1138 940 1168 debi-

239 1184 307 1210 tum
335 1190 401 1211 non
425 1183 578 1213 remittit.
596 1183 668 1212 Jam
691 1183 717 1212 si
744 1183 877 1213 manent
904 1183 938 1213 in

237 1227 331 1257 nobis
343 1228 469 1265 justitia
480 1250 490 1266 ,
504 1237 586 1267 pax,
603 1230 635 1259 et
651 1228 803 1266 gaudium
819 1229 853 1258 in
867 1228 939 1267 Spi—

237 1273 305 1303 ritu
319 1274 426 1303 sancto
438 1297 448 1312 ,
462 1275 526 1304 tria
540 1275 627 1312 haec3
642 1282 707 1304 non
727 1274 819 1311 quasi
835 1274 939 1304 securi

238 1318 339 1348 simus
353 1327 410 1357 pro
439 1327 477 1349 eo
501 1320 587 1358 quod
610 1327 746 1357 regnum
770 1320 830 1349 Dei
854 1320 939 1350 intra

239 1371 298 1393 nos
313 1365 379 1402 est,
394 1365 452 1395 sed
467 1373 505 1395 eo
529 1365 631 1403 magis
646 1365 680 1394 in
694 1365 809 1395 timore
825 1365 858 1394 et
873 1366 940 1395 tre-

238 1416 327 1439 more
342 1411 482 1440 nostram
496 1410 639 1448 ipsorum
663 1411 799 1440 salutem
824 1418 940 1449 opere—

239 1463 312 1484 mur
320 1477 330 1492 ,
346 1456 486 1486 scientes
497 1456 650 1486 nimirum
660 1478 669 1493 ,
681 1456 765 1494 quod
776 1456 861 1486 hunc
871 1458 941 1487 tan-

237 1507 306 1533 tum
323 1504 510 1535 thesaurum
522 1505 628 1535 adhuc
645 1505 679 1536 in
692 1506 776 1536 vasis
788 1505 939 1536 fictilibus

239 1549 426 1581 habeamus.

538 1607 635 1614 -—·

438 1654 607 1688 SERMO
630 1656 736 1688 xlx.

239 1724 277 1748 De
289 1724 381 1749 eisdem
392 1725 473 1749 verbis
483 1727 611 1756 Apostoli,
624 1727 685 1750 Non
699 1728 736 1750 est
753 1732 875 1757 regnum
889 1726 939 1750 Dei

486 1769 545 1786 esca
558 1765 584 1786 et
598 1765 688 1792 potuS.

281 1823 310 1852 1.
328 1823 434 1853 Soter
449 1820 618 1861 Apostolus
641 1823 761 1852 Paulus
785 1821 819 1852 in
832 1820 940 1852 verbis

241 1876 309 1898 esse
325 1868 451 1906 brevis,
464 1868 497 1898 in
511 1867 683 1898 sententiis
697 1868 856 1905 copiosus.
873 1868 940 1897 Non

240 1913 400 1950 ignoravit
408 1913 469 1942 hoc
480 1913 546 1942 ille*
554 1913 618 1942 tam
630 1912 835 1950 eloquentiae,
843 1920 941 1950 quam

241 1958 408 1995 sapientiae
427 1958 555 1989 dotibus
575 1958 789 1996 approbatus,
805 1959 860 1996 qui
877 1959 941 1988 sin-

241 2005 314 2039 gula
340 2004 431 2034 Pauli
457 2004 556 2035 verba
587 2004 729 2034 tonitrua
761 2004 939 2040 judicabat.

240 2048 317 2076 'Fam
329 2049 492 2086 signanter
503 2049 592 2079 enim
601 2049 752 2079 universa
767 2048 939 2088 depromit,

242 2095 275 2122 et
289 2094 334 2123 sie
357 2095 481 2125 intonat
503 2095 622 2133 spiritu
646 2096 679 2125 et
700 2095 840 2132 virtute3
856 2095 942 2125 utin

241 2139 324 2168 serie
341 2140 503 2179 ordinem,
518 2142 553 2170 in
574 2149 671 2172 sensu
683 2141 940 2179 plenitudinem,

242 2186 275 2214 in
291 2186 426 2223 utroque
439 2187 673 2216 connexionem
683 2186 879 2217 mirabiliter
893 2195 942 2217 os-

241 2230 365 2260 tendat.
378 2232 449 2260 Non
465 2234 507 2262 cst
514 2254 524 2269 ,
537 2232 660 2271 inquit,
672 2241 798 2271 requiem
807 2234 942 2264 Deiesca

241 2278 269 2305 el
281 2278 390 2314 polus,·
401 2277 451 2306 secl
459 2277 601 2314 justitia,
617 2278 644 2307 οἱ
655 2287 739 2316 pax,
757 2279 786 2308 et
797 2279 943 2316 qaudz'um

241 2323 274 2350 in
301 2322 417 2360 Spiritu
441 2323 556 2351 sancto.
572 2323 656 2359 Quid
679 2323 720 2352 ad
745 2323 814 2353 haec
835 2323 942 2353 dicitis

243 2375 318 2404 vos,
334 2366 437 2404 gulosi
451 2368 485 2396 et
498 2368 677 2405 luxuriosi,
697 2377 834 2406 quorum
856 2371 942 2401 Deus

243 2413 358 2442 venter
373 2412 439 2449 est,
454 2420 591 2450 quorum
607 2413 709 2443 omnis
723 2422 799 2443 usus
824 2416 879 2444 aut
907 2416 942 2445 in

243 2458 377 2495 ventre,
391 2459 446 2488 aut
468 2457 527 2487 sub
551 2459 665 2488 ventre
680 2459 744 2496 est,
756 2460 812 2497 qui
829 2459 881 2499 (ut
897 2461 942 2491 ait

242 2503 379 2533 Jacobus
392 2502 569 2542 apostolus)
583 2505 615 2533 in
635 2505 768 2535 luxuriis>²
789 2507 942 2538 enutristis

244 2550 336 2579 forda
350 2550 378 2579 et
391 2558 520 2588 corpora
532 2549 654 2579 restra?
667 2550 801 2587 Audite,
814 2551 921 2581 audite
931 2573 941 2589 ,

244 2596 318 2632 quia
344 2604 413 2626 esca
438 2597 554 2632 ventri,
577 2598 605 2626 ct
629 2597 731 2626 venter
754 2599 846 2633 escis,·
858 2599 941 2627 Deus

245 2643 346 2671 aulem
359 2641 438 2672 hunc
449 2643 477 2672 et
487 2642 543 2673 has
553 2643 694 2672 destruet.
710 2643 764 2672 Vre
780 2641 870 2672 vobis
885 2643 938 2679 qui

704 221 734 248 S.
757 220 996 248 BERNARDt
1021 220 1215 248 ABBATIS

971 271 1119 301 dormitis
1134 272 1167 302 in
1182 273 1275 304 lectis
1285 272 1455 313 eburneis,
1464 274 1499 305 et
1512 271 1670 305 lascivitis

971 317 1006 346 in
1027 317 1136 347 stratis
1159 319 1365 358 vestris:qui
1390 319 1559 350 comeditis
1582 320 1671 352 vitu-

971 363 1039 392 lum
1051 362 1091 392 de
1103 364 1266 402 armento,
1276 365 1309 395 et
1322 365 1436 395 bibitis
1447 365 1562 395 vinum
1573 364 1671 394 defae-

971 407 1096 446 catum,
1112 408 1145 438 et
1165 408 1280 446 primis
1300 411 1460 448 ungimini
1481 409 1670 449 unguentis.

970 454 1044 484 Filia·
1065 453 1242 492 hominum,
1269 463 1422 495 usquequo
1450 458 1538 495 qravi
1564 457 1669 492 corde,

970 498 1045 536 quia
1068 507 1199 538 corpore
1227 500 1366 539 pingui:
1389 504 1424 532 ut
1451 503 1522 541 quid
1548 502 1671 539 <linquis

970 546 1155 582 vanitatem,
1169 545 1203 575 et
1215 546 1388 576 veritatem
1400 546 1581 585 negligitis?
1594 547 1672 575 Pin-

970 591 1073 627 guedo
1095 592 1220 629 carnis,
1246 591 1372 622 deliciae
1400 592 1559 630 corporis,
1585 593 1673 622 satu-

970 635 1048 666 ritas
1063 638 1186 667 ventris
1196 659 1206 675 ,
1221 639 1277 668 aut
1288 638 1363 668 ante
1379 638 1515 667 mortem
1530 646 1588 667 vos
1612 637 1670 667 de-

971 683 1097 720 serent,
1113 684 1168 713 aut
1180 692 1236 713 vos
1249 684 1282 713 in
1296 685 1400 714 morte
1419 683 1492 713 illas
1504 683 1672 721 relinque-

970 727 1011 756 tis
1040 737 1048 756 :
1078 730 1250 768 Quoniam,
1276 730 1384 768 inquit
1410 730 1545 759 Sanctus
1563 750 1572 767 ,
1601 736 1671 758 cum

971 774 1136 811 interierit,
1151 784 1213 805 non
1227 778 1325 806 sumet
1349 777 1471 812 onmia,
1485 784 1582 814 neque
1602 775 1672 805 des-

970 821 1072 850 cendet
1087 829 1155 850 cum
1177 831 1210 851 eo
1228 823 1327 860 gloria
1349 822 1424 860 ejus.
1441 822 1526 851 Sicut
1547 829 1613 851 oves
1635 820 1670 849 in

971 865 1091 903 inferno
1108 868 1202 905 posili
1227 869 1299 898 sunt
1313 877 1323 897 .·
1337 876 1421 897 mors
1442 868 1578 905 depascet
1605 875 1669 898 eos.

970 911 1071 948 Quam
1096 912 1179 942 bene
1190 934 1199 950 ‚
1215 914 1293 944 sicut
1319 922 1385 944 ores
1400 923 1410 943 .·
1426 912 1502 951 quia
1527 911 1672 943 detracto

970 957 1093 987 vellere
1122 958 1339 988 mundialium
1374 958 1562 989 divitiarum
1590 958 1671 988 dure

969 1010 1143 1042 presseque
1152 1004 1296 1042 detonsi,
1307 1005 1513 1042 sempiternis
1522 1004 1601 1034 nudi
1614 1004 1671 1034 de-

970 1049 1170 1085 putabuntur
1179 1051 1349 1080 incendiis.
1362 1052 1447 1081 Mors
1454 1051 1647 1088 ‹lepasceteos
1658 1059 1670 1080 .-

970 1094 1046 1130 quia
1074 1103 1203 1133 semper
1231 1096 1412 1125 morientur
1438 1095 1478 1124 ad
1502 1094 1671 1132 vitam,et

971 1149 1099 1180 semper
1127 1141 1241 1171 x'went
1267 1141 1308 1170 ad
1333 1141 1482 1170 mortem.
1506 1141 1586 1177 Ergo
1617 1139 1670 1170 hic

971 1195 1044 1216 caro
1058 1187 1243 1224 vermibus,
1261 1186 1329 1215 illic
1346 1186 1454 1215 anima
1469 1185 1598 1222 ignibus
1613 1184 1671 1214 de-

970 1233 1101 1269 putatur
1118 1240 1126 1260 :
1144 1232 1245 1262 donec
1271 1240 1382 1261 rursus
1396 1230 1520 1260 infelici
1536 1231 1672 1267 collegio

972 1276 1132 1315 colligati,
1144 1276 1314 1306 tormentis
1337 1276 1521 1314 poenalibus
1544 1274 1671 1306 socien-

972 1325 1024 1352 tur
1033 1345 1041 1360 ,
1054 1322 1109 1360 qui
1123 1322 1201 1352 socii
1217 1322 1350 1352 fuerunt
1361 1321 1394 1350 in
1406 1321 1507 1351 vitiis.

1010 1367 1041 1398 2.
1059 1368 1083 1396 Ο
1099 1367 1255 1405 delicate,
1273 1367 1331 1405 qui
1346 1366 1473 1397 deliciis
1489 1366 1521 1396 et
1545 1365 1671 1396 divitiis

972 1412 1185 1443 circumtusus
1209 1414 1304 1452 ¹:tque
1330 1411 1672 1450 confusus,c0nsusio-

971 1467 1049 1488 nem
1082 1459 1252 1496 exspectas
1281 1459 1314 1488 et
1339 1459 1476 1488 mortem
1491 1466 1509 1495 ς·
1529 1459 1602 1488 Νοη
1628 1461 1672 1489 est

970 1513 1098 1543 requam
1118 1506 1178 1534 Dei
1199 1513 1266 1534 esca
1281 1507 1309 1534 et
1327 1506 1415 1542 potus
1424 1525 1434 1541 ‚
1449 1512 1514 1534 non
1528 1512 1669 1542 purpura

972 1551 1005 1580 et
1019 1550 1130 1587 byssus
1148 1558 1156 1579 z
1173 1550 1249 1588 quia
1273 1550 1366 1580 dives
1385 1550 1441 1580 ille
1455 1551 1592 1588 utroque
1608 1550 1671 1580 cir-

972 1596 1128 1625 cumfluus
1139 1618 1148 1634 ,
1164 1596 1197 1625 in
1213 1598 1331 1634 puncto
1342 1596 1382 1626 ad
1397 1595 1523 1626 inferna
1539 1596 1672 1626 descen·

972 1641 1029 1671 dit.
1046 1642 1129 1678 Quid
1145 1641 1238 1680 ergo?
1259 1643 1308 1672 secl
1325 1643 1447 1680 justitia
1458 1663 1469 1678 ‚
1492 1643 1521 1671 et
1541 1651 1628 1680 pam,
1643 1643 1672 1671 et

972 1690 1117 1726 qaudinm
1141 1690 1173 1717 in
1194 1689 1310 1727 Spiritu
1333 1690 1450 1718 scmcto.
1470 1687 1617 1717 Attendis
1637 1688 1671 1716 et

972 1734 1114 1763 intendis
1136 1733 1210 1771 quia
1235 1733 1388 1772 gaudium
1404 1733 1437 1762 in
1453 1733 1515 1762 tine
1538 1731 1605 1762 est?
1619 1732 1669 1761 Sic

973 1779 1051 1809 fatui
1067 1779 1125 1809 filii
1138 1780 1235 1809 Adam
1246 1801 1255 1817 ,
1269 1780 1301 1809 et
1311 1779 1470 1817 praecipiti
1482 1779 1670 1815 saltujusti-

972 1825 1050 1855 tiam
1065 1825 1300 1855 transsilientes
1317 1826 1349 1855 et
1363 1833 1475 1862 pacem
1485 1846 1494 1861 ,
1507 1832 1576 1855 rem
1592 1824 1671 1853 fina—

973 1872 1036 1900 lem
1062 1871 1096 1900 in
1121 1871 1320 1909 principium
1341 1871 1532 1900 convertere
1549 1871 1582 1899 et
1595 1878 1671 1907 per-

972 1917 1100 1946 vertere
1112 1915 1230 1946 vultis?
1244 1917 1342 1945 Nemo
1359 1915 1445 1945 enim
1461 1914 1508 1944 est
1519 1914 1575 1952 qui
1592 1922 1671 1952 gau-

972 1961 1049 1990 dere
1075 1969 1140 1991 non
1161 1961 1253 1991 velit.
1268 1961 1337 1990 Nou
1357 1960 1455 1991 stabIt
1471 1960 1504 1990 et
1522 1968 1586 1989 non
1609 1961 1671 1989 erit

972 2005 1082 2035 istud:
1099 2005 1176 2044 quia
1200 2005 1283 2034 sicut
1305 2013 1369 2034 mm
1395 2006 1438 2035 est
1463 2013 1530 2042 pasc
1554 2005 1671 2042 impie's,

973 2051 1018 2080 sic
1032 2059 1093 2081 nec
1111 2050 1250 2089 gaudere
1266 2050 1392 2088 impiiS,
1409 2049 1489 2079 dicit
1502 2051 1669 2079 Dominus.

974 2097 1040 2126 Non
1055 2096 1225 2135 sicimpii,
1242 2103 1306 2126 non
1326 2095 1383 2125 sic.
1398 2095 1491 2125 Prius
1515 2095 1562 2124 est
1577 2095 1672 2133 justi-

974 2141 1052 2172 tiam
1073 2141 1200 2180 facere,
1215 2142 1382 2179 inquirere
1402 2148 1534 2179 pacem,
1550 2141 1582 2170 et
1597 2148 1672 2178 per-

974 2187 1065 2225 sequi
1094 2195 1183 2225 eam;
1201 2188 1235 2217 et:
1258 2187 1304 2217 sic
1329 2187 1460 2216 demum
1488 2186 1672 2224 apprehen-

974 2233 1050 2263 dere
1065 2233 1217 2270 gaudium
1227 2254 1236 2270 ,
1252 2233 1352 2262 immo
1367 2239 1384 2261 a
1398 2230 1513 2269 gaudio
1528 2239 1671 2268 compre-

973 2278 1088 2309 hendi.
1117 2279 1170 2308 Sic
1203 2278 1369 2316 angelicus
1406 2272 1469 2306 ille*
1494 2276 1672 2306 conventus

973 2325 1063 2362 prius
1088 2325 1248 2362 justitiam
1262 2323 1359 2360 fecit,
1374 2330 1446 2352 cum
1461 2321 1552 2351 stetit
1566 2322 1601 2351 in
1616 2329 1672 2351 ve-

973 2371 1068 2400 ritate
1079 2393 1088 2408 ,
1101 2372 1134 2401 et
1144 2369 1292 2401 veritatis
1303 2368 1448 2399 deseruit
1461 2367 1673 2397 desertorem.

973 2417 1046 2447 Post
1071 2418 1158 2454 haec,
1183 2417 1238 2445 illa
1262 2423 1341 2453 pace
1360 2414 1479 2444 firmati
1504 2413 1579 2443 sunt
1602 2422 1673 2451 quae

975 2462 1149 2499 exsuperat
1171 2468 1299 2490 omnem
1323 2467 1452 2489 sensum
1469 2467 1477 2487 ε
1494 2457 1570 2496 quia
1598 2464 1671 2485 cum

974 2507 1110 2537 diversis
1133 2508 1291 2536 honorum
1311 2504 1502 2544 primatibus
1526 2502 1671 2543 ambiaffi

974 2554 1042 2590 tur,
1053 2553 1161 2583 nullus
1171 2552 1226 2591 qui
1241 2551 1439 2587 murmuret,
1454 2548 1509 2586 qui
1526 2547 1672 2578 invideat

973 2599 1094 2629 nullus.

1014 2644 1043 2671 5.
1076 2643 1181 2673 Lauda
1194 2648 1255 2677 ,luY
1274 2639 1462 2674 Jerusalem,
1478 2638 1650 2669 'Dominum
1662 2660 1673 2675 ‚
