1830 3073
472 229 528 260 DE
551 223 762 258 DI'VERSIS
783 222 931 254 SERMO
954 221 1060 250 XXX.

71 291 176 324 cordis
190 294 330 322 amorem
345 283 486 317 diximus
499 282 678 323 pertinere.
690 281 769 311 Nam

72 338 105 368 et
119 338 231 368 videre
256 335 305 366 est
318 332 466 363 homines
479 330 526 361 sic
546 328 675 359 affectos
695 332 769 363 erga

71 381 270 420 hujusmodi,
297 379 336 409 ut
358 378 417 408 vix
447 375 517 406 sine
541 372 692 412 lacrymis
716 370 770 400 vel

70 427 220 464 audiant,
255 424 311 456 vel
343 421 568 454 recordentur.
602 418 663 449 Hic
695 423 770 454 ergo

71 481 159 502 amor
188 471 300 502 contra
334 465 632 507 concupiscentiam
666 461 771 494 carnis

71 518 131 548 est.
145 517 230 555 Quid
254 516 343 546 enim
368 514 463 545 dulce
484 512 528 543 sit
544 511 575 541 ei
597 510 632 539 in
656 515 770 545 carne,

70 562 123 592 cui
142 562 233 592 tanta
257 560 396 592 dulcedo
425 558 474 589 est
500 557 535 587 in
558 553 676 586 Christi
698 560 772 591 pas-

69 608 159 638 sione
171 607 184 637 ?
196 608 317 638 Verum
332 606 402 636 haec
417 603 553 635 dulcedo
569 600 640 630 falli
653 597 770 637 potest,

70 652 97 682 si
123 652 207 683 desit
229 650 421 690 prudentia3
436 648 470 679 et
489 648 555 684 jam
569 644 703 676 difficile
718 650 773 673 ca-

70 697 141 727 veri
154 697 275 736 poterit
287 697 322 726 in
336 694 434 726 melle
447 698 623 723 venenum.
634 689 772 719 Necesse

70 743 120 773 est
140 742 239 780 igitur
252 741 363 771 adesse
378 736 603 778 prudentiam,
619 742 682 773 qua
696 732 773 763 dili-

68 787 184 825 genter
205 785 361 816 interiora
392 781 549 821 mysteria
573 779 772 817 investigare

68 832 242 871 possimus,
264 830 303 861 ut
329 829 435 869 parati
458 827 559 859 simus
584 824 673 856 omni
702 832 775 863 pos-

69 877 157 908 centi
169 877 307 908 reddere
322 875 495 906 rationem.
510 873 570 902 Hic
591 879 683 902 amor
695 878 775 909 pru-

70 922 150 952 dens
175 921 321 952 excludit
350 919 584 951 curiositatem.
607 916 774 955 Siquidem

70 968 196 997 animus
209 966 262 998 his
276 966 441 1004 intentus,
456 963 686 1003 temporalium
709 968 774 991 non

70 1013 189 1050 poterit
201 1021 272 1044 esse
288 1013 452 1049 curiosus,
469 1011 581 1041 dicens
601 1016 676 1038 cum
696 1008 775 1037 Pro-

69 1059 168 1096 pheta
181 1067 190 1088 :
204 1059 359 1098 Quomodo
375 1058 470 1087 dilexi
481 1057 574 1095 legem
589 1056 676 1085 tuam
683 1073 696 1090 ,
709 1054 776 1084 Do-

70 1105 172 1134 mine!
189 1106 252 1134 tota
265 1105 311 1134 die
323 1104 479 1134 meditatio
495 1110 564 1131 mea
579 1101 634 1130 est.

113 1149 143 1178 ὅ.
159 1149 306 1179 Tertium
329 1148 396 1186 est,
420 1147 459 1177 ut
489 1146 617 1175 fortiter
638 1142 775 1182 quisque

72 1194 201 1233 diligat,
217 1195 379 1232 quatenus
394 1192 479 1223 sicut
494 1191 561 1221 salli
577 1198 642 1220 non
656 1190 774 1228 potest,

71 1240 116 1269 ita
130 1248 190 1269 nec
206 1240 277 1277 cogi
299 1239 419 1277 possit,
439 1237 569 1275 paratus
585 1236 692 1265 omnia
707 1236 775 1273 pati

73 1285 203 1322 propter
227 1284 399 1321 J'ustitiam.
416 1282 495 1319 Quis
519 1282 630 1311 autem
652 1280 776 1310 nesciat

74 1338 167 1368 eum,
181 1330 239 1368 qui
253 1337 314 1359 rex
329 1328 404 1358 coeli
419 1327 478 1366 sit,
490 1327 622 1357 terrena
632 1332 731 1363 regna
744 1325 777 1355 et

73 1375 210 1406 honores
233 1383 298 1405 non
319 1374 461 1412 ambire,
485 1372 544 1403 sed
567 1371 670 1410 magis
693 1371 777 1409 abji-

75 1421 169 1451 cere?
183 1422 278 1450 Porro
295 1421 376 1451 beati
394 1421 448 1459 qui
457 1420 696 1458 persecutionem
718 1427 778 1456 pa-

75 1469 192 1497 tiuntur
211 1468 332 1505 propter
348 1467 521 1504 justitiam,
534 1465 680 1503 quoniam
699 1464 778 1502 ipso—

76 1522 145 1542 rum
160 1515 203 1543 est
221 1521 349 1551 reqnum
363 1513 519 1542 coelorum.
538 1511 649 1547 ltaque
665 1509 705 1539 de
726 1509 778 1539 his

75 1559 178 1588 tribus
202 1567 288 1588 nunc
301 1559 415 1588 Petrus
439 1556 675 1593 interrogatur,
702 1554 778 1592 quia

76 1606 164 1642 prius
188 1605 340 1635 inventus
367 1602 475 1633 fuerat
506 1603 615 1631 minus
641 1601 777 1630 habens.

76 1650 217 1680 Audiens
243 1650 333 1680 enim
355 1649 460 1688 primo
485 1648 525 1678 de
544 1646 692 1685 passione
712 1646 781 1675 Do-

77 1694 175 1732 mini,
191 1695 275 1725 ierre
290 1702 356 1724 non
379 1693 504 1732 potuit,
520 1692 686 1729 tamquam
707 1690 780 1719 dul-

77 1741 158 1770 citer
172 1740 329 1778 diligens;
346 1739 420 1775 scd,
437 1738 542 1773 Absit,
558 1736 684 1774 inquit,
699 1745 720 1765 a
735 1737 779 1770 te,

79 1786 189 1822 utpote
210 1784 403 1821 insipienter
418 1790 539 1811 amans.
554 1781 646 1809 Unde
669 1781 703 1809 et
723 1787 781 1809 au-

80 1829 149 1858 dire
165 1829 307 1859 meruit:
327 1828 412 1859 Vade
432 1828 534 1862 retro,
551 1826 682 1860 satana,
706 1832 782 1861 quo—

80 1876 165 1904 nium
182 1882 244 1904 non
258 1874 339 1911 sapis
353 1882 389 1902 ea
404 1880 470 1910 quoe
492 1871 551 1901 Dei
569 1871 652 1900 sunt.
669 1868 782 1898 Simile

79 1919 200 1957 aliquid
220 1919 256 1948 in
278 1917 437 1955 Apostolis
451 1916 537 1953 erat,
554 1915 673 1953 quihus
693 1915 782 1944 dice-

80 1965 172 1994 batur
194 1973 203 1994 :
222 1965 256 1994 Si
268 1965 427 2001 diliqeretis
449 1971 515 1997 mc,
539 1961 709 2000 qamleretis
723 1962 782 1990 uti-

78 2019 153 2048 que,
175 2011 248 2048 quia
268 2009 346 2040 vado
369 2010 410 2038 cul
433 2009 570 2037 Patrem.
587 2006 688 2035 Immo
703 2013 780 2035 vero

79 2056 155 2093 quia
177 2055 333 2093 diligunt,
356 2053 477 2084 dolent.
504 2051 543 2081 Et
567 2051 725 2089 diligunt,
749 2052 781 2081 ct

80 2109 143 2131 non
170 2101 339 2140 diligunt:
369 2098 510 2137 diligunt
540 2097 697 2134 dulciter,
725 2097 781 2127 sod

81 2155 144 2176 non
160 2147 299 2185 diligunt
313 2145 488 2185 sapienter.
504 2143 603 2173 Nocte
619 2151 696 2173 vero
712 2142 782 2180 ipsa

79 2201 141 2231 qua
155 2193 330 2223 tradendus
352 2191 420 2221 erat
435 2189 609 2227 Dominus,
631 2190 665 2219 et
679 2188 782 2218 dulci-

81 2239 146 2277 ter,
159 2238 192 2269 et
206 2237 384 2277 prudenter
395 2236 551 2275 diligebat
563 2234 692 2273 Petrus,
707 2243 780 2264 cum

79 2283 202 2316 dIceret
219 2294 227 2314 :
246 2286 358 2315 Tecum
378 2284 508 2322 paratus
531 2289 600 2312 sum
615 2281 691 2310 etin
714 2290 782 2310 car-

81 2339 194 2367 cerem,
206 2332 235 2361 et
248 2331 281 2360 in
294 2331 424 2360 mortem
440 2330 494 2358 ire.
510 2327 573 2357 Sed
587 2334 653 2356 non
667 2325 782 2365 dilige-

82 2375 136 2404 bat
151 2375 277 2406 fortiter
292 2384 299 2404 :
317 2375 471 2413 quoniam

132 2425 181 2456 Qui
194 2426 291 2452 cecidit,
305 2425 384 2447 stabili
399 2433 444 2446 non
458 2429 507 2446 erat
520 2425 558 2447 ille
571 2424 653 2453 gradu.
666 2422 730 2445 Boel.

84 2471 225 2502 Nondum
245 2470 382 2501 venerat
401 2468 509 2500 virtus
538 2477 581 2499 ex
610 2469 693 2506 alto,
717 2475 782 2506 qua

83 2518 232 2556 accepta,
251 2524 317 2548 non
335 2515 486 2554 negavit,
507 2514 565 2545 scd
579 2514 683 2544 libera
702 2522 781 2543 voce

83 2571 192 2594 usus:
227 2563 305 2598 Vos,
335 2560 461 2599 inquit,
492 2559 644 2597 judicate,
678 2560 783 2588 ulrum

801 277 903 315 ritur,
920 275 976 315 qui
998 274 1159 314 pascendo
1180 273 1376 312 praeponitur
1396 274 1507 313 gregi?

802 323 860 352 Ille
877 321 966 352 enim
980 327 1120 360 praeesse
1136 319 1234 351 dehet
1253 319 1344 356 aliis,
1359 320 1416 358 qui
1429 320 1507 350 vino

802 367 950 399 caritatis
979 365 1148 397 debriatus
1176 363 1310 401 aestuat,
1337 363 1506 393 immemor

803 414 871 451 sui;
886 412 1004 443 utnon
1026 410 1151 450 quaerat
1170 417 1243 448 quae
1265 415 1323 439 sua
1344 408 1437 445 sunt,
1451 408 1507 438 scd

803 459 904 498 magis
918 467 990 498 quae
1013 458 1092 488 Jesu
1105 455 1237 487 Christi.
1254 453 1294 483 Et
1317 453 1411 490 nota,
1432 453 1508 490 quia

803 505 980 544 requisitus
993 503 1125 541 Petrus,
1141 509 1182 532 an
1207 499 1322 538 diligat
1343 499 1417 538 plus
1437 497 1505 530 his;

803 551 930 582 tantum
953 548 1122 588 respondit
1136 555 1170 578 se
1185 545 1340 584 diligere,
1363 550 1428 573 non
1452 550 1512 571 au-

805 597 885 628 dens
910 595 1070 626 affirmare
1094 592 1182 633 quod
1204 592 1295 631 prius
1327 598 1362 621 so
1387 587 1511 619 dixisse

805 642 930 673 temere
939 638 1219 672 confundebatur:
1232 638 1265 668 et
1273 636 1405 667 fortasse
1414 641 1511 674 prop-

804 687 897 718 terea
926 685 1135 717 contristatus
1167 683 1229 713 est.
1251 679 1388 712 Dixerat
1421 678 1510 709 enim

805 733 895 773 prius
909 741 920 763 z
934 733 1003 763 Etsi
1019 739 1123 762 omnes
1132 728 1339 761 scandalizati
1350 725 1466 766 fuerint
1478 725 1511 754 in

807 782 854 818 te,
868 779 920 812 sect
936 787 999 809 non
1013 786 1078 816 eqo.

1003 873 1174 911 SERMO
1209 870 1333 907 XXX.

956 947 998 974 De
1008 947 1100 979 ligno,
1110 945 1185 971 foeno
1194 962 1202 975 ,
1213 945 1240 969 et
1252 940 1365 974 stipula.

848 1014 880 1044 l.
900 1012 1072 1051 Nusquam
1096 1010 1147 1041 est
1169 1006 1344 1045 securitas,
1367 1000 1513 1039 Fratres,

808 1068 918 1099 neque
948 1059 984 1089 in
1018 1057 1118 1095 coelo,
1149 1061 1257 1093 neque
1282 1053 1318 1082 in
1347 1048 1514 1090 paradiso;

809 1106 912 1136 multo
933 1104 1044 1136 minus
1063 1103 1099 1133 in
1116 1100 1251 1132 mundo.
1266 1099 1304 1128 In
1324 1097 1404 1127 coelo
1427 1094 1516 1126 enim

811 1150 930 1182 cecidit
953 1149 1094 1188 Angelus
1119 1147 1179 1178 sub
1194 1143 1372 1185 praesentia
1397 1139 1517 1171 divini-

810 1198 903 1234 tatis3
919 1196 1020 1226 Adam
1034 1195 1071 1224 in
1086 1192 1236 1233 paradiso
1252 1191 1293 1221 de
1308 1190 1379 1220 loco
1403 1185 1518 1224 volup-

810 1242 905 1280 tati33
921 1241 1020 1271 Judas
1034 1241 1070 1269 in
1090 1238 1211 1268 mundo
1227 1236 1267 1266 de
1283 1234 1392 1265 schola
1406 1231 1518 1262 Salva-

810 1287 902 1318 toris.
928 1287 1004 1316 Haec
1035 1284 1158 1314 idcirco
1185 1280 1346 1317 dixerim,
1370 1284 1414 1307 nc
1444 1275 1518 1314 quis

811 1332 873 1363 sibi
889 1332 929 1362 de
943 1332 1014 1361 loco
1030 1329 1092 1360 isto
1117 1326 1322 1362 blandiatur,
1338 1322 1415 1363 quia
1439 1320 1520 1351 dici-

811 1378 865 1408 tur
880 1386 889 1407 2
905 1377 1008 1406 Locus
1033 1375 1095 1404 iste
1121 1375 1252 1403 sanctus
1268 1370 1338 1406 est3
1354 1367 1432 1406 quia
1453 1373 1520 1395 non

811 1423 901 1453 locus
909 1421 1057 1452 homines
1065 1441 1074 1458 ,
1084 1418 1141 1449 sed
1152 1417 1301 1447 homines
1312 1415 1419 1444 locum
1428 1419 1518 1442 sanc-

812 1468 947 1499 tificant.
968 1466 1049 1497 Sunt
1061 1464 1150 1495 enim
1168 1462 1269 1492 etiam
1283 1460 1371 1490 inter
1384 1465 1443 1488 nos
1456 1456 1519 1485 tria.

812 1522 932 1552 genera
946 1512 1135 1548 hominum,
1151 1506 1286 1548 ipsaque
1301 1504 1380 1536 satis
1404 1503 1521 1533 incon-

812 1567 891 1598 grua
911 1558 944 1588 et
969 1556 1101 1593 Ordini,
1123 1554 1158 1585 et
1181 1551 1329 1589 homini,
1355 1548 1412 1589 qui
1436 1549 1521 1578 hanc

813 1605 900 1636 viam
915 1604 1081 1641 ingressus
1097 1601 1156 1632 est.
1169 1599 1252 1629 Sunt
1266 1597 1354 1627 enim
1367 1594 1424 1634 qui
1435 1594 1520 1624 bene

813 1649 1035 1688 incoeperunt,
1050 1647 1108 1678 sed
1130 1645 1242 1677 statim
1264 1640 1467 1674 defecerunt.
1484 1640 1522 1669 Et

813 1695 888 1725 sunt
901 1694 958 1733 qui
972 1700 1152 1731 numquam
1173 1688 1398 1728 incoeperunt,
1415 1686 1472 1717 sed
1486 1685 1522 1715 in

814 1748 872 1770 sua
896 1739 1036 1769 mollitie
1060 1734 1330 1776 permanserunt,
1347 1735 1381 1765 et
1394 1740 1522 1771 perma-

814 1784 905 1814 nent.
922 1783 961 1813 Et
983 1783 1059 1814 sunt
1073 1782 1130 1820 qui
1145 1781 1316 1819 raptantur
1337 1777 1457 1817 spiritu
1472 1779 1522 1807 le-

816 1829 943 1866 vitatis,
969 1827 1054 1858 tardi
1079 1827 1121 1856 ad
1148 1824 1366 1861 audiendum,
1393 1822 1523 1852 veloces

816 1874 855 1904 ad
867 1873 1082 1912 loquendum,
1097 1869 1296 1910 paratissimi
1308 1869 1429 1899 cursim
1444 1874 1523 1896 enu-

816 1927 941 1949 merare
966 1918 1053 1957 quod
1073 1914 1215 1951 faciunt,
1241 1915 1269 1944 si
1293 1913 1373 1952 quid
1399 1911 1525 1942 faciunt

815 1966 936 1994 tamen.
973 1962 1136 2001 Numquid
1170 1961 1225 1991 vel
1270 1959 1348 1990 istos
1382 1958 1524 1996 repellet

815 2010 922 2041 Deus?
936 2010 1022 2048 Non,
1038 2008 1065 2039 si
1088 2008 1123 2037 in
1142 2004 1356 2037 fundamento
1370 2012 1522 2043 perman-

815 2057 938 2087 serint:
952 2055 1009 2086 sed
1020 2054 1103 2085 salvi
1116 2054 1225 2090 erunt,
1243 2052 1290 2082 sic
1307 2051 1418 2082 tamen
1430 2048 1522 2088 quasi

815 2110 874 2140 per
907 2102 1030 2139 ignem.
1056 2101 1118 2129 Per
1153 2106 1254 2137 quem
1279 2095 1411 2136 iguem?
1435 2095 1523 2125 Dicit

815 2147 985 2186 Apostolus
1009 2155 1019 2176 t
1044 2146 1293 2177 Fundamentum
1318 2143 1403 2174 aliud
1431 2150 1521 2172 nemo

814 2194 909 2232 polest
928 2200 1040 2231 ponere
1051 2190 1206 2230 praeteri]
1219 2189 1301 2228 quod
1316 2188 1448 2226 positum
1460 2189 1521 2223 est,

815 2240 894 2279 quod
908 2240 952 2269 cst
971 2237 1110 2268 Christus
1129 2237 1227 2266 Jesus.
1244 2236 1280 2265 Si
1299 2235 1366 2272 quis
1389 2233 1523 2271 melifica-

816 2286 889 2315 ceril
898 2292 990 2323 super
1002 2283 1239 2320 smulumcntum
1251 2280 1306 2310 hoc
1317 2280 1434 2318 liqnum
1442 2299 1452 2315 ‚
1465 2279 1524 2317 foe-

814 2339 908 2366 num,
933 2329 1099 2367 ste'pulum3
1127 2327 1343 2357 detrimentum
1363 2325 1522 2363 patietur.-

816 2377 876 2414 ipse
901 2375 1006 2405 (tutem
1030 2373 1132 2404 salvus
1156 2373 1212 2403 erit
1220 2381 1230 2411 3
1247 2373 1290 2402 sic
1307 2372 1411 2401 tamen
1435 2368 1525 2408 quasi

814 2431 868 2460 per
888 2422 1000 2460 iqnem.
1016 2418 1277 2449 Fundamentum
1290 2415 1435 2446 Christus
1451 2414 1521 2449 est3

817 2467 940 2505 lignum
961 2465 1077 2503 fragile
1102 2464 1171 2503 est,
1186 2463 1311 2494 foenum
1324 2461 1443 2498 molle,
1464 2458 1521 2489 sti-

816 2514 891 2551 pula
905 2511 1001 2542 levis.
1017 2511 1156 2549 Lignum
1171 2509 1246 2540 sunt
1257 2507 1314 2547 qni
1330 2506 1457 2537 fortiter
1470 2504 1519 2533 in-

818 2558 1000 2596 coeperunt‚
1023 2557 1082 2587 sed
1105 2555 1199 2586 fracti
1221 2562 1288 2584 non
1310 2549 1521 2582 renodantur.

84 2610 148 2638 Deo
166 2608 265 2647 maqis
284 2607 404 2638 obedire
423 2606 571 2645 oporteat,
593 2613 636 2634 αη
654 2603 785 2634 homini-
818 2605 950 2634 Foenum
983 2603 1075 2640 sunt,
1112 2600 1169 2639 qui
1203 2596 1356 2637 fugienda
1381 2593 1522 2624 mollitie

87 2654 149 2685 bus.
161 2655 270 2684 Annon
283 2661 420 2692 congrue
435 2652 473 2682 de
490 2650 662 2681 dilectione
677 2649 784 2687 requi·
820 2648 993 2688 tepefacti,
1022 2656 1081 2678 nec
1113 2644 1299 2677 summitate
1335 2639 1428 2680 digiti
1456 2637 1522 2679 (ut
