<?xml version="1.0" encoding="UTF-8"?>
<!DOCTYPE html PUBLIC "-//W3C//DTD XHTML 1.0 Transitional//EN"
    "http://www.w3.org/TR/xhtml1/DTD/xhtml1-transitional.dtd">
<html xmlns="http://www.w3.org/1999/xhtml" xml:lang="en" lang="en">
 <head>
  <title>
</title>
<meta http-equiv="Content-Type" content="text/html;charset=utf-8" />
  <meta name='ocr-system' content='tesseract 3.04.00' />
  <meta name='ocr-capabilities' content='ocr_page ocr_carea ocr_par ocr_line ocrx_word'/>
</head>
<body>
  <div class='ocr_page' id='page_1' title='image "./operagenuinajuxt03bernuoft/operagenuinajuxt03bernuoft_0069.png"; bbox 0 0 1830 3073; ppageno 0'>
   <div class='ocr_carea' id='block_1_1' title="bbox 460 218 1073 251">
    <p class='ocr_par' dir='ltr' id='par_1_1' title="bbox 460 218 1073 251">
     <span class='ocr_line' id='line_1_1' title="bbox 460 218 1073 251; baseline -0.01 0"><span class='ocrx_word' id='word_1_1' title='bbox 460 222 515 251; x_wconf 83' lang='lat' dir='ltr'><strong>DE</strong></span> <span class='ocrx_word' id='word_1_2' title='bbox 539 219 750 250; x_wconf 74' lang='lat' dir='ltr'><strong>DIVERSIS</strong></span> <span class='ocrx_word' id='word_1_3' title='bbox 775 218 925 247; x_wconf 88' lang='lat' dir='ltr'>SERMO</span> <span class='ocrx_word' id='word_1_4' title='bbox 946 219 1073 246; x_wconf 87' lang='lat' dir='ltr'>XXIX.</span> 
     </span>
    </p>
   </div>
   <div class='ocr_carea' id='block_1_2' title="bbox 61 273 760 360">
    <p class='ocr_par' dir='ltr' id='par_1_2' title="bbox 61 273 760 360">
     <span class='ocr_line' id='line_1_2' title="bbox 61 273 760 314; baseline -0.009 -5"><span class='ocrx_word' id='word_1_5' title='bbox 61 277 320 309; x_wconf 79' lang='lat' dir='ltr'><strong>consolationem.</strong></span> <span class='ocrx_word' id='word_1_6' title='bbox 336 276 373 306; x_wconf 87' lang='lat' dir='ltr'><strong>In</strong></span> <span class='ocrx_word' id='word_1_7' title='bbox 391 284 464 313; x_wconf 78' lang='lat' dir='ltr'><strong>sex,</strong></span> <span class='ocrx_word' id='word_1_8' title='bbox 477 275 604 314; x_wconf 87' lang='lat' dir='ltr'><strong>inquit,</strong></span> <span class='ocrx_word' id='word_1_9' title='bbox 630 273 760 305; x_wconf 77' lang='lat' dir='ltr'><strong>tribula-</strong></span> 
     </span>
     <span class='ocr_line' id='line_1_3' title="bbox 61 321 760 360; baseline -0.009 -6"><span class='ocrx_word' id='word_1_10' title='bbox 61 323 192 355; x_wconf 73' lang='lat' dir='ltr'><strong>tionibus</strong></span> <span class='ocrx_word' id='word_1_11' title='bbox 220 321 412 358; x_wconf 74' lang='lat' dir='ltr'><strong>liberaberis,</strong></span> <span class='ocrx_word' id='word_1_12' title='bbox 443 323 471 352; x_wconf 85' lang='lat' dir='ltr'><strong>ct</strong></span> <span class='ocrx_word' id='word_1_13' title='bbox 486 322 520 351; x_wconf 77' lang='lat' dir='ltr'><strong>in</strong></span> <span class='ocrx_word' id='word_1_14' title='bbox 542 322 671 360; x_wconf 80' lang='lat' dir='ltr'><strong>septima</strong></span> <span class='ocrx_word' id='word_1_15' title='bbox 696 327 760 349; x_wconf 75' lang='lat' dir='ltr'><strong>‘non</strong></span> 
     </span>
    </p>
   </div>
   <div class='ocr_carea' id='block_1_3' title="bbox 62 366 764 408">
    <p class='ocr_par' dir='ltr' id='par_1_3' title="bbox 62 366 764 408">
     <span class='ocr_line' id='line_1_4' title="bbox 62 366 764 408; baseline -0.009 -8"><span class='ocrx_word' id='word_1_16' title='bbox 62 371 166 408; x_wconf 67' lang='lat' dir='ltr'><strong>tanget</strong></span> <span class='ocrx_word' id='word_1_17' title='bbox 184 370 212 399; x_wconf 76' lang='lat' dir='ltr'><strong>te</strong></span> <span class='ocrx_word' id='word_1_18' title='bbox 228 368 360 398; x_wconf 81' lang='lat' dir='ltr'><strong>malum.</strong></span> <span class='ocrx_word' id='word_1_19' title='bbox 382 367 415 396; x_wconf 88' lang='lat' dir='ltr'><strong>Si</strong></span> <span class='ocrx_word' id='word_1_20' title='bbox 431 374 514 405; x_wconf 87' lang='lat' dir='ltr'><strong>puer</strong></span> <span class='ocrx_word' id='word_1_21' title='bbox 535 366 691 396; x_wconf 77' lang='lat' dir='ltr'><strong>Hebraeus</strong></span> <span class='ocrx_word' id='word_1_22' title='bbox 705 373 739 394; x_wconf 92' lang='lat' dir='ltr'><strong>es</strong></span> <span class='ocrx_word' id='word_1_23' title='bbox 749 384 764 401; x_wconf 87' lang='lat'><strong>‚.</strong></span> 
     </span>
    </p>
   </div>
   <div class='ocr_carea' id='block_1_4' title="bbox 50 410 760 2590">
    <p class='ocr_par' dir='ltr' id='par_1_4' title="bbox 53 410 760 1490">
     <span class='ocr_line' id='line_1_5' title="bbox 61 410 759 451; baseline -0.009 -6"><span class='ocrx_word' id='word_1_24' title='bbox 61 422 120 445; x_wconf 85' lang='lat' dir='ltr'><strong>sex</strong></span> <span class='ocrx_word' id='word_1_25' title='bbox 135 414 228 444; x_wconf 83' lang='lat' dir='ltr'><strong>annis</strong></span> <span class='ocrx_word' id='word_1_26' title='bbox 251 413 393 451; x_wconf 82' lang='lat' dir='ltr'><strong>servies,</strong></span> <span class='ocrx_word' id='word_1_27' title='bbox 415 413 501 442; x_wconf 87' lang='lat' dir='ltr'><strong>liber</strong></span> <span class='ocrx_word' id='word_1_28' title='bbox 525 410 702 450; x_wconf 84' lang='lat' dir='ltr'><strong>egredieris</strong></span> <span class='ocrx_word' id='word_1_29' title='bbox 722 410 759 439; x_wconf 90' lang='lat' dir='ltr'><strong>in</strong></span> 
     </span>
     <span class='ocr_line' id='line_1_6' title="bbox 61 456 760 498; baseline -0.007 -9"><span class='ocrx_word' id='word_1_30' title='bbox 61 459 209 498; x_wconf 87' lang='lat' dir='ltr'><strong>septimo.</strong></span> <span class='ocrx_word' id='word_1_31' title='bbox 221 458 286 488; x_wconf 80' lang='lat' dir='ltr'><strong>Sex</strong></span> <span class='ocrx_word' id='word_1_32' title='bbox 298 459 358 488; x_wconf 85' lang='lat' dir='ltr'><strong>tibi</strong></span> <span class='ocrx_word' id='word_1_33' title='bbox 371 458 433 489; x_wconf 87' lang='lat' dir='ltr'><strong>trib</strong></span> <span class='ocrx_word' id='word_1_34' title='bbox 440 456 679 488; x_wconf 85' lang='lat' dir='ltr'><strong>ulationessunt</strong></span> <span class='ocrx_word' id='word_1_35' title='bbox 686 463 760 484; x_wconf 90' lang='lat' dir='ltr'><strong>con-</strong></span> 
     </span>
     <span class='ocr_line' id='line_1_7' title="bbox 59 500 760 542; baseline -0.007 -8"><span class='ocrx_word' id='word_1_36' title='bbox 59 506 110 535; x_wconf 87' lang='lat' dir='ltr'><strong>tra</strong></span> <span class='ocrx_word' id='word_1_37' title='bbox 123 504 283 535; x_wconf 80' lang='lat' dir='ltr'><strong>desideria</strong></span> <span class='ocrx_word' id='word_1_38' title='bbox 308 504 431 542; x_wconf 77' lang='lat' dir='ltr'><strong>cordis,</strong></span> <span class='ocrx_word' id='word_1_39' title='bbox 457 504 491 534; x_wconf 86' lang='lat' dir='ltr'><strong>et</strong></span> <span class='ocrx_word' id='word_1_40' title='bbox 512 500 760 541; x_wconf 82' lang='lat' dir='ltr'><strong>quinqueperti-</strong></span> 
     </span>
     <span class='ocr_line' id='line_1_8' title="bbox 58 547 757 588; baseline -0.006 -8"><span class='ocrx_word' id='word_1_41' title='bbox 58 552 123 580; x_wconf 86' lang='lat' dir='ltr'><strong>tam</strong></span> <span class='ocrx_word' id='word_1_42' title='bbox 135 550 354 581; x_wconf 81' lang='lat' dir='ltr'>sensualitatis</span> <span class='ocrx_word' id='word_1_43' title='bbox 364 557 525 588; x_wconf 77' lang='lat' dir='ltr'><strong>corporeae</strong></span> <span class='ocrx_word' id='word_1_44' title='bbox 536 547 757 586; x_wconf 84' lang='lat' dir='ltr'><strong>voluptatem:</strong></span> 
     </span>
     <span class='ocr_line' id='line_1_9' title="bbox 58 592 757 632; baseline -0.007 -6"><span class='ocrx_word' id='word_1_45' title='bbox 58 595 115 626; x_wconf 88' lang='lat' dir='ltr'><strong>sed</strong></span> <span class='ocrx_word' id='word_1_46' title='bbox 130 595 165 626; x_wconf 91' lang='lat' dir='ltr'><strong>in</strong></span> <span class='ocrx_word' id='word_1_47' title='bbox 180 596 232 626; x_wconf 89' lang='lat' dir='ltr'><strong>bis</strong></span> <span class='ocrx_word' id='word_1_48' title='bbox 257 605 317 626; x_wconf 83' lang='lat' dir='ltr'><strong>sex</strong></span> <span class='ocrx_word' id='word_1_49' title='bbox 341 594 534 626; x_wconf 81' lang='lat' dir='ltr'><strong>liberaberis</strong></span> <span class='ocrx_word' id='word_1_50' title='bbox 558 601 577 623; x_wconf 89' lang='lat' dir='ltr'><strong>a</strong></span> <span class='ocrx_word' id='word_1_51' title='bbox 601 592 757 632; x_wconf 84' lang='lat' dir='ltr'><strong>septima,</strong></span> 
     </span>
     <span class='ocr_line' id='line_1_10' title="bbox 58 638 757 680; baseline -0.006 -9"><span class='ocrx_word' id='word_1_52' title='bbox 58 649 123 671; x_wconf 90' lang='lat' dir='ltr'><strong>non</strong></span> <span class='ocrx_word' id='word_1_53' title='bbox 138 642 270 680; x_wconf 90' lang='lat' dir='ltr'><strong>quidem</strong></span> <span class='ocrx_word' id='word_1_54' title='bbox 297 649 340 672; x_wconf 92' lang='lat' dir='ltr'><strong>ne</strong></span> <span class='ocrx_word' id='word_1_55' title='bbox 354 640 477 678; x_wconf 88' lang='lat' dir='ltr'><strong>veniat,</strong></span> <span class='ocrx_word' id='word_1_56' title='bbox 505 638 565 669; x_wconf 84' lang='lat' dir='ltr'><strong>sed</strong></span> <span class='ocrx_word' id='word_1_57' title='bbox 587 646 629 668; x_wconf 87' lang='lat' dir='ltr'><strong>ne</strong></span> <span class='ocrx_word' id='word_1_58' title='bbox 650 638 757 675; x_wconf 82' lang='lat' dir='ltr'><strong>laedat,</strong></span> 
     </span>
     <span class='ocr_line' id='line_1_11' title="bbox 58 684 759 726; baseline -0.004 -10"><span class='ocrx_word' id='word_1_59' title='bbox 58 695 99 717; x_wconf 89' lang='lat' dir='ltr'><strong>ne</strong></span> <span class='ocrx_word' id='word_1_60' title='bbox 112 687 240 726; x_wconf 89' lang='lat' dir='ltr'><strong>noceat,</strong></span> <span class='ocrx_word' id='word_1_61' title='bbox 255 695 297 718; x_wconf 90' lang='lat' dir='ltr'><strong>ne</strong></span> <span class='ocrx_word' id='word_1_62' title='bbox 311 687 420 725; x_wconf 78' lang='lat' dir='ltr'><strong>tangat</strong></span> <span class='ocrx_word' id='word_1_63' title='bbox 436 688 471 716; x_wconf 89' lang='lat' dir='ltr'><strong>te</strong></span> <span class='ocrx_word' id='word_1_64' title='bbox 493 685 626 715; x_wconf 90' lang='lat' dir='ltr'><strong>malum.</strong></span> <span class='ocrx_word' id='word_1_65' title='bbox 640 684 759 714; x_wconf 83' lang='lat' dir='ltr'><strong>Veniet</strong></span> 
     </span>
     <span class='ocr_line' id='line_1_12' title="bbox 59 730 757 771; baseline -0.003 -10"><span class='ocrx_word' id='word_1_66' title='bbox 59 733 191 771; x_wconf 89' lang='lat' dir='ltr'><strong>quidem</strong></span> <span class='ocrx_word' id='word_1_67' title='bbox 205 741 309 770; x_wconf 73' lang='lat' dir='ltr'><strong>mors,</strong></span> <span class='ocrx_word' id='word_1_68' title='bbox 328 731 420 771; x_wconf 85' lang='lat' dir='ltr'><strong>(ipsa</strong></span> <span class='ocrx_word' id='word_1_69' title='bbox 443 730 532 761; x_wconf 91' lang='lat' dir='ltr'><strong>enim</strong></span> <span class='ocrx_word' id='word_1_70' title='bbox 554 731 604 760; x_wconf 85' lang='lat' dir='ltr'><strong>est</strong></span> <span class='ocrx_word' id='word_1_71' title='bbox 619 730 757 768; x_wconf 82' lang='lat' dir='ltr'><strong>septima</strong></span> 
     </span>
     <span class='ocr_line' id='line_1_13' title="bbox 56 776 755 817; baseline -0.001 -10"><span class='ocrx_word' id='word_1_72' title='bbox 56 778 221 808; x_wconf 86' lang='lat' dir='ltr'><strong>tribulatio</strong></span> <span class='ocrx_word' id='word_1_73' title='bbox 233 778 264 817; x_wconf 87' lang='lat'><strong>:)</strong></span> <span class='ocrx_word' id='word_1_74' title='bbox 297 778 355 808; x_wconf 86' lang='lat' dir='ltr'><strong>sed</strong></span> <span class='ocrx_word' id='word_1_75' title='bbox 375 785 506 808; x_wconf 89' lang='lat' dir='ltr'><strong>somnus</strong></span> <span class='ocrx_word' id='word_1_76' title='bbox 534 776 600 807; x_wconf 86' lang='lat' dir='ltr'><strong>erit</strong></span> <span class='ocrx_word' id='word_1_77' title='bbox 624 776 755 807; x_wconf 88' lang='lat' dir='ltr'><strong>dilectis</strong></span> 
     </span>
     <span class='ocr_line' id='line_1_14' title="bbox 56 822 757 862; baseline 0 -10"><span class='ocrx_word' id='word_1_78' title='bbox 56 824 198 862; x_wconf 84' lang='lat' dir='ltr'><strong>Domini,</strong></span> <span class='ocrx_word' id='word_1_79' title='bbox 214 826 248 854; x_wconf 86' lang='lat' dir='ltr'><strong>et</strong></span> <span class='ocrx_word' id='word_1_80' title='bbox 262 832 338 854; x_wconf 86' lang='lat' dir='ltr'><strong>ecce</strong></span> <span class='ocrx_word' id='word_1_81' title='bbox 353 823 526 853; x_wconf 81' lang='lat' dir='ltr'><strong>haereditas</strong></span> <span class='ocrx_word' id='word_1_82' title='bbox 536 822 618 860; x_wconf 87' lang='lat' dir='ltr'><strong>ejus.</strong></span> <span class='ocrx_word' id='word_1_83' title='bbox 630 822 698 852; x_wconf 89' lang='lat' dir='ltr'><strong>Erit</strong></span> <span class='ocrx_word' id='word_1_84' title='bbox 707 822 757 860; x_wconf 83' lang='lat' dir='ltr'><strong>J&#39;a-</strong></span> 
     </span>
     <span class='ocr_line' id='line_1_15' title="bbox 56 867 758 908; baseline 0.001 -10"><span class='ocrx_word' id='word_1_85' title='bbox 56 876 122 898; x_wconf 86' lang='lat' dir='ltr'><strong>nua</strong></span> <span class='ocrx_word' id='word_1_86' title='bbox 135 870 229 908; x_wconf 80' lang='lat' dir='ltr'><strong>vitae,</strong></span> <span class='ocrx_word' id='word_1_87' title='bbox 245 870 310 900; x_wconf 89' lang='lat' dir='ltr'><strong>erit</strong></span> <span class='ocrx_word' id='word_1_88' title='bbox 332 869 466 899; x_wconf 87' lang='lat' dir='ltr'><strong>initium</strong></span> <span class='ocrx_word' id='word_1_89' title='bbox 487 867 669 907; x_wconf 78' lang='lat' dir='ltr'><strong>refrigerii,</strong></span> <span class='ocrx_word' id='word_1_90' title='bbox 694 868 758 899; x_wconf 85' lang='lat' dir='ltr'><strong>erit</strong></span> 
     </span>
     <span class='ocr_line' id='line_1_16' title="bbox 55 914 758 952; baseline 0.001 -9"><span class='ocrx_word' id='word_1_91' title='bbox 55 915 158 945; x_wconf 78' lang='lat' dir='ltr'><strong>sancti</strong></span> <span class='ocrx_word' id='word_1_92' title='bbox 173 915 261 945; x_wconf 90' lang='lat' dir='ltr'><strong>illius</strong></span> <span class='ocrx_word' id='word_1_93' title='bbox 275 915 394 945; x_wconf 82' lang='lat' dir='ltr'><strong>montis</strong></span> <span class='ocrx_word' id='word_1_94' title='bbox 411 915 516 952; x_wconf 85' lang='lat' dir='ltr'><strong>scala,</strong></span> <span class='ocrx_word' id='word_1_95' title='bbox 538 915 572 944; x_wconf 89' lang='lat' dir='ltr'><strong>et</strong></span> <span class='ocrx_word' id='word_1_96' title='bbox 594 914 758 952; x_wconf 78' lang='lat' dir='ltr'><strong>ingressus</strong></span> 
     </span>
     <span class='ocr_line' id='line_1_17' title="bbox 54 958 758 999; baseline 0.001 -11"><span class='ocrx_word' id='word_1_97' title='bbox 54 959 207 990; x_wconf 87' lang='lat' dir='ltr'><strong>inlocum</strong></span> <span class='ocrx_word' id='word_1_98' title='bbox 221 961 424 991; x_wconf 81' lang='lat' dir='ltr'><strong>tabernaculi</strong></span> <span class='ocrx_word' id='word_1_99' title='bbox 439 958 658 997; x_wconf 71' lang='lat' dir='ltr'><strong>admirabilis,</strong></span> <span class='ocrx_word' id='word_1_100' title='bbox 672 960 758 999; x_wconf 87' lang='lat' dir='ltr'><strong>quod</strong></span> 
     </span>
     <span class='ocr_line' id='line_1_18' title="bbox 53 1005 758 1044; baseline 0.001 -10"><span class='ocrx_word' id='word_1_101' title='bbox 53 1005 126 1035; x_wconf 81' lang='lat' dir='ltr'><strong>fixit</strong></span> <span class='ocrx_word' id='word_1_102' title='bbox 140 1007 242 1044; x_wconf 84' lang='lat' dir='ltr'><strong>Deus,</strong></span> <span class='ocrx_word' id='word_1_103' title='bbox 252 1007 286 1037; x_wconf 90' lang='lat' dir='ltr'><strong>et</strong></span> <span class='ocrx_word' id='word_1_104' title='bbox 298 1014 363 1036; x_wconf 89' lang='lat' dir='ltr'><strong>non</strong></span> <span class='ocrx_word' id='word_1_105' title='bbox 377 1006 532 1036; x_wconf 89' lang='lat' dir='ltr'><strong>homo.1n</strong></span> <span class='ocrx_word' id='word_1_106' title='bbox 547 1005 686 1043; x_wconf 84' lang='lat' dir='ltr'><strong>septima</strong></span> <span class='ocrx_word' id='word_1_107' title='bbox 697 1006 758 1035; x_wconf 86' lang='lat' dir='ltr'><strong>ita-</strong></span> 
     </span>
     <span class='ocr_line' id='line_1_19' title="bbox 54 1051 757 1091; baseline 0.001 -10"><span class='ocrx_word' id='word_1_108' title='bbox 54 1059 118 1089; x_wconf 87' lang='lat' dir='ltr'><strong>que</strong></span> <span class='ocrx_word' id='word_1_109' title='bbox 136 1060 202 1082; x_wconf 93' lang='lat' dir='ltr'><strong>non</strong></span> <span class='ocrx_word' id='word_1_110' title='bbox 221 1053 334 1091; x_wconf 80' lang='lat' dir='ltr'><strong>tanget</strong></span> <span class='ocrx_word' id='word_1_111' title='bbox 354 1052 387 1082; x_wconf 90' lang='lat' dir='ltr'><strong>te</strong></span> <span class='ocrx_word' id='word_1_112' title='bbox 409 1051 544 1082; x_wconf 86' lang='lat' dir='ltr'><strong>malum.</strong></span> <span class='ocrx_word' id='word_1_113' title='bbox 560 1052 679 1081; x_wconf 79' lang='lat' dir='ltr'><strong>Malum</strong></span> <span class='ocrx_word' id='word_1_114' title='bbox 693 1051 757 1082; x_wconf 91' lang='lat' dir='ltr'><strong>uti-</strong></span> 
     </span>
     <span class='ocr_line' id='line_1_20' title="bbox 55 1096 755 1136; baseline -0.001 -9"><span class='ocrx_word' id='word_1_115' title='bbox 55 1105 117 1134; x_wconf 89' lang='lat' dir='ltr'><strong>que</strong></span> <span class='ocrx_word' id='word_1_116' title='bbox 127 1097 354 1136; x_wconf 86' lang='lat' dir='ltr'><strong>triplex,quod</strong></span> <span class='ocrx_word' id='word_1_117' title='bbox 366 1105 421 1127; x_wconf 92' lang='lat' dir='ltr'><strong>eos</strong></span> <span class='ocrx_word' id='word_1_118' title='bbox 431 1098 542 1127; x_wconf 89' lang='lat' dir='ltr'><strong>manet</strong></span> <span class='ocrx_word' id='word_1_119' title='bbox 556 1096 591 1126; x_wconf 91' lang='lat' dir='ltr'><strong>in</strong></span> <span class='ocrx_word' id='word_1_120' title='bbox 606 1096 755 1134; x_wconf 87' lang='lat' dir='ltr'><strong>septima,</strong></span> 
     </span>
     <span class='ocr_line' id='line_1_21' title="bbox 55 1141 757 1179; baseline 0.006 -10"><span class='ocrx_word' id='word_1_121' title='bbox 55 1142 110 1179; x_wconf 81' lang='lat' dir='ltr'><strong>qui</strong></span> <span class='ocrx_word' id='word_1_122' title='bbox 132 1142 167 1172; x_wconf 90' lang='lat' dir='ltr'><strong>in</strong></span> <span class='ocrx_word' id='word_1_123' title='bbox 188 1151 246 1172; x_wconf 88' lang='lat' dir='ltr'><strong>sex</strong></span> <span class='ocrx_word' id='word_1_124' title='bbox 264 1142 532 1172; x_wconf 80' lang='lat' dir='ltr'><strong>tribulationibus</strong></span> <span class='ocrx_word' id='word_1_125' title='bbox 553 1141 757 1173; x_wconf 87' lang='lat' dir='ltr'><strong>dissimulant</strong></span> 
     </span>
     <span class='ocr_line' id='line_1_22' title="bbox 56 1187 756 1224; baseline 0.003 -9"><span class='ocrx_word' id='word_1_126' title='bbox 56 1187 200 1224; x_wconf 75' lang='lat' dir='ltr'><strong>perfecte</strong></span> <span class='ocrx_word' id='word_1_127' title='bbox 220 1187 353 1217; x_wconf 84' lang='lat' dir='ltr'><strong>interim</strong></span> <span class='ocrx_word' id='word_1_128' title='bbox 369 1187 524 1224; x_wconf 87' lang='lat' dir='ltr'><strong>liberari,</strong></span> <span class='ocrx_word' id='word_1_129' title='bbox 550 1194 612 1217; x_wconf 89' lang='lat' dir='ltr'><strong>nec</strong></span> <span class='ocrx_word' id='word_1_130' title='bbox 635 1187 672 1217; x_wconf 87' lang='lat' dir='ltr'><strong>in</strong></span> <span class='ocrx_word' id='word_1_131' title='bbox 697 1195 756 1218; x_wconf 87' lang='lat' dir='ltr'><strong>sex</strong></span> 
     </span>
     <span class='ocr_line' id='line_1_23' title="bbox 54 1231 757 1270; baseline 0.003 -10"><span class='ocrx_word' id='word_1_132' title='bbox 54 1232 180 1270; x_wconf 86' lang='lat' dir='ltr'><strong>hydriis</strong></span> <span class='ocrx_word' id='word_1_133' title='bbox 205 1232 418 1270; x_wconf 86' lang='lat' dir='ltr'><strong>purificantur</strong></span> <span class='ocrx_word' id='word_1_134' title='bbox 448 1232 489 1261; x_wconf 89' lang='lat' dir='ltr'><strong>ad</strong></span> <span class='ocrx_word' id='word_1_135' title='bbox 516 1231 697 1269; x_wconf 83' lang='lat' dir='ltr'><strong>liquidum,</strong></span> <span class='ocrx_word' id='word_1_136' title='bbox 719 1233 757 1262; x_wconf 83' lang='lat' dir='ltr'><strong>ut</strong></span> 
     </span>
     <span class='ocr_line' id='line_1_24' title="bbox 55 1276 757 1315; baseline -0.001 -7"><span class='ocrx_word' id='word_1_137' title='bbox 55 1277 271 1308; x_wconf 75' lang='lat' dir='ltr'><strong>exhibeantur</strong></span> <span class='ocrx_word' id='word_1_138' title='bbox 285 1277 320 1306; x_wconf 91' lang='lat' dir='ltr'><strong>in</strong></span> <span class='ocrx_word' id='word_1_139' title='bbox 333 1276 458 1315; x_wconf 89' lang='lat' dir='ltr'><strong>nuptiis</strong></span> <span class='ocrx_word' id='word_1_140' title='bbox 477 1276 585 1314; x_wconf 87' lang='lat' dir='ltr'><strong>sponsi</strong></span> <span class='ocrx_word' id='word_1_141' title='bbox 607 1284 673 1306; x_wconf 86' lang='lat' dir='ltr'><strong>non</strong></span> <span class='ocrx_word' id='word_1_142' title='bbox 696 1277 757 1307; x_wconf 89' lang='lat' dir='ltr'><strong>ha-</strong></span> 
     </span>
     <span class='ocr_line' id='line_1_25' title="bbox 54 1323 754 1360; baseline 0 -7"><span class='ocrx_word' id='word_1_143' title='bbox 54 1323 169 1354; x_wconf 82' lang='lat' dir='ltr'><strong>bentes</strong></span> <span class='ocrx_word' id='word_1_144' title='bbox 186 1323 347 1353; x_wconf 82' lang='lat' dir='ltr'><strong>maculam</strong></span> <span class='ocrx_word' id='word_1_145' title='bbox 367 1329 476 1360; x_wconf 90' lang='lat' dir='ltr'><strong>neque</strong></span> <span class='ocrx_word' id='word_1_146' title='bbox 490 1329 614 1358; x_wconf 79' lang='lat' dir='ltr'><strong>rugam.</strong></span> <span class='ocrx_word' id='word_1_147' title='bbox 631 1323 754 1353; x_wconf 74' lang='lat' dir='ltr'><strong>MANET</strong></span> 
     </span>
     <span class='ocr_line' id='line_1_26' title="bbox 55 1367 756 1405; baseline -0.003 -7"><span class='ocrx_word' id='word_1_148' title='bbox 55 1369 143 1398; x_wconf 82' lang='lat' dir='ltr'><strong>enim</strong></span> <span class='ocrx_word' id='word_1_149' title='bbox 153 1377 208 1398; x_wconf 88' lang='lat' dir='ltr'><strong>eos</strong></span> <span class='ocrx_word' id='word_1_150' title='bbox 221 1369 334 1398; x_wconf 91' lang='lat' dir='ltr'><strong>horror</strong></span> <span class='ocrx_word' id='word_1_151' title='bbox 344 1367 379 1397; x_wconf 86' lang='lat' dir='ltr'><strong>in</strong></span> <span class='ocrx_word' id='word_1_152' title='bbox 394 1367 498 1405; x_wconf 86' lang='lat' dir='ltr'><strong>exitu,</strong></span> <span class='ocrx_word' id='word_1_153' title='bbox 507 1367 596 1397; x_wconf 89' lang='lat' dir='ltr'><strong>dolor</strong></span> <span class='ocrx_word' id='word_1_154' title='bbox 606 1367 642 1396; x_wconf 89' lang='lat' dir='ltr'><strong>in</strong></span> <span class='ocrx_word' id='word_1_155' title='bbox 653 1368 756 1397; x_wconf 87' lang='lat' dir='ltr'><strong>trans-</strong></span> 
     </span>
     <span class='ocr_line' id='line_1_27' title="bbox 55 1411 754 1452; baseline -0.001 -9"><span class='ocrx_word' id='word_1_156' title='bbox 55 1414 104 1443; x_wconf 77' lang='lat' dir='ltr'><strong>itu</strong></span> <span class='ocrx_word' id='word_1_157' title='bbox 117 1433 128 1452; x_wconf 86' lang='lat'><strong>,</strong></span> <span class='ocrx_word' id='word_1_158' title='bbox 147 1412 250 1452; x_wconf 87' lang='lat' dir='ltr'><strong>pudor</strong></span> <span class='ocrx_word' id='word_1_159' title='bbox 264 1412 300 1443; x_wconf 87' lang='lat' dir='ltr'><strong>in</strong></span> <span class='ocrx_word' id='word_1_160' title='bbox 319 1412 494 1452; x_wconf 79' lang='lat' dir='ltr'><strong>conspectu</strong></span> <span class='ocrx_word' id='word_1_161' title='bbox 514 1411 625 1452; x_wconf 73' lang='lat' dir='ltr'><strong>gloriae</strong></span> <span class='ocrx_word' id='word_1_162' title='bbox 645 1413 754 1451; x_wconf 84' lang='lat' dir='ltr'><strong>magni</strong></span> 
     </span>
     <span class='ocr_line' id='line_1_28' title="bbox 55 1460 128 1490; baseline 0.027 -2"><span class='ocrx_word' id='word_1_163' title='bbox 55 1460 128 1490; x_wconf 90' lang='lat' dir='ltr'><strong>Dei.</strong></span> 
     </span>
    </p>

    <p class='ocr_par' dir='ltr' id='par_1_5' title="bbox 50 1501 758 2590">
     <span class='ocr_line' id='line_1_29' title="bbox 94 1501 753 1541; baseline -0.002 -7"><span class='ocrx_word' id='word_1_164' title='bbox 94 1505 125 1535; x_wconf 89' lang='lat'><strong>6.</strong></span> <span class='ocrx_word' id='word_1_165' title='bbox 141 1504 231 1534; x_wconf 90' lang='lat' dir='ltr'><strong>Unde</strong></span> <span class='ocrx_word' id='word_1_166' title='bbox 245 1503 339 1535; x_wconf 89' lang='lat' dir='ltr'><strong>nobis</strong></span> <span class='ocrx_word' id='word_1_167' title='bbox 365 1501 428 1535; x_wconf 83' lang='lat' dir='ltr'><strong>ista</strong></span> <span class='ocrx_word' id='word_1_168' title='bbox 452 1501 666 1534; x_wconf 87' lang='lat' dir='ltr'><strong>dissimulatio</strong></span> <span class='ocrx_word' id='word_1_169' title='bbox 688 1501 753 1541; x_wconf 80' lang='lat' dir='ltr'><strong>est,</strong></span> 
     </span>
     <span class='ocr_line' id='line_1_30' title="bbox 55 1549 755 1586; baseline -0.003 -6"><span class='ocrx_word' id='word_1_170' title='bbox 55 1552 179 1581; x_wconf 82' lang='lat' dir='ltr'><strong>Fratres</strong></span> <span class='ocrx_word' id='word_1_171' title='bbox 189 1550 255 1580; x_wconf 90' lang='lat' dir='ltr'><strong>mei</strong></span> <span class='ocrx_word' id='word_1_172' title='bbox 268 1549 280 1579; x_wconf 99' lang='lat'>3</span> <span class='ocrx_word' id='word_1_173' title='bbox 291 1549 383 1579; x_wconf 87' lang='lat' dir='ltr'><strong>Unde</strong></span> <span class='ocrx_word' id='word_1_174' title='bbox 401 1550 472 1579; x_wconf 85' lang='lat' dir='ltr'><strong>haec</strong></span> <span class='ocrx_word' id='word_1_175' title='bbox 486 1550 554 1579; x_wconf 88' lang='lat' dir='ltr'><strong>tam</strong></span> <span class='ocrx_word' id='word_1_176' title='bbox 573 1549 755 1586; x_wconf 87' lang='lat' dir='ltr'><strong>perniciosa</strong></span> 
     </span>
     <span class='ocr_line' id='line_1_31' title="bbox 55 1595 755 1636; baseline -0.004 -9"><span class='ocrx_word' id='word_1_177' title='bbox 55 1596 310 1636; x_wconf 81' lang='lat' dir='ltr'><strong>tepiditas,unde</strong></span> <span class='ocrx_word' id='word_1_178' title='bbox 322 1597 391 1626; x_wconf 80' lang='lat' dir='ltr'><strong>haec</strong></span> <span class='ocrx_word' id='word_1_179' title='bbox 402 1595 558 1625; x_wconf 79' lang='lat' dir='ltr'><strong>securitas</strong></span> <span class='ocrx_word' id='word_1_180' title='bbox 568 1595 755 1625; x_wconf 77' lang='lat' dir='ltr'><strong>maledicta?</strong></span> 
     </span>
     <span class='ocr_line' id='line_1_32' title="bbox 54 1640 756 1679; baseline -0.001 -7"><span class='ocrx_word' id='word_1_181' title='bbox 54 1643 138 1679; x_wconf 85' lang='lat' dir='ltr'><strong>Quid</strong></span> <span class='ocrx_word' id='word_1_182' title='bbox 163 1642 347 1673; x_wconf 82' lang='lat' dir='ltr'><strong>seducimus</strong></span> <span class='ocrx_word' id='word_1_183' title='bbox 369 1642 482 1671; x_wconf 86' lang='lat' dir='ltr'><strong>miseri</strong></span> <span class='ocrx_word' id='word_1_184' title='bbox 509 1641 723 1678; x_wconf 80' lang='lat' dir='ltr'><strong>nosmetipsos</strong></span> <span class='ocrx_word' id='word_1_185' title='bbox 743 1640 756 1671; x_wconf 95' lang='lat'>3</span> 
     </span>
     <span class='ocr_line' id='line_1_33' title="bbox 56 1686 757 1725; baseline -0.001 -8"><span class='ocrx_word' id='word_1_186' title='bbox 56 1689 199 1718; x_wconf 79' lang='lat' dir='ltr'><strong>Forsitan</strong></span> <span class='ocrx_word' id='word_1_187' title='bbox 218 1688 286 1725; x_wconf 69' lang='lat' dir='ltr'><strong>Jam</strong></span> <span class='ocrx_word' id='word_1_188' title='bbox 299 1687 419 1718; x_wconf 88' lang='lat' dir='ltr'><strong>divites</strong></span> <span class='ocrx_word' id='word_1_189' title='bbox 433 1687 510 1716; x_wconf 78' lang='lat' dir='ltr'><strong>facti</strong></span> <span class='ocrx_word' id='word_1_190' title='bbox 523 1695 650 1723; x_wconf 81' lang='lat' dir='ltr'><strong>sumus,</strong></span> <span class='ocrx_word' id='word_1_191' title='bbox 664 1686 757 1716; x_wconf 79' lang='lat' dir='ltr'><strong>forsi-</strong></span> 
     </span>
     <span class='ocr_line' id='line_1_34' title="bbox 56 1731 756 1772; baseline -0.001 -9"><span class='ocrx_word' id='word_1_192' title='bbox 56 1735 110 1763; x_wconf 92' lang='lat' dir='ltr'><strong>tan</strong></span> <span class='ocrx_word' id='word_1_193' title='bbox 120 1734 186 1771; x_wconf 87' lang='lat' dir='ltr'><strong>J&#39;am</strong></span> <span class='ocrx_word' id='word_1_194' title='bbox 193 1741 377 1772; x_wconf 82' lang='lat' dir='ltr'><strong>regnamus.</strong></span> <span class='ocrx_word' id='word_1_195' title='bbox 393 1733 505 1761; x_wconf 87' lang='lat' dir='ltr'><strong>Nonne</strong></span> <span class='ocrx_word' id='word_1_196' title='bbox 517 1732 635 1761; x_wconf 82' lang='lat' dir='ltr'><strong>ostium</strong></span> <span class='ocrx_word' id='word_1_197' title='bbox 643 1731 756 1762; x_wconf 89' lang='lat' dir='ltr'><strong>domus</strong></span> 
     </span>
     <span class='ocr_line' id='line_1_35' title="bbox 56 1777 757 1814; baseline -0.001 -7"><span class='ocrx_word' id='word_1_198' title='bbox 56 1780 171 1809; x_wconf 84' lang='lat' dir='ltr'><strong>uostrae</strong></span> <span class='ocrx_word' id='word_1_199' title='bbox 184 1778 358 1808; x_wconf 87' lang='lat' dir='ltr'><strong>horribiles</strong></span> <span class='ocrx_word' id='word_1_200' title='bbox 369 1777 420 1806; x_wconf 90' lang='lat' dir='ltr'><strong>illi</strong></span> <span class='ocrx_word' id='word_1_201' title='bbox 434 1777 568 1814; x_wconf 87' lang='lat' dir='ltr'><strong>spiritus</strong></span> <span class='ocrx_word' id='word_1_202' title='bbox 585 1777 757 1807; x_wconf 74' lang='lat' dir='ltr'><strong>obsident?</strong></span> 
     </span>
     <span class='ocr_line' id='line_1_36' title="bbox 57 1821 758 1853; baseline -0.001 -2"><span class='ocrx_word' id='word_1_203' title='bbox 57 1824 167 1853; x_wconf 72' lang='lat' dir='ltr'><strong>Nonne</strong></span> <span class='ocrx_word' id='word_1_204' title='bbox 182 1823 309 1853; x_wconf 80' lang='lat' dir='ltr'><strong>exitum</strong></span> <span class='ocrx_word' id='word_1_205' title='bbox 323 1823 471 1852; x_wconf 89' lang='lat' dir='ltr'><strong>nostrum</strong></span> <span class='ocrx_word' id='word_1_206' title='bbox 486 1821 626 1851; x_wconf 81' lang='lat' dir='ltr'><strong>larvales</strong></span> <span class='ocrx_word' id='word_1_207' title='bbox 637 1822 701 1851; x_wconf 88' lang='lat' dir='ltr'><strong>illae</strong></span> <span class='ocrx_word' id='word_1_208' title='bbox 712 1821 758 1851; x_wconf 81' lang='lat' dir='ltr'><strong>sa-</strong></span> 
     </span>
     <span class='ocr_line' id='line_1_37' title="bbox 58 1866 755 1906; baseline -0.001 -9"><span class='ocrx_word' id='word_1_209' title='bbox 58 1869 122 1898; x_wconf 62' lang='lat' dir='ltr'><strong>vies</strong></span> <span class='ocrx_word' id='word_1_210' title='bbox 137 1868 364 1906; x_wconf 85' lang='lat' dir='ltr'><strong>praestolantur</strong></span> <span class='ocrx_word' id='word_1_211' title='bbox 374 1867 386 1897; x_wconf 89' lang='lat'>3</span> <span class='ocrx_word' id='word_1_212' title='bbox 397 1866 475 1904; x_wconf 85' lang='lat' dir='ltr'><strong>Quis</strong></span> <span class='ocrx_word' id='word_1_213' title='bbox 486 1867 543 1896; x_wconf 88' lang='lat' dir='ltr'><strong>ille</strong></span> <span class='ocrx_word' id='word_1_214' title='bbox 560 1875 660 1905; x_wconf 87' lang='lat' dir='ltr'><strong>pavor</strong></span> <span class='ocrx_word' id='word_1_215' title='bbox 675 1867 755 1905; x_wconf 80' lang='lat' dir='ltr'><strong>erit,</strong></span> 
     </span>
     <span class='ocr_line' id='line_1_38' title="bbox 57 1912 754 1952; baseline 0 -9"><span class='ocrx_word' id='word_1_216' title='bbox 57 1922 75 1943; x_wconf 87' lang='lat' dir='ltr'><strong>o</strong></span> <span class='ocrx_word' id='word_1_217' title='bbox 97 1914 202 1943; x_wconf 83' lang='lat' dir='ltr'><strong>anima</strong></span> <span class='ocrx_word' id='word_1_218' title='bbox 224 1920 310 1950; x_wconf 80' lang='lat' dir='ltr'><strong>mea,</strong></span> <span class='ocrx_word' id='word_1_219' title='bbox 324 1920 397 1942; x_wconf 89' lang='lat' dir='ltr'><strong>cum</strong></span> <span class='ocrx_word' id='word_1_220' title='bbox 420 1912 560 1942; x_wconf 89' lang='lat' dir='ltr'><strong>dimissis</strong></span> <span class='ocrx_word' id='word_1_221' title='bbox 584 1913 754 1952; x_wconf 88' lang='lat' dir='ltr'><strong>omnibus,</strong></span> 
     </span>
     <span class='ocr_line' id='line_1_39' title="bbox 56 1957 754 1998; baseline 0.006 -13"><span class='ocrx_word' id='word_1_222' title='bbox 56 1966 191 1996; x_wconf 79' lang='lat' dir='ltr'><strong>quorum</strong></span> <span class='ocrx_word' id='word_1_223' title='bbox 199 1957 260 1987; x_wconf 90' lang='lat' dir='ltr'><strong>tibi</strong></span> <span class='ocrx_word' id='word_1_224' title='bbox 275 1957 324 1988; x_wconf 83' lang='lat' dir='ltr'><strong>est</strong></span> <span class='ocrx_word' id='word_1_225' title='bbox 336 1958 403 1988; x_wconf 91' lang='lat' dir='ltr'><strong>tam</strong></span> <span class='ocrx_word' id='word_1_226' title='bbox 415 1957 558 1994; x_wconf 85' lang='lat' dir='ltr'><strong>jucunda</strong></span> <span class='ocrx_word' id='word_1_227' title='bbox 569 1960 754 1998; x_wconf 83' lang='lat' dir='ltr'><strong>praesentia,</strong></span> 
     </span>
     <span class='ocr_line' id='line_1_40' title="bbox 55 2003 755 2042; baseline 0.003 -10"><span class='ocrx_word' id='word_1_228' title='bbox 55 2006 121 2032; x_wconf 77' lang='lat' dir='ltr'><strong>tam</strong></span> <span class='ocrx_word' id='word_1_229' title='bbox 145 2003 253 2040; x_wconf 84' lang='lat' dir='ltr'><strong>gratus</strong></span> <span class='ocrx_word' id='word_1_230' title='bbox 277 2003 442 2041; x_wconf 87' lang='lat' dir='ltr'><strong>aspectus,</strong></span> <span class='ocrx_word' id='word_1_231' title='bbox 466 2003 663 2033; x_wconf 85' lang='lat' dir='ltr'><strong>cohabitatio</strong></span> <span class='ocrx_word' id='word_1_232' title='bbox 685 2004 755 2042; x_wconf 88' lang='lat' dir='ltr'><strong>ipsa</strong></span> 
     </span>
     <span class='ocr_line' id='line_1_41' title="bbox 54 2048 755 2088; baseline 0.004 -11"><span class='ocrx_word' id='word_1_233' title='bbox 54 2048 311 2086; x_wconf 72' lang='lat' dir='ltr'><strong>tsmfamiliaris3</strong></span> <span class='ocrx_word' id='word_1_234' title='bbox 328 2049 394 2079; x_wconf 85' lang='lat' dir='ltr'><strong>sola</strong></span> <span class='ocrx_word' id='word_1_235' title='bbox 408 2049 596 2088; x_wconf 81' lang='lat' dir='ltr'><strong>ingrediens</strong></span> <span class='ocrx_word' id='word_1_236' title='bbox 610 2050 755 2088; x_wconf 82' lang='lat' dir='ltr'><strong>incogni-</strong></span> 
     </span>
     <span class='ocr_line' id='line_1_42' title="bbox 54 2094 753 2133; baseline 0.004 -9"><span class='ocrx_word' id='word_1_237' title='bbox 54 2096 120 2124; x_wconf 84' lang='lat' dir='ltr'><strong>tam</strong></span> <span class='ocrx_word' id='word_1_238' title='bbox 135 2094 266 2133; x_wconf 86' lang='lat' dir='ltr'><strong>penitus</strong></span> <span class='ocrx_word' id='word_1_239' title='bbox 276 2095 457 2133; x_wconf 79' lang='lat' dir='ltr'><strong>regionem,</strong></span> <span class='ocrx_word' id='word_1_240' title='bbox 473 2096 674 2126; x_wconf 86' lang='lat' dir='ltr'><strong>occursantia</strong></span> <span class='ocrx_word' id='word_1_241' title='bbox 695 2097 753 2127; x_wconf 87' lang='lat' dir='ltr'><strong>tibi</strong></span> 
     </span>
     <span class='ocr_line' id='line_1_43' title="bbox 55 2140 753 2173; baseline 0.004 -3"><span class='ocrx_word' id='word_1_242' title='bbox 55 2140 244 2170; x_wconf 80' lang='lat' dir='ltr'><strong>catervatim</strong></span> <span class='ocrx_word' id='word_1_243' title='bbox 258 2149 354 2170; x_wconf 90' lang='lat' dir='ltr'><strong>ruere</strong></span> <span class='ocrx_word' id='word_1_244' title='bbox 366 2140 532 2171; x_wconf 87' lang='lat' dir='ltr'><strong>teterrima</strong></span> <span class='ocrx_word' id='word_1_245' title='bbox 547 2141 604 2171; x_wconf 88' lang='lat' dir='ltr'><strong>illa</strong></span> <span class='ocrx_word' id='word_1_246' title='bbox 613 2143 753 2173; x_wconf 88' lang='lat' dir='ltr'><strong>monstra</strong></span> 
     </span>
     <span class='ocr_line' id='line_1_44' title="bbox 53 2186 754 2223; baseline 0.006 -8"><span class='ocrx_word' id='word_1_247' title='bbox 53 2186 204 2216; x_wconf 65' lang='lat' dir='ltr'><strong>videbis?</strong></span> <span class='ocrx_word' id='word_1_248' title='bbox 223 2187 302 2223; x_wconf 87' lang='lat' dir='ltr'><strong>Quis</strong></span> <span class='ocrx_word' id='word_1_249' title='bbox 318 2187 378 2216; x_wconf 90' lang='lat' dir='ltr'><strong>tibi</strong></span> <span class='ocrx_word' id='word_1_250' title='bbox 398 2187 433 2217; x_wconf 91' lang='lat' dir='ltr'><strong>in</strong></span> <span class='ocrx_word' id='word_1_251' title='bbox 448 2187 502 2217; x_wconf 90' lang='lat' dir='ltr'><strong>die</strong></span> <span class='ocrx_word' id='word_1_252' title='bbox 521 2188 620 2218; x_wconf 86' lang='lat' dir='ltr'><strong>tantae</strong></span> <span class='ocrx_word' id='word_1_253' title='bbox 639 2196 754 2219; x_wconf 87' lang='lat' dir='ltr'><strong>neces-</strong></span> 
     </span>
     <span class='ocr_line' id='line_1_45' title="bbox 53 2231 754 2272; baseline 0.007 -12"><span class='ocrx_word' id='word_1_254' title='bbox 53 2232 157 2261; x_wconf 79' lang='lat' dir='ltr'><strong>sitatis</strong></span> <span class='ocrx_word' id='word_1_255' title='bbox 168 2231 336 2262; x_wconf 74' lang='lat' dir='ltr'><strong>occurret?</strong></span> <span class='ocrx_word' id='word_1_256' title='bbox 347 2231 423 2269; x_wconf 87' lang='lat' dir='ltr'><strong>Quis</strong></span> <span class='ocrx_word' id='word_1_257' title='bbox 438 2232 583 2263; x_wconf 88' lang='lat' dir='ltr'><strong>tuebitur</strong></span> <span class='ocrx_word' id='word_1_258' title='bbox 593 2241 611 2263; x_wconf 90' lang='lat' dir='ltr'><strong>a</strong></span> <span class='ocrx_word' id='word_1_259' title='bbox 619 2235 754 2272; x_wconf 79' lang='lat' dir='ltr'><strong>rugien-</strong></span> 
     </span>
     <span class='ocr_line' id='line_1_46' title="bbox 52 2277 753 2317; baseline 0.007 -11"><span class='ocrx_word' id='word_1_260' title='bbox 52 2277 138 2306; x_wconf 78' lang='lat' dir='ltr'><strong>tibus</strong></span> <span class='ocrx_word' id='word_1_261' title='bbox 149 2277 336 2316; x_wconf 73' lang='lat' dir='ltr'><strong>praeparatis</strong></span> <span class='ocrx_word' id='word_1_262' title='bbox 359 2278 400 2308; x_wconf 87' lang='lat' dir='ltr'><strong>ad</strong></span> <span class='ocrx_word' id='word_1_263' title='bbox 414 2285 521 2309; x_wconf 85' lang='lat' dir='ltr'><strong>eseam</strong></span> <span class='ocrx_word' id='word_1_264' title='bbox 532 2278 545 2308; x_wconf 88' lang='lat'>3</span> <span class='ocrx_word' id='word_1_265' title='bbox 557 2280 629 2317; x_wconf 89' lang='lat' dir='ltr'><strong>quis</strong></span> <span class='ocrx_word' id='word_1_266' title='bbox 641 2288 753 2311; x_wconf 88' lang='lat' dir='ltr'><strong>conso-</strong></span> 
     </span>
     <span class='ocr_line' id='line_1_47' title="bbox 51 2322 751 2365; baseline 0.007 -14"><span class='ocrx_word' id='word_1_267' title='bbox 51 2322 170 2352; x_wconf 80' lang='lat' dir='ltr'><strong>labitur</strong></span> <span class='ocrx_word' id='word_1_268' title='bbox 186 2322 199 2352; x_wconf 72' lang='grc' dir='ltr'>ἓ</span> <span class='ocrx_word' id='word_1_269' title='bbox 227 2323 300 2361; x_wconf 84' lang='lat' dir='ltr'><strong>quis</strong></span> <span class='ocrx_word' id='word_1_270' title='bbox 335 2322 475 2354; x_wconf 85' lang='lat' dir='ltr'><strong>deducet</strong></span> <span class='ocrx_word' id='word_1_271' title='bbox 487 2324 501 2353; x_wconf 83' lang='lat'>3</span> <span class='ocrx_word' id='word_1_272' title='bbox 523 2324 631 2355; x_wconf 84' lang='lat' dir='ltr'><strong>Filioli</strong></span> <span class='ocrx_word' id='word_1_273' title='bbox 666 2327 751 2365; x_wconf 86' lang='lat' dir='ltr'><strong>mei,</strong></span> 
     </span>
     <span class='ocr_line' id='line_1_48' title="bbox 50 2369 751 2410; baseline 0.006 -12"><span class='ocrx_word' id='word_1_274' title='bbox 50 2375 268 2398; x_wconf 85' lang='lat' dir='ltr'><strong>memoremur</strong></span> <span class='ocrx_word' id='word_1_275' title='bbox 280 2369 350 2399; x_wconf 78' lang='lat' dir='ltr'><strong>haec</strong></span> <span class='ocrx_word' id='word_1_276' title='bbox 367 2370 541 2400; x_wconf 81' lang='lat' dir='ltr'><strong>novissima</strong></span> <span class='ocrx_word' id='word_1_277' title='bbox 564 2371 685 2410; x_wconf 87' lang='lat' dir='ltr'><strong>nostra,</strong></span> <span class='ocrx_word' id='word_1_278' title='bbox 709 2381 751 2403; x_wconf 89' lang='lat' dir='ltr'><strong>ne</strong></span> 
     </span>
     <span class='ocr_line' id='line_1_49' title="bbox 51 2414 753 2453; baseline 0.009 -12"><span class='ocrx_word' id='word_1_279' title='bbox 51 2414 315 2450; x_wconf 70' lang='lat' dir='ltr'><strong>peccenius.Nam</strong></span> <span class='ocrx_word' id='word_1_280' title='bbox 324 2415 356 2444; x_wconf 92' lang='lat' dir='ltr'><strong>et</strong></span> <span class='ocrx_word' id='word_1_281' title='bbox 364 2422 422 2453; x_wconf 86' lang='lat' dir='ltr'><strong>per</strong></span> <span class='ocrx_word' id='word_1_282' title='bbox 430 2415 537 2453; x_wconf 78' lang='lat' dir='ltr'><strong>ignem</strong></span> <span class='ocrx_word' id='word_1_283' title='bbox 545 2415 638 2446; x_wconf 85' lang='lat' dir='ltr'><strong>nohis</strong></span> <span class='ocrx_word' id='word_1_284' title='bbox 650 2417 753 2448; x_wconf 86' lang='lat' dir='ltr'><strong>trans-</strong></span> 
     </span>
     <span class='ocr_line' id='line_1_50' title="bbox 51 2458 751 2501; baseline 0.009 -14"><span class='ocrx_word' id='word_1_285' title='bbox 51 2458 194 2488; x_wconf 72' lang='lat' dir='ltr'><strong>cundum</strong></span> <span class='ocrx_word' id='word_1_286' title='bbox 220 2460 269 2489; x_wconf 89' lang='lat' dir='ltr'><strong>est</strong></span> <span class='ocrx_word' id='word_1_287' title='bbox 284 2467 293 2496; x_wconf 84' lang='lat'><em>3</em></span> <span class='ocrx_word' id='word_1_288' title='bbox 323 2460 356 2489; x_wconf 85' lang='lat' dir='ltr'><strong>et</strong></span> <span class='ocrx_word' id='word_1_289' title='bbox 386 2461 640 2500; x_wconf 87' lang='lat' dir='ltr'><strong>uniuscujusque</strong></span> <span class='ocrx_word' id='word_1_290' title='bbox 671 2471 751 2501; x_wconf 90' lang='lat' dir='ltr'><strong>opus</strong></span> 
     </span>
     <span class='ocr_line' id='line_1_51' title="bbox 51 2504 751 2543; baseline 0.01 -11"><span class='ocrx_word' id='word_1_291' title='bbox 51 2504 145 2541; x_wconf 83' lang='lat' dir='ltr'><strong>quale</strong></span> <span class='ocrx_word' id='word_1_292' title='bbox 157 2504 212 2542; x_wconf 87' lang='lat' dir='ltr'><strong>sit,</strong></span> <span class='ocrx_word' id='word_1_293' title='bbox 227 2504 310 2542; x_wconf 81' lang='lat' dir='ltr'><strong>ignis</strong></span> <span class='ocrx_word' id='word_1_294' title='bbox 320 2505 482 2543; x_wconf 80' lang='lat' dir='ltr'><strong>probabit.</strong></span> <span class='ocrx_word' id='word_1_295' title='bbox 495 2507 544 2536; x_wconf 91' lang='lat' dir='ltr'><strong>lbi</strong></span> <span class='ocrx_word' id='word_1_296' title='bbox 559 2515 673 2538; x_wconf 86' lang='lat' dir='ltr'><strong>aurum</strong></span> <span class='ocrx_word' id='word_1_297' title='bbox 680 2517 751 2540; x_wconf 87' lang='lat' dir='ltr'><strong>nos-</strong></span> 
     </span>
     <span class='ocr_line' id='line_1_52' title="bbox 53 2551 751 2590; baseline 0.009 -11"><span class='ocrx_word' id='word_1_298' title='bbox 53 2552 137 2580; x_wconf 86' lang='lat' dir='ltr'><strong>trum</strong></span> <span class='ocrx_word' id='word_1_299' title='bbox 151 2552 300 2581; x_wconf 86' lang='lat' dir='ltr'><strong>vertetur</strong></span> <span class='ocrx_word' id='word_1_300' title='bbox 311 2551 346 2581; x_wconf 92' lang='lat' dir='ltr'><strong>in</strong></span> <span class='ocrx_word' id='word_1_301' title='bbox 362 2551 511 2590; x_wconf 87' lang='lat' dir='ltr'><strong>scoriam,</strong></span> <span class='ocrx_word' id='word_1_302' title='bbox 524 2553 571 2582; x_wconf 90' lang='lat' dir='ltr'><strong>ibi</strong></span> <span class='ocrx_word' id='word_1_303' title='bbox 585 2555 751 2585; x_wconf 82' lang='lat' dir='ltr'><strong>revelabi—</strong></span> 
     </span>
    </p>
   </div>
   <div class='ocr_carea' id='block_1_5' title="bbox 53 2596 759 2638">
    <p class='ocr_par' dir='ltr' id='par_1_6' title="bbox 53 2596 759 2638">
     <span class='ocr_line' id='line_1_53' title="bbox 53 2596 759 2638; baseline 0.007 -13"><span class='ocrx_word' id='word_1_304' title='bbox 53 2600 104 2625; x_wconf 82' lang='lat' dir='ltr'><strong>tur</strong></span> <span class='ocrx_word' id='word_1_305' title='bbox 115 2596 265 2627; x_wconf 86' lang='lat' dir='ltr'><strong>universa</strong></span> <span class='ocrx_word' id='word_1_306' title='bbox 277 2596 459 2636; x_wconf 88' lang='lat' dir='ltr'><strong>impuritas,</strong></span> <span class='ocrx_word' id='word_1_307' title='bbox 483 2598 527 2627; x_wconf 90' lang='lat' dir='ltr'><strong>ibi</strong></span> <span class='ocrx_word' id='word_1_308' title='bbox 542 2599 670 2630; x_wconf 83' lang='lat' dir='ltr'><strong>Veritas</strong></span> <span class='ocrx_word' id='word_1_309' title='bbox 681 2600 759 2638; x_wconf 86' lang='lat' dir='ltr'><strong>ipsa.</strong></span> 
     </span>
    </p>
   </div>
   <div class='ocr_carea' id='block_1_6' title="bbox 56 2642 746 2681">
    <p class='ocr_par' dir='ltr' id='par_1_7' title="bbox 56 2642 746 2681">
     <span class='ocr_line' id='line_1_54' title="bbox 56 2642 746 2681; baseline 0.01 -12"><span class='ocrx_word' id='word_1_310' title='bbox 56 2642 185 2680; x_wconf 77' lang='lat' dir='ltr'><strong>accepto</strong></span> <span class='ocrx_word' id='word_1_311' title='bbox 200 2643 363 2681; x_wconf 79' lang='lat' dir='ltr'><strong>tempore,</strong></span> <span class='ocrx_word' id='word_1_312' title='bbox 388 2643 470 2681; x_wconf 83' lang='lat' dir='ltr'><strong>quod</strong></span> <span class='ocrx_word' id='word_1_313' title='bbox 497 2645 591 2674; x_wconf 80' lang='lat' dir='ltr'><strong>nobis</strong></span> <span class='ocrx_word' id='word_1_314' title='bbox 617 2645 746 2676; x_wconf 85' lang='lat' dir='ltr'><strong>interim</strong></span> 
     </span>
    </p>
   </div>
   <div class='ocr_carea' id='block_1_7' title="bbox 793 223 1494 401">
    <p class='ocr_par' dir='ltr' id='par_1_8' title="bbox 793 223 1494 401">
     <span class='ocr_line' id='line_1_55' title="bbox 1453 223 1494 252; baseline 0.024 -1"><span class='ocrx_word' id='word_1_315' title='bbox 1453 223 1494 252; x_wconf 85' lang='lat'><strong>59</strong></span> 
     </span>
     <span class='ocr_line' id='line_1_56' title="bbox 795 271 1492 312; baseline 0.007 -11"><span class='ocrx_word' id='word_1_316' title='bbox 795 271 906 302; x_wconf 86' lang='lat' dir='ltr'><strong>datum</strong></span> <span class='ocrx_word' id='word_1_317' title='bbox 931 271 1169 302; x_wconf 85' lang='lat' dir='ltr'><strong>contemnimus</strong></span> <span class='ocrx_word' id='word_1_318' title='bbox 1181 293 1190 309; x_wconf 91' lang='lat'>‚</span> <span class='ocrx_word' id='word_1_319' title='bbox 1206 272 1350 310; x_wconf 81' lang='lat' dir='ltr'><strong>justitias</strong></span> <span class='ocrx_word' id='word_1_320' title='bbox 1368 276 1492 312; x_wconf 76' lang='lat' dir='ltr'><strong>judica-</strong></span> 
     </span>
     <span class='ocr_line' id='line_1_57' title="bbox 793 317 1493 355; baseline 0.007 -8"><span class='ocrx_word' id='word_1_321' title='bbox 793 317 853 347; x_wconf 84' lang='lat' dir='ltr'><strong>bit.</strong></span> <span class='ocrx_word' id='word_1_322' title='bbox 869 317 954 354; x_wconf 88' lang='lat' dir='ltr'><strong>Quid</strong></span> <span class='ocrx_word' id='word_1_323' title='bbox 969 325 1045 347; x_wconf 82' lang='lat' dir='ltr'><strong>vero</strong></span> <span class='ocrx_word' id='word_1_324' title='bbox 1060 317 1130 347; x_wconf 90' lang='lat' dir='ltr'><strong>illic</strong></span> <span class='ocrx_word' id='word_1_325' title='bbox 1145 325 1257 347; x_wconf 88' lang='lat' dir='ltr'><strong>omnes</strong></span> <span class='ocrx_word' id='word_1_326' title='bbox 1269 318 1404 355; x_wconf 79' lang='lat' dir='ltr'><strong>justitiae</strong></span> <span class='ocrx_word' id='word_1_327' title='bbox 1418 330 1493 352; x_wconf 76' lang='lat' dir='ltr'><strong>nos-</strong></span> 
     </span>
     <span class='ocr_line' id='line_1_58' title="bbox 793 363 1494 401; baseline 0.006 -9"><span class='ocrx_word' id='word_1_328' title='bbox 793 363 862 399; x_wconf 75' lang='lat' dir='ltr'><strong>trae,</strong></span> <span class='ocrx_word' id='word_1_329' title='bbox 870 363 931 392; x_wconf 92' lang='lat' dir='ltr'><strong>nisi</strong></span> <span class='ocrx_word' id='word_1_330' title='bbox 944 371 1070 400; x_wconf 84' lang='lat' dir='ltr'><strong>pannus</strong></span> <span class='ocrx_word' id='word_1_331' title='bbox 1078 363 1286 393; x_wconf 80' lang='lat' dir='ltr'><strong>menstruatae</strong></span> <span class='ocrx_word' id='word_1_332' title='bbox 1297 365 1494 401; x_wconf 86' lang='lat' dir='ltr'><strong>reputabun-</strong></span> 
     </span>
    </p>
   </div>
   <div class='ocr_carea' id='block_1_8' title="bbox 770 407 1493 447">
    <p class='ocr_par' dir='ltr' id='par_1_9' title="bbox 770 407 1493 447">
     <span class='ocr_line' id='line_1_59' title="bbox 770 407 1493 447; baseline 0.006 -10"><span class='ocrx_word' id='word_1_333' title='bbox 770 407 868 438; x_wconf 83' lang='lat' dir='ltr'><strong>·tur3</strong></span> <span class='ocrx_word' id='word_1_334' title='bbox 902 408 1065 447; x_wconf 79' lang='lat' dir='ltr'><strong>Quicquid</strong></span> <span class='ocrx_word' id='word_1_335' title='bbox 1104 417 1192 438; x_wconf 89' lang='lat' dir='ltr'><strong>nunc</strong></span> <span class='ocrx_word' id='word_1_336' title='bbox 1230 409 1493 447; x_wconf 76' lang='lat' dir='ltr'><strong>parvipendendo</strong></span> 
     </span>
    </p>
   </div>
   <div class='ocr_carea' id='block_1_9' title="bbox 786 454 1500 2460">
    <p class='ocr_par' dir='ltr' id='par_1_10' title="bbox 791 454 1498 769">
     <span class='ocr_line' id='line_1_60' title="bbox 795 454 1495 493; baseline 0.003 -10"><span class='ocrx_word' id='word_1_337' title='bbox 795 454 984 493; x_wconf 83' lang='lat' dir='ltr'><strong>transimus,</strong></span> <span class='ocrx_word' id='word_1_338' title='bbox 1003 455 1163 493; x_wconf 83' lang='lat' dir='ltr'><strong>palpando</strong></span> <span class='ocrx_word' id='word_1_339' title='bbox 1179 455 1331 493; x_wconf 80' lang='lat' dir='ltr'><strong>tegimus,</strong></span> <span class='ocrx_word' id='word_1_340' title='bbox 1345 454 1495 486; x_wconf 89' lang='lat' dir='ltr'><strong>dissimu—</strong></span> 
     </span>
     <span class='ocr_line' id='line_1_61' title="bbox 792 497 1496 539; baseline 0.003 -10"><span class='ocrx_word' id='word_1_341' title='bbox 792 497 887 530; x_wconf 87' lang='lat' dir='ltr'><strong>lando</strong></span> <span class='ocrx_word' id='word_1_342' title='bbox 901 501 1097 539; x_wconf 82' lang='lat' dir='ltr'><strong>negligimus</strong></span> <span class='ocrx_word' id='word_1_343' title='bbox 1110 522 1119 538; x_wconf 81' lang='lat'><strong>,</strong></span> <span class='ocrx_word' id='word_1_344' title='bbox 1130 502 1251 539; x_wconf 85' lang='lat' dir='ltr'><strong>quanto</strong></span> <span class='ocrx_word' id='word_1_345' title='bbox 1266 501 1335 530; x_wconf 90' lang='lat' dir='ltr'><strong>illic</strong></span> <span class='ocrx_word' id='word_1_346' title='bbox 1351 501 1496 532; x_wconf 87' lang='lat' dir='ltr'><strong>cruciatu</strong></span> 
     </span>
     <span class='ocr_line' id='line_1_62' title="bbox 793 546 1497 577; baseline 0.001 -1"><span class='ocrx_word' id='word_1_347' title='bbox 793 546 916 576; x_wconf 84' lang='lat' dir='ltr'><strong>vindex</strong></span> <span class='ocrx_word' id='word_1_348' title='bbox 931 547 1062 577; x_wconf 84' lang='lat' dir='ltr'><strong>flamma</strong></span> <span class='ocrx_word' id='word_1_349' title='bbox 1077 546 1270 577; x_wconf 78' lang='lat' dir='ltr'><strong>consumet?</strong></span> <span class='ocrx_word' id='word_1_350' title='bbox 1285 547 1416 577; x_wconf 88' lang='lat' dir='ltr'><strong>Utinam</strong></span> <span class='ocrx_word' id='word_1_351' title='bbox 1430 555 1497 577; x_wconf 90' lang='lat' dir='ltr'><strong>ma-</strong></span> 
     </span>
     <span class='ocr_line' id='line_1_63' title="bbox 791 592 1498 632; baseline 0.003 -10"><span class='ocrx_word' id='word_1_352' title='bbox 791 592 840 630; x_wconf 84' lang='lat' dir='ltr'><strong>gis</strong></span> <span class='ocrx_word' id='word_1_353' title='bbox 851 601 937 623; x_wconf 89' lang='lat' dir='ltr'><strong>nunc</strong></span> <span class='ocrx_word' id='word_1_354' title='bbox 952 594 1045 624; x_wconf 82' lang='lat' dir='ltr'><strong>daret</strong></span> <span class='ocrx_word' id='word_1_355' title='bbox 1059 593 1130 632; x_wconf 86' lang='lat' dir='ltr'><strong>quis</strong></span> <span class='ocrx_word' id='word_1_356' title='bbox 1143 593 1242 632; x_wconf 83' lang='lat' dir='ltr'><strong>capiti</strong></span> <span class='ocrx_word' id='word_1_357' title='bbox 1253 601 1326 623; x_wconf 89' lang='lat' dir='ltr'><strong>meo</strong></span> <span class='ocrx_word' id='word_1_358' title='bbox 1342 601 1452 632; x_wconf 86' lang='lat' dir='ltr'><strong>aquas,</strong></span> <span class='ocrx_word' id='word_1_359' title='bbox 1463 594 1498 624; x_wconf 86' lang='lat' dir='ltr'><strong>et</strong></span> 
     </span>
     <span class='ocr_line' id='line_1_64' title="bbox 792 639 1496 678; baseline 0.001 -10"><span class='ocrx_word' id='word_1_360' title='bbox 792 639 893 670; x_wconf 89' lang='lat' dir='ltr'><strong>oculis</strong></span> <span class='ocrx_word' id='word_1_361' title='bbox 911 640 994 670; x_wconf 88' lang='lat' dir='ltr'><strong>meis</strong></span> <span class='ocrx_word' id='word_1_362' title='bbox 1009 640 1132 670; x_wconf 82' lang='lat' dir='ltr'><strong>fontem</strong></span> <span class='ocrx_word' id='word_1_363' title='bbox 1147 640 1364 678; x_wconf 72' lang='lat' dir='ltr'><strong>lacrymarum</strong></span> <span class='ocrx_word' id='word_1_364' title='bbox 1380 648 1389 669; x_wconf 77' lang='lat' dir='ltr'><strong>t</strong></span> <span class='ocrx_word' id='word_1_365' title='bbox 1413 639 1496 671; x_wconf 87' lang='lat' dir='ltr'><strong>forte</strong></span> 
     </span>
     <span class='ocr_line' id='line_1_65' title="bbox 793 685 1497 726; baseline 0.001 -11"><span class='ocrx_word' id='word_1_366' title='bbox 793 685 881 715; x_wconf 89' lang='lat' dir='ltr'><strong>enim</strong></span> <span class='ocrx_word' id='word_1_367' title='bbox 891 694 957 716; x_wconf 91' lang='lat' dir='ltr'><strong>non</strong></span> <span class='ocrx_word' id='word_1_368' title='bbox 968 686 1131 724; x_wconf 85' lang='lat' dir='ltr'><strong>reperiret</strong></span> <span class='ocrx_word' id='word_1_369' title='bbox 1145 686 1229 723; x_wconf 77' lang='lat' dir='ltr'><strong>ignis</strong></span> <span class='ocrx_word' id='word_1_370' title='bbox 1242 694 1395 724; x_wconf 84' lang='lat' dir='ltr'><strong>exurens,</strong></span> <span class='ocrx_word' id='word_1_371' title='bbox 1410 686 1497 726; x_wconf 89' lang='lat' dir='ltr'><strong>quod</strong></span> 
     </span>
     <span class='ocr_line' id='line_1_66' title="bbox 791 731 1374 769; baseline 0 -8"><span class='ocrx_word' id='word_1_372' title='bbox 791 731 922 762; x_wconf 84' lang='lat' dir='ltr'><strong>interim</strong></span> <span class='ocrx_word' id='word_1_373' title='bbox 935 731 1040 762; x_wconf 88' lang='lat' dir='ltr'><strong>fluens</strong></span> <span class='ocrx_word' id='word_1_374' title='bbox 1050 732 1193 769; x_wconf 87' lang='lat' dir='ltr'><strong>lacryma</strong></span> <span class='ocrx_word' id='word_1_375' title='bbox 1210 731 1374 762; x_wconf 86' lang='lat' dir='ltr'><strong>diluisset.</strong></span> 
     </span>
    </p>

    <p class='ocr_par' dir='ltr' id='par_1_11' title="bbox 786 775 1500 2460">
     <span class='ocr_line' id='line_1_67' title="bbox 830 775 1497 816; baseline -0.001 -9"><span class='ocrx_word' id='word_1_376' title='bbox 830 778 861 807; x_wconf 87' lang='lat'><strong>¹7.</strong></span> <span class='ocrx_word' id='word_1_377' title='bbox 877 778 949 807; x_wconf 83' lang='lat' dir='ltr'><strong>Jam</strong></span> <span class='ocrx_word' id='word_1_378' title='bbox 962 786 1041 808; x_wconf 82' lang='lat' dir='ltr'><strong>vero</strong></span> <span class='ocrx_word' id='word_1_379' title='bbox 1057 778 1130 816; x_wconf 85' lang='lat' dir='ltr'><strong>post</strong></span> <span class='ocrx_word' id='word_1_380' title='bbox 1144 778 1254 816; x_wconf 80' lang='lat' dir='ltr'><strong>ignem</strong></span> <span class='ocrx_word' id='word_1_381' title='bbox 1269 777 1382 815; x_wconf 87' lang='lat' dir='ltr'><strong>illum,</strong></span> <span class='ocrx_word' id='word_1_382' title='bbox 1399 775 1497 815; x_wconf 85' lang='lat' dir='ltr'><strong>putas</strong></span> 
     </span>
     <span class='ocr_line' id='line_1_68' title="bbox 791 822 1500 862; baseline -0.003 -8"><span class='ocrx_word' id='word_1_383' title='bbox 791 823 958 854; x_wconf 86' lang='lat' dir='ltr'><strong>residuum</strong></span> <span class='ocrx_word' id='word_1_384' title='bbox 975 823 1100 862; x_wconf 86' lang='lat' dir='ltr'><strong>aliquid</strong></span> <span class='ocrx_word' id='word_1_385' title='bbox 1123 823 1313 854; x_wconf 78' lang='lat' dir='ltr'><strong>invenietur</strong></span> <span class='ocrx_word' id='word_1_386' title='bbox 1333 823 1369 853; x_wconf 90' lang='lat' dir='ltr'><strong>in</strong></span> <span class='ocrx_word' id='word_1_387' title='bbox 1383 822 1500 853; x_wconf 75' lang='lat' dir='ltr'><strong>nobis?</strong></span> 
     </span>
     <span class='ocr_line' id='line_1_69' title="bbox 791 869 1499 907; baseline -0.001 -8"><span class='ocrx_word' id='word_1_388' title='bbox 791 870 847 900; x_wconf 80' lang='lat' dir='ltr'><strong>aut</strong></span> <span class='ocrx_word' id='word_1_389' title='bbox 880 869 1009 899; x_wconf 84' lang='lat' dir='ltr'><strong>tantum</strong></span> <span class='ocrx_word' id='word_1_390' title='bbox 1034 869 1115 907; x_wconf 91' lang='lat' dir='ltr'><strong>erit,</strong></span> <span class='ocrx_word' id='word_1_391' title='bbox 1141 870 1180 899; x_wconf 85' lang='lat' dir='ltr'><strong>ut</strong></span> <span class='ocrx_word' id='word_1_392' title='bbox 1204 869 1380 900; x_wconf 88' lang='lat' dir='ltr'><strong>audeamus</strong></span> <span class='ocrx_word' id='word_1_393' title='bbox 1414 869 1499 899; x_wconf 87' lang='lat' dir='ltr'><strong>illud</strong></span> 
     </span>
     <span class='ocr_line' id='line_1_70' title="bbox 792 913 1499 952; baseline 0 -8"><span class='ocrx_word' id='word_1_394' title='bbox 792 913 898 944; x_wconf 83' lang='lat' dir='ltr'><strong>vultui</strong></span> <span class='ocrx_word' id='word_1_395' title='bbox 913 914 1094 951; x_wconf 77' lang='lat' dir='ltr'><strong>majestatis</strong></span> <span class='ocrx_word' id='word_1_396' title='bbox 1118 914 1253 952; x_wconf 78' lang='lat' dir='ltr'><strong>offerre3</strong></span> <span class='ocrx_word' id='word_1_397' title='bbox 1277 915 1335 944; x_wconf 87' lang='lat' dir='ltr'><strong>aut</strong></span> <span class='ocrx_word' id='word_1_398' title='bbox 1358 913 1429 951; x_wconf 89' lang='lat' dir='ltr'><strong>ejus</strong></span> <span class='ocrx_word' id='word_1_399' title='bbox 1451 914 1499 944; x_wconf 89' lang='lat' dir='ltr'><strong>sic</strong></span> 
     </span>
     <span class='ocr_line' id='line_1_71' title="bbox 791 959 1497 999; baseline 0 -9"><span class='ocrx_word' id='word_1_400' title='bbox 791 960 918 990; x_wconf 85' lang='lat' dir='ltr'><strong>adstare</strong></span> <span class='ocrx_word' id='word_1_401' title='bbox 928 959 1139 999; x_wconf 75' lang='lat' dir='ltr'><strong>conspectui?</strong></span> <span class='ocrx_word' id='word_1_402' title='bbox 1150 960 1228 997; x_wconf 85' lang='lat' dir='ltr'><strong>Quis</strong></span> <span class='ocrx_word' id='word_1_403' title='bbox 1239 960 1295 990; x_wconf 88' lang='lat' dir='ltr'><strong>iile</strong></span> <span class='ocrx_word' id='word_1_404' title='bbox 1307 960 1411 999; x_wconf 88' lang='lat' dir='ltr'><strong>pudor</strong></span> <span class='ocrx_word' id='word_1_405' title='bbox 1422 959 1497 997; x_wconf 88' lang='lat' dir='ltr'><strong>erit,</strong></span> 
     </span>
     <span class='ocr_line' id='line_1_72' title="bbox 791 1005 1498 1045; baseline 0 -9"><span class='ocrx_word' id='word_1_406' title='bbox 791 1014 906 1044; x_wconf 79' lang='lat' dir='ltr'><strong>quaeve</strong></span> <span class='ocrx_word' id='word_1_407' title='bbox 929 1005 1075 1036; x_wconf 77' lang='lat' dir='ltr'><strong>contusio</strong></span> <span class='ocrx_word' id='word_1_408' title='bbox 1085 1027 1095 1044; x_wconf 89' lang='lat'><strong>,</strong></span> <span class='ocrx_word' id='word_1_409' title='bbox 1119 1006 1194 1045; x_wconf 80' lang='lat' dir='ltr'><strong>post</strong></span> <span class='ocrx_word' id='word_1_410' title='bbox 1218 1006 1309 1036; x_wconf 84' lang='lat' dir='ltr'><strong>tanta</strong></span> <span class='ocrx_word' id='word_1_411' title='bbox 1339 1006 1498 1036; x_wconf 87' lang='lat' dir='ltr'><strong>beneficia</strong></span> 
     </span>
     <span class='ocr_line' id='line_1_73' title="bbox 791 1051 1497 1091; baseline 0.003 -11"><span class='ocrx_word' id='word_1_412' title='bbox 791 1052 858 1081; x_wconf 81' lang='lat' dir='ltr'><strong>tam</strong></span> <span class='ocrx_word' id='word_1_413' title='bbox 873 1051 1019 1090; x_wconf 77' lang='lat' dir='ltr'><strong>tepidos,</strong></span> <span class='ocrx_word' id='word_1_414' title='bbox 1033 1052 1101 1082; x_wconf 86' lang='lat' dir='ltr'><strong>tam</strong></span> <span class='ocrx_word' id='word_1_415' title='bbox 1115 1052 1346 1091; x_wconf 78' lang='lat' dir='ltr'><strong>imperfectos,</strong></span> <span class='ocrx_word' id='word_1_416' title='bbox 1359 1053 1426 1082; x_wconf 87' lang='lat' dir='ltr'><strong>tam</strong></span> <span class='ocrx_word' id='word_1_417' title='bbox 1440 1060 1497 1083; x_wconf 84' lang='lat' dir='ltr'><strong>va-</strong></span> 
     </span>
     <span class='ocr_line' id='line_1_74' title="bbox 792 1097 1497 1134; baseline 0.003 -9"><span class='ocrx_word' id='word_1_418' title='bbox 792 1104 868 1126; x_wconf 89' lang='lat' dir='ltr'><strong>cuos</strong></span> <span class='ocrx_word' id='word_1_419' title='bbox 883 1104 1040 1134; x_wconf 83' lang='lat' dir='ltr'><strong>apparere</strong></span> <span class='ocrx_word' id='word_1_420' title='bbox 1057 1097 1132 1128; x_wconf 88' lang='lat' dir='ltr'><strong>ante</strong></span> <span class='ocrx_word' id='word_1_421' title='bbox 1158 1098 1277 1127; x_wconf 82' lang='lat' dir='ltr'><strong>faciem</strong></span> <span class='ocrx_word' id='word_1_422' title='bbox 1291 1098 1422 1128; x_wconf 89' lang='lat' dir='ltr'><strong>Domini</strong></span> <span class='ocrx_word' id='word_1_423' title='bbox 1436 1098 1497 1127; x_wconf 88' lang='lat' dir='ltr'><strong>Dei</strong></span> 
     </span>
     <span class='ocr_line' id='line_1_75' title="bbox 791 1142 1498 1181; baseline 0.003 -10"><span class='ocrx_word' id='word_1_424' title='bbox 791 1142 892 1172; x_wconf 82' lang='lat' dir='ltr'><strong>nostri</strong></span> <span class='ocrx_word' id='word_1_425' title='bbox 905 1142 917 1171; x_wconf 83' lang='lat'>3</span> <span class='ocrx_word' id='word_1_426' title='bbox 930 1143 1088 1181; x_wconf 81' lang='lat' dir='ltr'><strong>Fugiebat</strong></span> <span class='ocrx_word' id='word_1_427' title='bbox 1112 1143 1214 1174; x_wconf 76' lang='lat' dir='ltr'><strong>Adam</strong></span> <span class='ocrx_word' id='word_1_428' title='bbox 1227 1144 1265 1174; x_wconf 84' lang='lat' dir='ltr'><strong>ut</strong></span> <span class='ocrx_word' id='word_1_429' title='bbox 1284 1143 1498 1174; x_wconf 88' lang='lat' dir='ltr'><strong>abscondere-</strong></span> 
     </span>
     <span class='ocr_line' id='line_1_76' title="bbox 790 1188 1497 1229; baseline 0.003 -12"><span class='ocrx_word' id='word_1_430' title='bbox 790 1188 844 1218; x_wconf 86' lang='lat' dir='ltr'><strong>tur</strong></span> <span class='ocrx_word' id='word_1_431' title='bbox 854 1188 895 1218; x_wconf 88' lang='lat' dir='ltr'><strong>ab</strong></span> <span class='ocrx_word' id='word_1_432' title='bbox 909 1196 946 1218; x_wconf 90' lang='lat' dir='ltr'><strong>eo</strong></span> <span class='ocrx_word' id='word_1_433' title='bbox 956 1210 965 1226; x_wconf 83' lang='lat'><strong>,</strong></span> <span class='ocrx_word' id='word_1_434' title='bbox 977 1190 1049 1227; x_wconf 85' lang='lat' dir='ltr'><strong>post</strong></span> <span class='ocrx_word' id='word_1_435' title='bbox 1060 1190 1158 1220; x_wconf 90' lang='lat' dir='ltr'><strong>unius</strong></span> <span class='ocrx_word' id='word_1_436' title='bbox 1172 1190 1287 1229; x_wconf 81' lang='lat' dir='ltr'><strong>utique</strong></span> <span class='ocrx_word' id='word_1_437' title='bbox 1298 1190 1386 1228; x_wconf 84' lang='lat' dir='ltr'><strong>pomi</strong></span> <span class='ocrx_word' id='word_1_438' title='bbox 1402 1190 1497 1220; x_wconf 85' lang='lat' dir='ltr'><strong>vetiti</strong></span> 
     </span>
     <span class='ocr_line' id='line_1_77' title="bbox 790 1233 1496 1273; baseline 0.004 -12"><span class='ocrx_word' id='word_1_439' title='bbox 790 1233 921 1270; x_wconf 79' lang='lat' dir='ltr'><strong>gustum</strong></span> <span class='ocrx_word' id='word_1_440' title='bbox 936 1242 944 1262; x_wconf 71' lang='grc' dir='ltr'>ε</span> <span class='ocrx_word' id='word_1_441' title='bbox 969 1235 1050 1272; x_wconf 86' lang='lat' dir='ltr'><strong>quid</strong></span> <span class='ocrx_word' id='word_1_442' title='bbox 1064 1243 1122 1265; x_wconf 88' lang='lat' dir='ltr'><strong>nos</strong></span> <span class='ocrx_word' id='word_1_443' title='bbox 1143 1236 1217 1273; x_wconf 84' lang='lat' dir='ltr'><strong>post</strong></span> <span class='ocrx_word' id='word_1_444' title='bbox 1241 1235 1331 1265; x_wconf 85' lang='lat' dir='ltr'><strong>tanta</strong></span> <span class='ocrx_word' id='word_1_445' title='bbox 1355 1235 1496 1273; x_wconf 83' lang='lat' dir='ltr'><strong>flagitia,</strong></span> 
     </span>
     <span class='ocr_line' id='line_1_78' title="bbox 789 1278 1499 1318; baseline 0.004 -11"><span class='ocrx_word' id='word_1_446' title='bbox 789 1278 862 1315; x_wconf 87' lang='lat' dir='ltr'><strong>post</strong></span> <span class='ocrx_word' id='word_1_447' title='bbox 876 1279 966 1309; x_wconf 85' lang='lat' dir='ltr'><strong>tanta</strong></span> <span class='ocrx_word' id='word_1_448' title='bbox 976 1279 1117 1309; x_wconf 80' lang='lat' dir='ltr'><strong>facinora</strong></span> <span class='ocrx_word' id='word_1_449' title='bbox 1129 1280 1499 1318; x_wconf 79' lang='lat' dir='ltr'><strong>praesumemus3Quan-</strong></span> 
     </span>
     <span class='ocr_line' id='line_1_79' title="bbox 790 1323 1497 1363; baseline 0.004 -11"><span class='ocrx_word' id='word_1_450' title='bbox 790 1323 829 1353; x_wconf 88' lang='lat' dir='ltr'><strong>do</strong></span> <span class='ocrx_word' id='word_1_451' title='bbox 845 1323 885 1352; x_wconf 84' lang='lat' dir='ltr'><strong>ab</strong></span> <span class='ocrx_word' id='word_1_452' title='bbox 899 1324 960 1354; x_wconf 84' lang='lat' dir='ltr'><strong>hac</strong></span> <span class='ocrx_word' id='word_1_453' title='bbox 976 1324 1165 1355; x_wconf 82' lang='lat' dir='ltr'><strong>confusione</strong></span> <span class='ocrx_word' id='word_1_454' title='bbox 1177 1325 1370 1363; x_wconf 78' lang='lat' dir='ltr'><strong>purgabitur</strong></span> <span class='ocrx_word' id='word_1_455' title='bbox 1383 1326 1497 1355; x_wconf 90' lang='lat' dir='ltr'><strong>oculus</strong></span> 
     </span>
     <span class='ocr_line' id='line_1_80' title="bbox 789 1368 1497 1410; baseline 0.004 -12"><span class='ocrx_word' id='word_1_456' title='bbox 789 1368 911 1406; x_wconf 79' lang='lat' dir='ltr'><strong>cordis,</strong></span> <span class='ocrx_word' id='word_1_457' title='bbox 927 1369 981 1399; x_wconf 88' lang='lat' dir='ltr'><strong>cui</strong></span> <span class='ocrx_word' id='word_1_458' title='bbox 1006 1378 1094 1400; x_wconf 86' lang='lat' dir='ltr'><strong>nunc</strong></span> <span class='ocrx_word' id='word_1_459' title='bbox 1110 1379 1242 1408; x_wconf 90' lang='lat' dir='ltr'><strong>operam</strong></span> <span class='ocrx_word' id='word_1_460' title='bbox 1257 1371 1335 1401; x_wconf 81' lang='lat' dir='ltr'><strong>dare</strong></span> <span class='ocrx_word' id='word_1_461' title='bbox 1358 1371 1497 1410; x_wconf 77' lang='lat' dir='ltr'><strong>negligi-</strong></span> 
     </span>
     <span class='ocr_line' id='line_1_81' title="bbox 788 1415 1497 1452; baseline 0.006 -9"><span class='ocrx_word' id='word_1_462' title='bbox 788 1422 879 1452; x_wconf 85' lang='lat' dir='ltr'><strong>mus,</strong></span> <span class='ocrx_word' id='word_1_463' title='bbox 893 1415 931 1445; x_wconf 83' lang='lat' dir='ltr'><strong>ut</strong></span> <span class='ocrx_word' id='word_1_464' title='bbox 956 1416 1198 1446; x_wconf 78' lang='lat' dir='ltr'><strong>irreverberata</strong></span> <span class='ocrx_word' id='word_1_465' title='bbox 1221 1416 1292 1446; x_wconf 86' lang='lat' dir='ltr'><strong>acie</strong></span> <span class='ocrx_word' id='word_1_466' title='bbox 1311 1417 1384 1447; x_wconf 77' lang='lat' dir='ltr'><strong>veri</strong></span> <span class='ocrx_word' id='word_1_467' title='bbox 1408 1417 1497 1447; x_wconf 88' lang='lat' dir='ltr'><strong>illius</strong></span> 
     </span>
     <span class='ocr_line' id='line_1_82' title="bbox 789 1458 1498 1492; baseline 0.006 -5"><span class='ocrx_word' id='word_1_468' title='bbox 789 1458 871 1489; x_wconf 89' lang='lat' dir='ltr'><strong>Solis</strong></span> <span class='ocrx_word' id='word_1_469' title='bbox 894 1460 1001 1490; x_wconf 89' lang='lat' dir='ltr'><strong>radios</strong></span> <span class='ocrx_word' id='word_1_470' title='bbox 1022 1461 1132 1491; x_wconf 85' lang='lat' dir='ltr'><strong>valeat</strong></span> <span class='ocrx_word' id='word_1_471' title='bbox 1154 1461 1303 1492; x_wconf 77' lang='lat' dir='ltr'><strong>intueri?</strong></span> <span class='ocrx_word' id='word_1_472' title='bbox 1317 1461 1408 1492; x_wconf 85' lang='lat' dir='ltr'><strong>Sicut</strong></span> <span class='ocrx_word' id='word_1_473' title='bbox 1422 1461 1498 1491; x_wconf 90' lang='lat' dir='ltr'><strong>fluit</strong></span> 
     </span>
     <span class='ocr_line' id='line_1_83' title="bbox 790 1505 1497 1546; baseline 0.006 -12"><span class='ocrx_word' id='word_1_474' title='bbox 790 1513 863 1535; x_wconf 84' lang='lat' dir='ltr'><strong>cera</strong></span> <span class='ocrx_word' id='word_1_475' title='bbox 877 1513 895 1535; x_wconf 90' lang='lat' dir='ltr'><strong>a</strong></span> <span class='ocrx_word' id='word_1_476' title='bbox 909 1505 995 1536; x_wconf 84' lang='lat' dir='ltr'><strong>facie</strong></span> <span class='ocrx_word' id='word_1_477' title='bbox 1020 1506 1123 1545; x_wconf 80' lang='lat' dir='ltr'><strong>ignis,</strong></span> <span class='ocrx_word' id='word_1_478' title='bbox 1139 1507 1187 1537; x_wconf 89' lang='lat' dir='ltr'><strong>sie</strong></span> <span class='ocrx_word' id='word_1_479' title='bbox 1207 1507 1367 1546; x_wconf 80' lang='lat' dir='ltr'><strong>peribunt</strong></span> <span class='ocrx_word' id='word_1_480' title='bbox 1380 1516 1497 1546; x_wconf 85' lang='lat' dir='ltr'><strong>pecca-</strong></span> 
     </span>
     <span class='ocr_line' id='line_1_84' title="bbox 791 1550 1495 1592; baseline 0.004 -12"><span class='ocrx_word' id='word_1_481' title='bbox 791 1550 875 1581; x_wconf 90' lang='lat' dir='ltr'><strong>tores</strong></span> <span class='ocrx_word' id='word_1_482' title='bbox 900 1560 920 1581; x_wconf 88' lang='lat' dir='ltr'><strong>a</strong></span> <span class='ocrx_word' id='word_1_483' title='bbox 941 1551 1025 1582; x_wconf 80' lang='lat' dir='ltr'><strong>faeie</strong></span> <span class='ocrx_word' id='word_1_484' title='bbox 1051 1553 1126 1583; x_wconf 91' lang='lat' dir='ltr'><strong>Dei.</strong></span> <span class='ocrx_word' id='word_1_485' title='bbox 1152 1553 1356 1591; x_wconf 79' lang='lat' dir='ltr'><strong>Ingrediatur</strong></span> <span class='ocrx_word' id='word_1_486' title='bbox 1387 1553 1495 1592; x_wconf 86' lang='lat' dir='ltr'><strong>itaque</strong></span> 
     </span>
     <span class='ocr_line' id='line_1_85' title="bbox 790 1597 1495 1636; baseline 0.004 -10"><span class='ocrx_word' id='word_1_487' title='bbox 790 1597 926 1634; x_wconf 89' lang='lat' dir='ltr'><strong>putredo</strong></span> <span class='ocrx_word' id='word_1_488' title='bbox 941 1597 977 1627; x_wconf 90' lang='lat' dir='ltr'><strong>in</strong></span> <span class='ocrx_word' id='word_1_489' title='bbox 1001 1598 1127 1628; x_wconf 86' lang='lat' dir='ltr'><strong>ossibus</strong></span> <span class='ocrx_word' id='word_1_490' title='bbox 1141 1599 1242 1636; x_wconf 86' lang='lat' dir='ltr'><strong>meis,</strong></span> <span class='ocrx_word' id='word_1_491' title='bbox 1258 1599 1293 1628; x_wconf 91' lang='lat' dir='ltr'><strong>et</strong></span> <span class='ocrx_word' id='word_1_492' title='bbox 1316 1598 1430 1629; x_wconf 84' lang='lat' dir='ltr'><strong>subter</strong></span> <span class='ocrx_word' id='word_1_493' title='bbox 1443 1608 1495 1630; x_wconf 92' lang='lat' dir='ltr'><strong>me</strong></span> 
     </span>
     <span class='ocr_line' id='line_1_86' title="bbox 789 1643 1497 1682; baseline 0.004 -10"><span class='ocrx_word' id='word_1_494' title='bbox 789 1643 929 1681; x_wconf 86' lang='lat' dir='ltr'><strong>scateat,</strong></span> <span class='ocrx_word' id='word_1_495' title='bbox 945 1643 983 1673; x_wconf 89' lang='lat' dir='ltr'><strong>ut</strong></span> <span class='ocrx_word' id='word_1_496' title='bbox 1004 1644 1210 1682; x_wconf 85' lang='lat' dir='ltr'><strong>requiescam</strong></span> <span class='ocrx_word' id='word_1_497' title='bbox 1231 1645 1269 1674; x_wconf 89' lang='lat' dir='ltr'><strong>in</strong></span> <span class='ocrx_word' id='word_1_498' title='bbox 1293 1645 1347 1675; x_wconf 88' lang='lat' dir='ltr'><strong>die</strong></span> <span class='ocrx_word' id='word_1_499' title='bbox 1361 1645 1497 1675; x_wconf 87' lang='lat' dir='ltr'><strong>tribula-</strong></span> 
     </span>
     <span class='ocr_line' id='line_1_87' title="bbox 790 1688 1495 1728; baseline 0.004 -11"><span class='ocrx_word' id='word_1_500' title='bbox 790 1688 890 1718; x_wconf 88' lang='lat' dir='ltr'><strong>tionis</strong></span> <span class='ocrx_word' id='word_1_501' title='bbox 915 1689 1012 1725; x_wconf 82' lang='lat' dir='ltr'><strong>hujus</strong></span> <span class='ocrx_word' id='word_1_502' title='bbox 1039 1690 1206 1728; x_wconf 78' lang='lat' dir='ltr'><strong>septimae,</strong></span> <span class='ocrx_word' id='word_1_503' title='bbox 1233 1690 1267 1720; x_wconf 83' lang='lat' dir='ltr'><strong>et</strong></span> <span class='ocrx_word' id='word_1_504' title='bbox 1297 1690 1332 1720; x_wconf 91' lang='lat' dir='ltr'><strong>in</strong></span> <span class='ocrx_word' id='word_1_505' title='bbox 1362 1698 1401 1720; x_wconf 86' lang='lat' dir='ltr'><strong>ea</strong></span> <span class='ocrx_word' id='word_1_506' title='bbox 1431 1699 1495 1720; x_wconf 91' lang='lat' dir='ltr'><strong>non</strong></span> 
     </span>
     <span class='ocr_line' id='line_1_88' title="bbox 790 1734 1495 1775; baseline 0.004 -13"><span class='ocrx_word' id='word_1_507' title='bbox 790 1734 901 1771; x_wconf 80' lang='lat' dir='ltr'><strong>tangat</strong></span> <span class='ocrx_word' id='word_1_508' title='bbox 921 1742 975 1764; x_wconf 87' lang='lat' dir='ltr'><strong>me</strong></span> <span class='ocrx_word' id='word_1_509' title='bbox 995 1735 1130 1765; x_wconf 85' lang='lat' dir='ltr'><strong>malum.</strong></span> <span class='ocrx_word' id='word_1_510' title='bbox 1146 1736 1266 1766; x_wconf 87' lang='lat' dir='ltr'><strong>Malum</strong></span> <span class='ocrx_word' id='word_1_511' title='bbox 1280 1736 1340 1766; x_wconf 89' lang='lat' dir='ltr'><strong>hoc</strong></span> <span class='ocrx_word' id='word_1_512' title='bbox 1355 1736 1495 1775; x_wconf 80' lang='lat' dir='ltr'><strong>triplex,</strong></span> 
     </span>
     <span class='ocr_line' id='line_1_89' title="bbox 791 1779 1497 1819; baseline 0.006 -11"><span class='ocrx_word' id='word_1_513' title='bbox 791 1779 949 1817; x_wconf 88' lang='lat' dir='ltr'><strong>horroris,</strong></span> <span class='ocrx_word' id='word_1_514' title='bbox 965 1780 1102 1816; x_wconf 90' lang='lat' dir='ltr'><strong>doloris,</strong></span> <span class='ocrx_word' id='word_1_515' title='bbox 1127 1781 1161 1810; x_wconf 86' lang='lat' dir='ltr'><strong>et</strong></span> <span class='ocrx_word' id='word_1_516' title='bbox 1174 1781 1318 1819; x_wconf 73' lang='lat' dir='ltr'><strong>pudoris·</strong></span> <span class='ocrx_word' id='word_1_517' title='bbox 1333 1782 1429 1812; x_wconf 85' lang='lat' dir='ltr'><strong>Felix</strong></span> <span class='ocrx_word' id='word_1_518' title='bbox 1451 1783 1497 1812; x_wconf 89' lang='lat' dir='ltr'><strong>si-</strong></span> 
     </span>
     <span class='ocr_line' id='line_1_90' title="bbox 790 1824 1497 1863; baseline 0.007 -11"><span class='ocrx_word' id='word_1_519' title='bbox 790 1824 923 1862; x_wconf 89' lang='lat' dir='ltr'><strong>quidem</strong></span> <span class='ocrx_word' id='word_1_520' title='bbox 932 1824 1038 1855; x_wconf 85' lang='lat' dir='ltr'><strong>anima</strong></span> <span class='ocrx_word' id='word_1_521' title='bbox 1046 1846 1056 1862; x_wconf 82' lang='lat'><strong>,</strong></span> <span class='ocrx_word' id='word_1_522' title='bbox 1068 1834 1140 1863; x_wconf 85' lang='lat' dir='ltr'><strong>quae</strong></span> <span class='ocrx_word' id='word_1_523' title='bbox 1150 1826 1344 1856; x_wconf 85' lang='lat' dir='ltr'><strong>fiducialiter</strong></span> <span class='ocrx_word' id='word_1_524' title='bbox 1354 1826 1497 1857; x_wconf 90' lang='lat' dir='ltr'><strong>inimicis</strong></span> 
     </span>
     <span class='ocr_line' id='line_1_91' title="bbox 791 1869 1494 1911; baseline 0.009 -13"><span class='ocrx_word' id='word_1_525' title='bbox 791 1869 857 1899; x_wconf 91' lang='lat' dir='ltr'><strong>suis</strong></span> <span class='ocrx_word' id='word_1_526' title='bbox 868 1869 1019 1908; x_wconf 89' lang='lat' dir='ltr'><strong>loquetur</strong></span> <span class='ocrx_word' id='word_1_527' title='bbox 1033 1871 1067 1899; x_wconf 92' lang='lat' dir='ltr'><strong>in</strong></span> <span class='ocrx_word' id='word_1_528' title='bbox 1080 1871 1184 1908; x_wconf 88' lang='lat' dir='ltr'><strong>porta.</strong></span> <span class='ocrx_word' id='word_1_529' title='bbox 1201 1872 1286 1908; x_wconf 88' lang='lat' dir='ltr'><strong>Quid</strong></span> <span class='ocrx_word' id='word_1_530' title='bbox 1301 1872 1355 1903; x_wconf 90' lang='lat' dir='ltr'><strong>hic</strong></span> <span class='ocrx_word' id='word_1_531' title='bbox 1369 1873 1475 1904; x_wconf 85' lang='lat' dir='ltr'><strong>adstas</strong></span> <span class='ocrx_word' id='word_1_532' title='bbox 1486 1896 1494 1911; x_wconf 93' lang='lat'><strong>,</strong></span> 
     </span>
     <span class='ocr_line' id='line_1_92' title="bbox 791 1915 1495 1950; baseline 0.009 -6"><span class='ocrx_word' id='word_1_533' title='bbox 791 1916 927 1946; x_wconf 86' lang='lat' dir='ltr'><strong>cruenta</strong></span> <span class='ocrx_word' id='word_1_534' title='bbox 951 1915 1079 1946; x_wconf 76' lang='lat' dir='ltr'><strong>bestia?</strong></span> <span class='ocrx_word' id='word_1_535' title='bbox 1102 1917 1191 1946; x_wconf 78' lang='lat' dir='ltr'><strong>Nihil</strong></span> <span class='ocrx_word' id='word_1_536' title='bbox 1221 1917 1256 1947; x_wconf 90' lang='lat' dir='ltr'><strong>in</strong></span> <span class='ocrx_word' id='word_1_537' title='bbox 1281 1926 1335 1949; x_wconf 89' lang='lat' dir='ltr'><strong>me</strong></span> <span class='ocrx_word' id='word_1_538' title='bbox 1367 1919 1495 1950; x_wconf 82' lang='lat' dir='ltr'><strong>funeste</strong></span> 
     </span>
     <span class='ocr_line' id='line_1_93' title="bbox 789 1961 1495 2002; baseline 0.008 -12"><span class='ocrx_word' id='word_1_539' title='bbox 789 1961 946 1999; x_wconf 86' lang='lat' dir='ltr'><strong>reperies.</strong></span> <span class='ocrx_word' id='word_1_540' title='bbox 970 1962 1128 2001; x_wconf 87' lang='lat' dir='ltr'><strong>Felicior,</strong></span> <span class='ocrx_word' id='word_1_541' title='bbox 1146 1963 1240 2000; x_wconf 88' lang='lat' dir='ltr'><strong>cujus</strong></span> <span class='ocrx_word' id='word_1_542' title='bbox 1262 1971 1342 2002; x_wconf 87' lang='lat' dir='ltr'><strong>opus</strong></span> <span class='ocrx_word' id='word_1_543' title='bbox 1355 1973 1421 1995; x_wconf 90' lang='lat' dir='ltr'><strong>non</strong></span> <span class='ocrx_word' id='word_1_544' title='bbox 1443 1974 1495 1996; x_wconf 85' lang='lat' dir='ltr'><strong>ar—</strong></span> 
     </span>
     <span class='ocr_line' id='line_1_94' title="bbox 789 2007 1494 2050; baseline 0.01 -14"><span class='ocrx_word' id='word_1_545' title='bbox 789 2007 870 2037; x_wconf 83' lang='lat' dir='ltr'><strong>serit</strong></span> <span class='ocrx_word' id='word_1_546' title='bbox 884 2029 894 2044; x_wconf 94' lang='lat'><strong>,</strong></span> <span class='ocrx_word' id='word_1_547' title='bbox 925 2016 1024 2046; x_wconf 87' lang='lat' dir='ltr'><strong>quem</strong></span> <span class='ocrx_word' id='word_1_548' title='bbox 1049 2009 1328 2047; x_wconf 76' lang='lat' dir='ltr'><strong>superaedificasse</strong></span> <span class='ocrx_word' id='word_1_549' title='bbox 1357 2019 1472 2042; x_wconf 85' lang='lat' dir='ltr'><strong>aurum</strong></span> <span class='ocrx_word' id='word_1_550' title='bbox 1485 2035 1494 2050; x_wconf 82' lang='lat'><strong>,</strong></span> 
     </span>
     <span class='ocr_line' id='line_1_95' title="bbox 789 2052 1493 2095; baseline 0.009 -13"><span class='ocrx_word' id='word_1_551' title='bbox 789 2052 977 2092; x_wconf 78' lang='lat' dir='ltr'><strong>argentum,</strong></span> <span class='ocrx_word' id='word_1_552' title='bbox 1003 2054 1130 2092; x_wconf 84' lang='lat' dir='ltr'><strong>lapides</strong></span> <span class='ocrx_word' id='word_1_553' title='bbox 1153 2056 1329 2095; x_wconf 81' lang='lat' dir='ltr'><strong>pretiosos,</strong></span> <span class='ocrx_word' id='word_1_554' title='bbox 1353 2065 1493 2088; x_wconf 87' lang='lat' dir='ltr'><strong>examen</strong></span> 
     </span>
     <span class='ocr_line' id='line_1_96' title="bbox 789 2098 1493 2141; baseline 0.007 -13"><span class='ocrx_word' id='word_1_555' title='bbox 789 2098 871 2128; x_wconf 86' lang='lat' dir='ltr'><strong>illud</strong></span> <span class='ocrx_word' id='word_1_556' title='bbox 892 2099 1056 2130; x_wconf 84' lang='lat' dir='ltr'><strong>inveniet.</strong></span> <span class='ocrx_word' id='word_1_557' title='bbox 1078 2100 1316 2139; x_wconf 82' lang='lat' dir='ltr'><strong>Felicissimus,</strong></span> <span class='ocrx_word' id='word_1_558' title='bbox 1340 2102 1398 2141; x_wconf 87' lang='lat' dir='ltr'><strong>qui</strong></span> <span class='ocrx_word' id='word_1_559' title='bbox 1422 2103 1493 2133; x_wconf 83' lang='lat' dir='ltr'><strong>sine</strong></span> 
     </span>
     <span class='ocr_line' id='line_1_97' title="bbox 788 2144 1494 2186; baseline 0.008 -13"><span class='ocrx_word' id='word_1_560' title='bbox 788 2144 854 2174; x_wconf 84' lang='lat' dir='ltr'><strong>ulla</strong></span> <span class='ocrx_word' id='word_1_561' title='bbox 868 2144 955 2174; x_wconf 86' lang='lat' dir='ltr'><strong>nube</strong></span> <span class='ocrx_word' id='word_1_562' title='bbox 972 2144 1188 2184; x_wconf 83' lang='lat' dir='ltr'><strong>confusionis,</strong></span> <span class='ocrx_word' id='word_1_563' title='bbox 1202 2147 1348 2177; x_wconf 85' lang='lat' dir='ltr'><strong>revelata</strong></span> <span class='ocrx_word' id='word_1_564' title='bbox 1362 2149 1494 2186; x_wconf 84' lang='lat' dir='ltr'><strong>penitus</strong></span> 
     </span>
     <span class='ocr_line' id='line_1_98' title="bbox 788 2189 1492 2233; baseline 0.009 -14"><span class='ocrx_word' id='word_1_565' title='bbox 788 2189 871 2220; x_wconf 83' lang='lat' dir='ltr'><strong>facie</strong></span> <span class='ocrx_word' id='word_1_566' title='bbox 897 2190 1033 2229; x_wconf 79' lang='lat' dir='ltr'><strong>gloriam</strong></span> <span class='ocrx_word' id='word_1_567' title='bbox 1060 2192 1191 2221; x_wconf 87' lang='lat' dir='ltr'><strong>Domini</strong></span> <span class='ocrx_word' id='word_1_568' title='bbox 1217 2194 1432 2233; x_wconf 85' lang='lat' dir='ltr'><strong>speculando,</strong></span> <span class='ocrx_word' id='word_1_569' title='bbox 1458 2195 1492 2225; x_wconf 91' lang='lat' dir='ltr'><strong>in</strong></span> 
     </span>
     <span class='ocr_line' id='line_1_99' title="bbox 787 2236 1493 2278; baseline 0.008 -13"><span class='ocrx_word' id='word_1_570' title='bbox 787 2236 936 2266; x_wconf 89' lang='lat' dir='ltr'><strong>eamdem</strong></span> <span class='ocrx_word' id='word_1_571' title='bbox 951 2236 1127 2274; x_wconf 83' lang='lat' dir='ltr'><strong>imaginem</strong></span> <span class='ocrx_word' id='word_1_572' title='bbox 1141 2238 1442 2278; x_wconf 81' lang='lat' dir='ltr'><strong>transformabitur,</strong></span> <span class='ocrx_word' id='word_1_573' title='bbox 1459 2242 1493 2271; x_wconf 87' lang='lat' dir='ltr'><strong>et</strong></span> 
     </span>
     <span class='ocr_line' id='line_1_100' title="bbox 787 2282 1489 2324; baseline 0.009 -13"><span class='ocrx_word' id='word_1_574' title='bbox 787 2282 903 2313; x_wconf 89' lang='lat' dir='ltr'><strong>similis</strong></span> <span class='ocrx_word' id='word_1_575' title='bbox 918 2282 982 2313; x_wconf 88' lang='lat' dir='ltr'><strong>erit</strong></span> <span class='ocrx_word' id='word_1_576' title='bbox 996 2283 1065 2321; x_wconf 90' lang='lat' dir='ltr'><strong>illi,</strong></span> <span class='ocrx_word' id='word_1_577' title='bbox 1080 2283 1198 2314; x_wconf 88' lang='lat' dir='ltr'><strong>videns</strong></span> <span class='ocrx_word' id='word_1_578' title='bbox 1217 2292 1293 2315; x_wconf 90' lang='lat' dir='ltr'><strong>eum</strong></span> <span class='ocrx_word' id='word_1_579' title='bbox 1307 2285 1405 2316; x_wconf 87' lang='lat' dir='ltr'><strong>sicuti</strong></span> <span class='ocrx_word' id='word_1_580' title='bbox 1421 2287 1489 2324; x_wconf 89' lang='lat' dir='ltr'><strong>est,</strong></span> 
     </span>
     <span class='ocr_line' id='line_1_101' title="bbox 786 2329 1491 2370; baseline 0.006 -12"><span class='ocrx_word' id='word_1_581' title='bbox 786 2329 899 2367; x_wconf 84' lang='lat' dir='ltr'><strong>utique</strong></span> <span class='ocrx_word' id='word_1_582' title='bbox 915 2336 1014 2367; x_wconf 84' lang='lat' dir='ltr'><strong>super</strong></span> <span class='ocrx_word' id='word_1_583' title='bbox 1037 2330 1145 2359; x_wconf 86' lang='lat' dir='ltr'><strong>omnia</strong></span> <span class='ocrx_word' id='word_1_584' title='bbox 1174 2331 1262 2361; x_wconf 90' lang='lat' dir='ltr'><strong>Deus</strong></span> <span class='ocrx_word' id='word_1_585' title='bbox 1282 2331 1491 2370; x_wconf 79' lang='lat' dir='ltr'><strong>benedictus,</strong></span> 
     </span>
     <span class='ocr_line' id='line_1_102' title="bbox 787 2375 1490 2416; baseline 0.006 -11"><span class='ocrx_word' id='word_1_586' title='bbox 787 2375 821 2406; x_wconf 88' lang='lat' dir='ltr'><strong>et</strong></span> <span class='ocrx_word' id='word_1_587' title='bbox 839 2375 1031 2414; x_wconf 85' lang='lat' dir='ltr'><strong>laudabilis,</strong></span> <span class='ocrx_word' id='word_1_588' title='bbox 1058 2376 1092 2406; x_wconf 84' lang='lat' dir='ltr'><strong>et</strong></span> <span class='ocrx_word' id='word_1_589' title='bbox 1123 2376 1281 2416; x_wconf 77' lang='lat' dir='ltr'><strong>gloriosus</strong></span> <span class='ocrx_word' id='word_1_590' title='bbox 1305 2377 1341 2409; x_wconf 85' lang='lat' dir='ltr'><strong>in</strong></span> <span class='ocrx_word' id='word_1_591' title='bbox 1373 2379 1490 2409; x_wconf 84' lang='lat' dir='ltr'><strong>saecula</strong></span> 
     </span>
     <span class='ocr_line' id='line_1_103' title="bbox 786 2421 1117 2460; baseline 0.003 -9"><span class='ocrx_word' id='word_1_592' title='bbox 786 2421 977 2453; x_wconf 78' lang='lat' dir='ltr'><strong>saeculorum</strong></span> <span class='ocrx_word' id='word_1_593' title='bbox 986 2442 996 2460; x_wconf 81' lang='lat'><strong>,</strong></span> <span class='ocrx_word' id='word_1_594' title='bbox 1009 2429 1117 2452; x_wconf 85' lang='lat' dir='ltr'><strong>amen.</strong></span> 
     </span>
    </p>
   </div>
   <div class='ocr_carea' id='block_1_10' title="bbox 1074 2491 1188 2497">
    <p class='ocr_par' dir='ltr' id='par_1_12' title="bbox 1074 2491 1188 2497">
     <span class='ocr_line' id='line_1_104' title="bbox 1074 2491 1188 2497; baseline 0 0"><span class='ocrx_word' id='word_1_595' title='bbox 1074 2491 1188 2497; x_wconf 95' lang='lat' dir='ltr'><strong> </strong></span> 
     </span>
    </p>
   </div>
   <div class='ocr_carea' id='block_1_11' title="bbox 963 2529 1302 2565">
    <p class='ocr_par' dir='ltr' id='par_1_13' title="bbox 963 2529 1302 2565">
     <span class='ocr_line' id='line_1_105' title="bbox 963 2529 1302 2565; baseline 0.006 -2"><span class='ocrx_word' id='word_1_596' title='bbox 963 2529 1133 2565; x_wconf 79' lang='lat' dir='ltr'><strong>SERMO</strong></span> <span class='ocrx_word' id='word_1_597' title='bbox 1159 2532 1302 2565; x_wconf 81' lang='lat' dir='ltr'><strong>XXIX.</strong></span> 
     </span>
    </p>
   </div>
   <div class='ocr_carea' id='block_1_12' title="bbox 934 2595 1331 2629">
    <p class='ocr_par' dir='ltr' id='par_1_14' title="bbox 934 2595 1331 2629">
     <span class='ocr_line' id='line_1_106' title="bbox 934 2595 1331 2629; baseline 0.003 -8"><span class='ocrx_word' id='word_1_598' title='bbox 934 2596 974 2621; x_wconf 85' lang='lat' dir='ltr'><strong>De</strong></span> <span class='ocrx_word' id='word_1_599' title='bbox 988 2598 1093 2629; x_wconf 83' lang='lat' dir='ltr'><strong>triplici</strong></span> <span class='ocrx_word' id='word_1_600' title='bbox 1106 2595 1260 2623; x_wconf 78' lang='lat' dir='ltr'><strong>Dilectione</strong></span> <span class='ocrx_word' id='word_1_601' title='bbox 1272 2599 1331 2623; x_wconf 88' lang='lat' dir='ltr'><strong>Dei.</strong></span> 
     </span>
    </p>
   </div>
   <div class='ocr_carea' id='block_1_13' title="bbox 826 2649 1485 2691">
    <p class='ocr_par' dir='ltr' id='par_1_15' title="bbox 826 2649 1485 2691">
     <span class='ocr_line' id='line_1_107' title="bbox 826 2649 1485 2691; baseline 0.008 -14"><span class='ocrx_word' id='word_1_602' title='bbox 826 2650 854 2677; x_wconf 78' lang='lat' dir='ltr'><strong>l.</strong></span> <span class='ocrx_word' id='word_1_603' title='bbox 871 2649 996 2680; x_wconf 68' lang='lat' dir='ltr'>NOLITE</span> <span class='ocrx_word' id='word_1_604' title='bbox 1013 2652 1132 2690; x_wconf 71' lang='lat' dir='ltr'><strong>dih&#39;qcre</strong></span> <span class='ocrx_word' id='word_1_605' title='bbox 1156 2651 1321 2687; x_wconf 68' lang='lat' dir='ltr'><strong>mundum,</strong></span> <span class='ocrx_word' id='word_1_606' title='bbox 1339 2660 1432 2691; x_wconf 68' lang='lat' dir='ltr'><strong>neque</strong></span> <span class='ocrx_word' id='word_1_607' title='bbox 1452 2660 1485 2682; x_wconf 70' lang='lat' dir='ltr'><strong>fei</strong></span> 
     </span>
    </p>
   </div>
  </div>
 </body>
</html>
