1810 3073
285 247 345 278 210

287 300 378 342 rogat
392 310 400 332 ε
416 308 480 332 non
497 299 606 332 autem
621 301 768 339 rogaret,
785 300 811 330 si
825 298 915 337 sequi
934 305 991 336 per

287 349 426 387 seipsam
447 348 604 378 dilectum
617 369 627 385 ,
645 347 742 385 prout
757 346 876 382 vellet,
903 344 991 372 vale-

286 394 349 424 ret.
357 394 399 424 Ut
409 393 488 433 quid
499 401 578 424 vero
586 400 651 423 non
660 391 769 422 valet?
783 398 823 420 an
833 389 989 419 infirmam

285 440 445 470 fateamur
472 438 506 469 et
527 436 694 476 sponsam?
720 436 754 466 Si
780 443 844 465 una
869 432 990 472 quaevis

286 493 329 515 ex
362 483 614 515 adolescentulis
646 482 806 512 infirmam
835 487 869 509 se
902 478 991 508 dice-

283 530 347 569 ret,
364 530 398 560 et
410 528 539 569 peteret
553 527 639 557 trahi
652 548 662 564 ,
672 533 877 564 nequaquam
889 524 991 554 mira-

286 583 408 605 remur.
424 574 464 604 At
479 581 557 605 vero
574 573 614 603 de
630 580 756 610 sponsa,
773 580 845 609 quae
859 570 990 600 trahere

285 621 320 651 et
334 621 426 657 alios,
438 619 551 657 utpote
567 618 658 648 fortis
671 618 703 648 et
718 616 862 655 perfecta
873 638 882 654 ,
897 623 990 654 posse

285 666 435 696 sufficere
449 663 624 694 videbatur
637 672 646 692 t
661 663 715 693 cui
728 671 793 692 non
808 662 924 692 durum
939 669 991 692 so-

285 711 365 748 net,
383 709 470 749 quod
487 709 521 739 et
538 709 608 747 ipsa
630 708 736 746 trahi,
760 708 925 745 tamquam
941 706 991 736 in-

283 758 378 787 firma
397 756 452 787 vel
473 755 610 794 debilis,
633 763 765 785 necesse
781 753 920 783 habeat?
941 754 988 783 De

283 811 423 842 quanam
448 802 556 831 anima
579 801 645 838 iam
671 800 880 838 confidimus,
903 800 990 838 quod

285 848 393 879 valida
407 848 449 878 sit
463 848 497 877 et
507 855 596 884 sana,
610 847 636 876 si
650 847 738 876 illam
754 846 913 875 infirmam
926 845 988 875 dici

285 893 564 928 consenserimus,
580 901 652 930 quae
674 899 734 929 pro
759 890 808 920 sui
834 890 989 928 singulari

285 939 486 976 perfectione
523 937 557 966 et
601 935 829 966 excellentiori
867 936 989 966 virtute

285 992 400 1022 sponsa
414 981 544 1012 Domini
565 980 772 1011 nominatur?
786 981 833 1009 An
848 980 990 1009 Ecclesia

285 1029 368 1059 forte
384 1029 419 1058 id
439 1028 577 1065 dixerit,
594 1035 668 1057 cum
690 1027 874 1056 intueretur
888 1025 990 1054 dilec-

285 1075 355 1105 tum
372 1073 620 1110 ascendentem,
633 1072 776 1110 gestiens
793 1079 868 1101 eum
884 1070 989 1109 sequi,

285 1120 383 1158 atque
396 1119 515 1149 assumi
525 1127 599 1149 cum
616 1119 684 1156 ipso
694 1117 728 1147 in
737 1116 858 1155 gloria?
872 1117 990 1153 Quam-

284 1174 383 1205 quam
399 1166 432 1196 et
446 1164 628 1204 quantaevis
647 1163 858 1202 perfectionis
871 1163 989 1200 anima,

286 1211 442 1249 quamdiu
472 1210 606 1248 quidem
633 1209 735 1248 gemit
769 1209 828 1238 sub
857 1216 990 1246 corpore

285 1257 400 1287 mortis
412 1256 527 1293 hujus,
543 1256 578 1285 et
596 1255 695 1292 hujus
719 1254 830 1284 saeculi
851 1262 991 1292 nequam

285 1302 449 1332 retinetur
474 1301 600 1331 inclusa
628 1308 781 1338 carcere,
797 1300 906 1330 vincta
931 1307 990 1329 ne-

286 1348 514 1385 cessitatibus,
539 1347 624 1377 torta
651 1346 850 1384 sceleribus,
870 1345 990 1375 lentius

286 1394 483 1432 segniusque
498 1393 642 1430 assurgat
655 1400 788 1422 necesse
803 1393 852 1422 est
863 1391 902 1420 ad
915 1398 992 1420 con-

286 1439 475 1477 templanda
495 1438 737 1475 sublimia,nec
756 1437 886 1467 omnino
906 1437 991 1466 libe-

286 1493 358 1515 rum
378 1484 478 1514 habet
505 1484 598 1522 sequi
615 1492 765 1521 sponsum
787 1490 990 1521 quocumque

287 1529 376 1560 ierit.
386 1529 468 1559 Hine
480 1530 657 1567 lacrymosa
666 1537 731 1558 vox
744 1528 800 1557 illa
815 1527 989 1566 gementis:

286 1576 401 1614 Infelix
412 1584 463 1613 eqo
474 1575 576 1613 homo,
589 1576 655 1613 quis
664 1583 711 1604 me
723 1574 863 1604 liberabit
874 1574 908 1602 dc
922 1582 992 1603 cor—

286 1630 360 1660 pore
385 1622 494 1651 mortis
515 1619 628 1658 hujus?
654 1620 739 1649 Hinc
764 1620 906 1657 supplex
935 1619 990 1648 illa

288 1666 449 1704 precatio:
459 1667 544 1696 Educ
552 1667 586 1695 de
593 1674 715 1695 carcere
726 1666 866 1694 animam
877 1673 990 1693 meam.

289 1712 381 1742 Dicat
392 1712 546 1750 proinde,
564 1711 651 1740 dicat
663 1719 736 1740 cum
752 1710 877 1748 gemitu
892 1710 990 1740 etiam

288 1765 421 1796 sponsa:
441 1757 542 1787 Tralie
562 1766 609 1787 me
632 1757 700 1795 post
725 1758 771 1794 te3
787 1755 862 1794 quia
885 1764 992 1793 corpus

289 1805 370 1842 quod
399 1805 626 1841 corrumpitur,
654 1804 804 1841 aqqracat
828 1803 969 1832 animam
982 1823 991 1838 ,

289 1852 317 1880 ct
344 1850 484 1887 deprimit
510 1852 633 1879 terrena
661 1848 846 1878 inhabitatio
871 1856 992 1878 sensum

288 1896 388 1926 „vulta
401 1897 598 1933 cogitantem.
611 1895 659 1924 An
675 1894 737 1923 hoc
755 1893 843 1923 dicat
858 1893 992 1930 cupiens

290 1942 425 1971 dissolvi
442 1942 476 1972 et
491 1949 561 1971 esse
573 1949 646 1971 cum
661 1940 799 1976 Christo,
811 1939 991 1978 praesertim

290 1988 367 2018 dum
384 1987 495 2017 videat
507 1995 580 2024 eas,
604 1986 740 2025 propter
765 1994 844 2024 quas
860 1992 992 2014 manere

290 2033 394 2072 ipsam
414 2032 447 2062 in
460 2041 556 2063 carne
571 2031 791 2062 necessarium
806 2031 991 2068 videbatur,

290 2079 375 2109 bene
396 2078 605 2117 proficientes
620 2085 727 2107 amare
747 2077 814 2114 iam
829 2083 992 2113 sponsum,

292 2125 326 2155 et
338 2126 422 2154 staro
438 2124 471 2153 in
486 2125 556 2154 tuto
571 2122 734 2154 caritatis?
749 2122 916 2160 Siquidem
934 2121 993 2150 hoc

290 2169 510 2208 praemiserat:
528 2168 713 2207 Propterea',
731 2168 880 2206 inquiens
893 2188 902 2204 ,
919 2167 994 2195 atlo-

292 2216 460 2246 Iescentulce
471 2215 644 2244 dilexerunt
656 2216 694 2244 te.
710 2214 800 2243 Nunc
813 2221 886 2250 ergo
902 2211 992 2249 quasi

293 2261 396 2298 (licat,
412 2261 493 2290 Ecce
508 2260 757 2289 adolescentulae
773 2261 880 2287 amant
895 2258 944 2294 te,
961 2257 994 2287 et

293 2305 430 2335 amando
454 2304 590 2334 firmiter
605 2304 766 2334 inhaerent
780 2302 842 2333 tibi
853 2324 861 2340 ‚
874 2310 993 2339 meque

293 2351 428 2380 minime
451 2350 517 2386 iam
539 2357 620 2387 opus
643 2349 784 2386 habent,
807 2348 898 2377 nulla
913 2346 994 2375 milii

295 2404 389 2426 causa
404 2396 439 2425 in
453 2395 513 2425 hac
526 2395 595 2424 vita
609 2394 749 2424 ulterius
760 2392 993 2430 commorandi3

295 2442 416 2472 idcirco
431 2441 495 2479 ait,
512 2441 614 2470 Tralie
630 2449 676 2470 me
689 2442 756 2478 post
772 2442 811 2469 te.

335 2486 368 2516 2.
390 2486 456 2516 Hoc
484 2485 658 2524 sentirem,
674 2485 701 2515 si
724 2484 994 2522 dixisset,Tral1e

296 2539 350 2562 me
365 2532 406 2562 ad
419 2532 464 2561 te.
480 2531 572 2560 Nunc
582 2539 660 2561 vero
681 2530 758 2569 quia
774 2530 854 2560 dicit
867 2532 934 2568 post
951 2533 994 2567 te,

296 2577 397 2615 magis
411 2576 493 2606 illud
515 2576 598 2605 mihi
621 2576 784 2614 postulare
806 2575 946 2614 videtur,
962 2577 997 2607 ut

298 2622 553 2653 conversationis
574 2622 645 2659 ejus
664 2621 773 2652 valeat
790 2622 927 2659 vestigia
946 2630 999 2652 se-

299 2667 372 2707 qui,
398 2668 436 2698 ut
463 2667 563 2707 possit
587 2666 732 2698 aemulari
758 2666 915 2698 virtutem
927 2689 935 2705 ,
965 2668 998 2698 et

763 247 793 275 S.
819 242 1052 274 BERNARDI
1079 243 1268 270 ABBATIS

1026 304 1169 325 normam
1187 297 1300 326 tenere
1316 296 1408 335 vitae,
1426 297 1458 327 ct
1478 305 1603 328 morum
1625 298 1721 338 queat²

1025 342 1271 379 apprehendere
1286 342 1501 380 disciplinam.
1520 344 1554 373 ln
1566 344 1617 375 his
1630 346 1721 384 quip-

1024 395 1064 424 pe
1079 387 1222 417 maxime
1239 395 1319 425 opus
1335 388 1384 417 est
1399 388 1575 426 adJ'utorio,
1591 398 1653 427 quo
1667 400 1721 420 va-

1026 432 1089 461 leat
1114 433 1276 471 abnegare
1297 433 1523 471 semetipsam,
1554 434 1587 464 et
1607 435 1720 466 tollere
1741 441 1745 444 '

1024 486 1152 507 crucem
1174 486 1282 517 suam,
1307 478 1341 508 et
1367 478 1413 508 sic
1434 479 1525 517 sequi
1547 480 1720 512 Christum.

1024 523 1083 553 Hic
1097 531 1229 562 prorsus
1241 523 1328 554 trahi
1338 532 1470 555 necesse
1483 525 1582 556 habet
1596 533 1721 565 sponsa,

1023 576 1083 598 nec
1098 577 1174 599 sane
1190 569 1276 599 trahi
1289 569 1328 599 ab
1343 569 1405 599 alio
1416 591 1426 607 ,
1441 578 1539 608 quam
1550 571 1590 600 ab
1606 580 1644 601 eo
1653 571 1724 611 ipso

1023 614 1078 652 qui
1107 615 1154 645 ait
1169 623 1177 644 ε
1191 616 1263 645 Siue
1290 623 1338 645 me
1361 615 1440 645 ‘nihil
1466 618 1588 653 potestis
1609 618 1721 655 facere.

1023 659 1107 697 Scio,
1122 659 1239 698 inquit,
1255 668 1307 690 me
1321 668 1527 698 nequaquam
1543 669 1634 699 posse
1651 672 1723 701 per-

1024 706 1135 735 venire
1160 705 1200 735 ad
1223 706 1256 736 te
1270 727 1279 743 ,
1294 705 1357 736 nisi
1379 705 1555 744 gradiendo
1575 708 1647 746 post
1669 709 1723 748 te;

1023 750 1079 780 sed
1101 758 1208 789 neque
1233 751 1295 781 hoc
1316 751 1469 790 quidem,
1488 752 1552 782 nisi
1580 753 1722 790 adjutam

1023 796 1079 827 abs
1105 797 1139 826 te
1155 805 1164 826 ε
1180 797 1316 835 ideoque
1342 806 1456 835 precor
1476 799 1513 827 ut
1534 799 1642 829 trahas
1670 808 1723 831 me

1023 841 1093 879 post
1113 842 1161 872 te.
1187 844 1301 873 Beatus
1322 842 1483 880 siquidem
1498 845 1584 882 cujus
1609 847 1652 876 est
1665 855 1725 876 au-

1022 890 1132 917 xilium
1147 889 1202 919 abs
1223 889 1271 918 te!
1298 891 1486 920 ascensiones
1507 891 1539 920 in
1555 892 1644 920 corde
1668 901 1724 923 suo

1022 934 1167 971 disposuit
1188 935 1219 963 in
1239 935 1318 963 valle
1339 934 1550 971 lacrymarum
1557 956 1567 972 ,
1582 945 1727 974 perven-

1025 980 1112 1008 turus
1147 979 1340 1017 quandoque
1366 979 1407 1008 ad
1434 981 1467 1009 te
1495 981 1530 1010 in
1560 983 1725 1014 montibus

1023 1024 1224 1061 gaudiorum.
1241 1025 1343 1062 Quam
1364 1026 1458 1062 pauci
1472 1028 1544 1064 post
1560 1028 1593 1057 te
1604 1049 1613 1065 ,
1627 1036 1645 1057 o
1663 1030 1726 1058 Do-

1024 1069 1110 1099 mine
1119 1070 1206 1108 Jesu,
1220 1070 1268 1099 ire
1284 1070 1414 1100 volunt!
1431 1079 1505 1100 cum
1516 1073 1626 1103 tamen
1637 1074 1677 1103 ad
1692 1074 1726 1105 te

1024 1116 1196 1152 pervenire
1210 1123 1305 1145 nemo
1317 1115 1358 1145 sit
1369 1116 1533 1154 quinolit,
1549 1117 1609 1147 hoc
1622 1119 1726 1150 scien-

1024 1160 1109 1189 tibus
1125 1161 1262 1199 cunctis,
1275 1161 1352 1199 quia
1370 1162 1579 1193 delectationes
1598 1164 1630 1193 in
1650 1166 1725 1195 dex-

1025 1208 1089 1236 tera
1104 1208 1158 1236 tua
1179 1216 1274 1245 usque
1299 1208 1332 1236 in
1354 1207 1458 1244 finem.
1485 1208 1524 1237 Et
1549 1210 1721 1247 propterea

1024 1252 1136 1282 volunt
1148 1260 1259 1282 omnes
1270 1252 1302 1282 te
1318 1251 1395 1290 frui,
1412 1253 1445 1283 at
1458 1261 1523 1282 non
1539 1253 1584 1284 ita
1601 1256 1635 1285 et
1648 1255 1722 1286 imi-

1024 1296 1102 1334 tari3
1120 1305 1317 1336 conregnare
1330 1298 1467 1335 cupiunt
1476 1320 1485 1335 ,
1499 1299 1555 1329 sed
1567 1308 1629 1329 non
1639 1309 1724 1331 com-

1023 1343 1101 1380 pati.
1129 1344 1176 1372 Ex
1191 1344 1242 1374 his
1258 1344 1328 1374 erat
1340 1344 1410 1382 ille,
1426 1345 1481 1382 qui
1495 1345 1625 1375 dicebat
1637 1355 1646 1376 z
1658 1349 1724 1378 Mo-

1023 1390 1125 1419 riatur
1150 1391 1259 1419 anima
1282 1399 1353 1420 mea
1376 1393 1473 1420 morte
1497 1390 1674 1430 justorum,
1695 1396 1724 1424 et

1022 1434 1099 1470 fiant
1116 1437 1282 1465 novissima
1301 1445 1372 1465 ‘mea
1392 1436 1504 1466 horum
1525 1438 1649 1468 sz'milia.
1665 1438 1726 1477 Op-

1025 1479 1112 1510 tabat
1134 1480 1195 1510 sibi
1213 1483 1358 1511 extrema
1377 1481 1560 1519 justorum,
1581 1484 1639 1513 sed
1660 1493 1722 1515 non

1024 1524 1068 1554 ita
1096 1526 1128 1555 et
1156 1526 1328 1564 principia.
1356 1528 1489 1557 Mortem
1509 1528 1725 1566 spiritualium

1024 1571 1134 1608 optant
1162 1572 1224 1602 sibi
1259 1573 1359 1602 etiam
1391 1574 1556 1611 carnales,
1587 1583 1724 1612 quorum

1025 1618 1133 1647 tamen
1150 1619 1250 1648 vitam
1273 1618 1466 1656 abhorrent,
1489 1619 1630 1653 scientes
1650 1630 1727 1659 pre-

1024 1665 1138 1694 tiosam
1162 1665 1300 1694 mortem
1327 1672 1396 1694 esse
1419 1665 1603 1695 sanctorum
1619 1675 1627 1695 ε
1644 1676 1726 1705 quo-

1024 1710 1111 1739 niam
1133 1719 1201 1739 cum
1225 1711 1337 1739 dederit
1354 1711 1466 1740 ditectis
1486 1712 1549 1741 suis
1572 1720 1725 1750 somnum,

1024 1763 1087 1784 ecce
1102 1754 1261 1784 limi-editas
1271 1754 1416 1791 Domini,·
1427 1755 1460 1783 et
1471 1755 1546 1792 quia
1555 1754 1635 1786 beati
1645 1766 1729 1787 mor-

1026 1801 1133 1838 [utqui
1146 1801 1178 1829 in
1189 1801 1322 1829 Domino
1336 1800 1522 1829 moriunturn
1535 1808 1608 1830 cum
1622 1809 1639 1831 e
1655 1811 1727 1832 con-

1026 1845 1122 1874 trario
1132 1844 1225 1882 juxta
1240 1844 1409 1882 Prophetae
1425 1845 1632 1882 sententiam,
1644 1848 1727 1878 Mors

1025 1894 1217 1930 peccatorum
1230 1892 1361 1930 pessima
1372 1890 1425 1920 sit.
1437 1891 1504 1920 Non
1517 1892 1726 1930 curantquae·

1027 1946 1109 1974 rere,
1122 1945 1218 1975 quem
1227 1938 1346 1966 tamem
1356 1936 1541 1966 desiderant
1556 1937 1703 1969 invenire
1713 1946 1723 1977 ς

1026 1983 1194 2022 cupientes
1215 1982 1389 2019 consequi,
1406 1981 1463 2011 sed
1479 1990 1545 2012 non
1568 1983 1601 2013 et
1621 1984 1725 2022 sequi.

1026 2030 1093 2058 Non
1103 2028 1148 2058 sic
1166 2028 1226 2064 illi,
1241 2027 1358 2065 quibus
1370 2027 1477 2057 aiebat
1493 2036 1501 2056 ε
1520 2029 1582 2058 Vos
1597 2030 1665 2059 estis
1676 2030 1729 2068 qui

1026 2074 1232 2112 permansistis
1245 2081 1362 2102 mecum
1374 2073 1629 2103 intentationibus
1641 2076 1726 2105 meis.

1027 2120 1115 2150 Beati
1131 2119 1185 2157 qui
1207 2118 1295 2155 digni
1320 2117 1425 2147 habiti
1446 2119 1522 2147 sunt
1543 2118 1728 2150 testimonio

1029 2167 1093 2203 luo,
1118 2163 1260 2201 benigne
1284 2162 1378 2192 Jesu!
1408 2163 1472 2201 Ipsi
1492 2171 1607 2193 revera
1636 2165 1726 2196 ibant

1027 2210 1097 2248 post
1112 2210 1162 2248 te,
1179 2208 1378 2246 etpedibus,
1394 2209 1426 2237 et
1442 2208 1622 2239 affectibus.
1635 2211 1729 2241 Notas

1027 2256 1074 2285 eis
1086 2255 1191 2284 fecisti
1208 2254 1277 2284 vias
1291 2253 1381 2291 vitae,
1396 2261 1516 2283 vocans
1530 2262 1586 2283 eos
1599 2257 1669 2292 post
1682 2257 1727 2294 te,

1028 2301 1082 2339 qui
1095 2301 1148 2330 via
1160 2301 1194 2330 et
1209 2300 1275 2330 vita
1291 2307 1326 2329 es
1338 2321 1347 2335 ,
1365 2299 1398 2329 et
1419 2298 1524 2328 dicist
1544 2301 1650 2330 Venite
1663 2302 1729 2339 post

1030 2356 1086 2383 me,
1102 2347 1216 2384 faciam
1232 2355 1284 2375 ros
1297 2346 1365 2382 fieri
1380 2346 1545 2383 piscatores
1557 2346 1726 2377 hominum.

1029 2394 1107 2423 Item
1122 2415 1131 2430 ,
1147 2394 1207 2432 Qui
1221 2392 1296 2421 milii
1322 2392 1477 2421 ministrat
1490 2413 1500 2427 ,
1512 2400 1559 2421 me
1573 2394 1728 2430 sequatur,-

1029 2441 1056 2468 εἰ
1076 2439 1206 2469 ubisum
1218 2447 1288 2476 eqo,
1303 2437 1363 2467 illic
1377 2439 1404 2467 et
1419 2438 1556 2467 minister
1569 2439 1726 2468 incusorit.

1030 2485 1186 2514 Dicebant
1207 2492 1280 2521 ergo
1296 2483 1492 2521 gloriantes:
1507 2484 1584 2512 Ecce
1606 2491 1660 2513 nos
1677 2492 1727 2513 re-

1030 2533 1171 2569 liquimus
1186 2531 1302 2566 omnia,
1316 2531 1344 2559 ct
1359 2529 1453 2558 secuti
1464 2537 1570 2558 sumus
1586 2529 1624 2557 te.

1070 2577 1100 2605 5.
1121 2576 1173 2605 Sic
1188 2575 1298 2613 itaque
1320 2574 1354 2603 ct
1378 2573 1497 2603 dilecta
1511 2572 1587 2610 tua,
1607 2572 1728 2602 relictis

1031 2622 1181 2652 omnihus
1192 2621 1323 2659 propter
1332 2620 1362 2649 te
1374 2641 1383 2657 ,
1393 2618 1592 2656 concupiscit
1603 2626 1728 2656 semper

1033 2668 1080 2698 ire
1101 2668 1173 2706 post
1193 2667 1225 2697 te
1238 2688 1247 2705 ,
1263 2673 1391 2704 semper
1405 2664 1469 2695 tuis
1485 2664 1641 2696 inliaercre
1660 2671 1729 2694 ves-
