1846 3078
559 240 604 267 m
627 239 829 268 CANTIGA
854 239 1003 267 SERMO
1023 241 1147 268 LVIII.

1512 247 1572 276 53⁹

140 294 222 325 „mos
236 293 332 325 salvos
345 293 428 331 fecit,
443 293 573 330 seipsum
588 302 649 323 non
662 295 756 332 potest
777 293 840 323 sal-
872 293 947 322 runt
961 293 1017 331 qui
1033 293 1132 331 primi
1153 293 1362 326 crediderunt
1376 297 1416 327 de
1431 301 1548 337 populo
1561 324 1569 334 ,

138 350 208 371 vum
222 341 332 378 facere.
348 338 486 368 Christus
499 347 558 368 rex
572 339 668 368 Israel
682 339 840 370 descendat
872 338 1024 376 primitiae
1050 339 1244 368 sanctorum.
1260 339 1368 370 Flores
1389 351 1498 373 eorum
1513 346 1574 375 mi-

137 394 218 415 mmc
241 385 276 413 de
299 392 407 419 cruce,
429 384 457 412 ct
481 384 629 413 cresh'mus
645 384 682 412 ei.
696 383 839 413 Pliiloso-
872 383 1000 421 racula,
1013 384 1113 414 instar
1128 383 1242 413 florum
1257 385 1465 422 producentia
1487 389 1572 420 fruc-

137 431 274 468 phorum
295 428 428 458 ventosa
457 428 634 466 loquacitas
655 436 718 457 non
736 428 839 458 bonus
854 442 855 445 ¹
872 430 941 459 tum
966 430 1053 459 fidei.
1069 431 1146 459 Nam
1165 430 1336 468 postquam
1351 431 1406 460 ille
1433 432 1573 464 infideli-

137 475 242 505 imber
254 474 303 503 est
313 474 386 512 ,(1111
398 474 606 503 sterilitatem
619 472 839 510 magisintulit
872 474 945 504 tatis
961 474 1066 505 imber
1080 475 1317 513 aliquantulum
1327 496 1337 513 ,
1350 476 1403 505 vel
1417 484 1458 506 ex
1471 480 1572 516 parte,

135 519 250 557 terris,
267 527 364 557 quam
381 518 598 549 fertilitatem.
623 519 723 548 Multo
738 517 838 555 inagis

134 572 233 603 prava
240 564 386 603 dogmata
396 564 620 594 haereticorum
632 563 709 593 mali
719 563 838 593 imbres

133 610 226 648 sunt,
242 619 313 648 quae
330 618 386 647 pro
404 610 564 640 fructibus
585 609 693 648 spinas
718 608 838 646 produ-

133 659 213 688 cunt
226 658 258 687 et
274 656 422 686 iribulos.
439 655 511 685 Mali
528 655 649 685 imbres
664 654 763 685 etiam
775 654 838 683 tra-

131 703 271 733 ditiones
281 702 526 739 Pharisaeorum,
542 709 619 739 quas
631 700 774 730 Salvator
785 708 838 730 re-

130 749 260 787 darguit
269 771 279 786 ,
290 749 322 778 et
334 748 394 786 ipsi
404 748 505 776 nubes
516 747 620 776 malae.
630 746 668 775 Et
678 745 739 775 nisi
749 745 837 775 exis-

131 796 228 826 times
243 803 294 824 me
311 793 463 830 injuriam
478 792 584 821 facere
599 791 717 829 Moysi,
736 789 748 830 (
762 799 836 820 nam

132 841 216 870 bona
236 840 338 870 nubes
355 838 404 868 est
425 838 498 874 illa,
516 835 526 875 )
543 844 608 866 non
633 844 727 866 omne
750 836 835 874 quod

131 886 216 923 pluit
230 886 282 915 vel
296 885 364 920 ipsa
375 905 384 920 ,
399 883 521 913 bonum
535 883 645 912 tamen
654 882 778 920 dicam,
794 891 834 912 110

131 931 179 960 1111
209 929 423 961 contradicam
435 950 444 966 ,
471 929 527 966 qui
551 928 597 958 ait
620 936 629 956 τ
655 929 734 958 Dedi
758 929 834 964 illis,

131 976 164 1005 id
180 977 228 1007 est
241 975 377 1012 Judaeis,
392 976 544 1013 proecepta
555 982 618 1003 11οη
627 973 706 1003 bona
722 972 733 1012 (
750 974 835 1003 haud

130 1021 263 1051 dubium
279 1021 358 1059 quin
368 1029 427 1059 per
438 1018 588 1058 Moysen)
604 1021 632 1049 et
640 1019 835 1057 justificatio-

129 1076 199 1104 nes,
212 1069 243 1097 in
256 1068 363 1105 quibus
371 1075 434 1096 non
447 1067 545 1096 vivent
561 1066 592 1094 in
604 1066 656 1095 eis.
672 1065 835 1095 Litteralis

130 1113 205 1150 illa,
221 1113 314 1143 verbi
341 1120 454 1148 causa,
483 1111 667 1141 observatio
690 1110 834 1149 sabbati,

129 1159 273 1188 sonantis
289 1159 455 1196 requiem,
467 1165 532 1186 11011
549 1157 715 1194 donantis;
733 1157 836 1186 indic-

127 1204 181 1233 tus
195 1203 425 1233 sacrificiorum
440 1203 540 1240 ritus,
557 1202 752 1232 interdictus
764 1211 835 1241 por-

126 1249 209 1279 cinae
231 1249 336 1279 carnis
360 1257 454 1286 esus,
478 1249 772 1287 nonnullorumque
791 1250 835 1278 si-

128 1295 274 1332 milium,
293 1303 364 1333 quae
394 1294 562 1324 immunda
582 1302 600 1324 a
626 1295 733 1332 Moyse
759 1303 835 1324 cen-

127 1342 259 1377 sentur,
287 1340 401 1378 pluvia
428 1341 477 1369 est
505 1339 566 1369 hoc
590 1339 694 1369 totum
711 1347 753 1369 ex
779 1340 833 1369 illa

129 1386 216 1416 nube
246 1385 450 1414 descendens
468 1393 476 1413 :
495 1385 553 1414 sed
573 1385 648 1414 nolo
674 1384 708 1414 in
724 1393 833 1423 agrum

127 1433 180 1462 vel
191 1432 318 1461 hortum
328 1439 436 1460 meum
444 1430 634 1469 quandoque
643 1430 832 1461 descendat.

128 1477 239 1507 Fuerit
263 1484 338 1505 sane
367 1476 451 1505 bona
478 1483 535 1505 suo
560 1476 706 1513 tempore
733 1484 741 1504 ε
764 1478 835 1514 post

126 1524 255 1560 tempus
266 1521 293 1550 si
306 1522 455 1557 venerit,
470 1529 533 1550 11011
549 1521 665 1550 bonam
678 1521 744 1558 jam
757 1530 834 1552 0011-

123 1576 193 1598 500.
220 1567 331 1597 Omnis
356 1567 456 1596 etiam
481 1567 566 1596 lenis
586 1568 619 1596 et
640 1567 759 1597 leuiter
779 1568 834 1598 de-

124 1613 286 1643 scendens
311 1613 442 1651 pluvia,
466 1612 493 1641 si
517 1612 561 1642 sit
582 1612 832 1652 intempestiva,

125 1659 262 1688 molesta
284 1659 344 1688 est.

164 1704 195 1734 8.
213 1705 321 1733 Donec
338 1711 412 1741 ergo
424 1703 607 1733 istiusmodi
623 1711 713 1741 aquae
732 1705 833 1742 pesti-

123 1750 229 1779 {entes
243 1749 483 1786 occupaverunt
498 1750 630 1786 terram,
644 1750 676 1778 et
687 1749 832 1780 invalue-

124 1795 202 1824 runt
213 1803 310 1832 super
323 1803 406 1832 eam3
417 1795 546 1832 tempus
555 1803 649 1824 suum
658 1796 830 1826 vineaenon

125 1840 328 1878 habueruut,
343 1849 405 1870 nec
419 1840 574 1877 fuitquod
583 1848 697 1877 sponsa
712 1841 831 1871 invita-

123 1887 216 1916 retur
228 1887 267 1916 ad
280 1886 438 1924 putandas
454 1886 575 1915 vineas.
593 1886 749 1916 Caeterum
766 1887 830 1918 illis

123 1932 374 1962 decurrentibus
397 1934 482 1962 terra
499 1932 649 1970 apparuit.
670 1933 778 1971 arida,
797 1936 828 1963 et

123 1977 218 2008 110105
233 1978 454 2015 apparuerunt
482 1977 516 2006 in
537 1985 574 2006 ea
588 1999 596 2014 ,
612 1977 829 2015 significantes

121 2023 251 2060 tempus
259 2023 435 2061 putationis
444 2023 694 2060 adesse.Quaeris
702 2025 828 2062 quando

123 2068 183 2097 hoc
197 2068 275 2097 fuit?
291 2069 423 2105 Quando
437 2069 531 2106 putas
543 2090 551 2105 ,
568 2069 631 2098 nisi
648 2078 721 2098 011111
735 2070 829 2099 reflo-

121 2113 188 2143 ruit
201 2121 272 2143 caro
286 2114 401 2143 Christi
414 2113 448 2143 in
462 2114 716 2144 resurrectione?
726 2116 764 2144 Et
776 2116 827 2145 1110

120 2160 245 2198 primus
265 2159 298 2189 et
320 2160 482 2189 maximus
503 2160 580 2198 ssos,
601 2161 657 2198 qui
679 2162 827 2198 apparuit

121 2205 256 2235 interra
276 2206 396 2236 nostra.
412 2207 491 2235 Nam
511 2207 655 2245 primitioe
676 2208 828 2237 dormien-

121 2251 196 2280 tium
205 2251 358 2281 Christus.
374 2252 444 2289 Ipse
456 2274 464 2289 ,
476 2251 608 2289 lnquam
618 2251 693 2289 ,ssos
707 2253 825 2290 campi,

120 2297 147 2325 01
163 2297 260 2326 lilium
276 2298 458 2327 convallium
472 2298 582 2335 Jesus,
604 2299 639 2328 ut
655 2298 827 2336 putabatur

119 2341 197 2377 filius
209 2342 317 2380 Joseph
333 2352 352 2372 a
365 2344 542 2379 Nazareth,
562 2343 648 2382 quod
663 2344 826 2383 interpre-

120 2387 207 2416 tatur
221 2386 290 2416 flos.
307 2388 336 2416 ls
352 2396 427 2426 ergo
446 2388 503 2418 flos
515 2389 666 2427 apparuit
680 2390 806 2428 primus
816 2413 825 2428 ,

120 2440 184 2461 non
205 2432 303 2462 solus.
319 2432 397 2461 Nam
414 2434 447 2462 et
471 2434 568 2464 »nulla
591 2444 722 2473 corpora
736 2445 827 2466 sanc-

120 2479 220 2507 torum
230 2499 241 2515 ,
258 2478 311 2516 qui
333 2479 542 2515 dormierant,
551 2481 670 2517 pariter
680 2489 826 2511 surrexe-

119 2525 192 2553 runt
203 2545 214 2560 ,
245 2523 301 2561 (1111
326 2523 431 2553 veluti
467 2523 602 2562 quidam
633 2525 825 2555 lucidissimi

118 2567 213 2598 flores
225 2569 320 2599 simul
330 2570 548 2607 apparuerunt
563 2569 597 2599 in
608 2570 694 2600 terra
704 2571 824 2602 nostra.

86 2642 89 2652 k
119 2611 267 2652 Denique
281 2617 430 2645 venerunt
445 2616 478 2645 in
492 2617 633 2646 sanctam
654 2617 824 2656 civitatem,

89 2697 92 2702 Ι
116 2658 147 2687 c!
162 2662 373 2697 apparuerunt
386 2661 501 2691 mullis.
520 2661 627 2691 flores
641 2662 738 2691 etiam
754 2662 826 2693 sue-

872 519 951 549 abiit
966 520 999 550 et
1013 520 1168 558 recessit,
1185 520 1295 550 secuta
1310 529 1386 550 mox
1402 522 1450 551 051
1464 523 1573 559 pluvia

872 566 1069 605 voluntaria,
1085 575 1182 605 quam
1204 567 1385 605 segregavit
1404 568 1491 596 Deus
1510 567 1577 597 1130-

871 609 1001 640 reditati
1017 619 1102 649 suae,
1119 613 1152 641 et
1175 611 1269 641 ssores
1291 619 1447 650 apparere
1469 619 1577 650 coepe-

871 654 956 684 runt.
982 656 1139 685 Dominus
1162 656 1254 686 dedit
1276 656 1530 694 benignitatem,
1544 657 1577 686 et

870 700 956 730 terra
984 701 1092 731 nostra
1120 701 1212 731 dedit
1239 701 1335 731 flores
1357 710 1449 740 suos,
1473 701 1518 732 ita
1540 703 1577 732 111

871 753 932 775 una
948 746 1001 777 die
1017 747 1078 777 tria
1093 747 1211 785 millia,
1224 747 1257 776 in
1270 747 1333 777 alia
1342 748 1486 786 quinque
1502 748 1577 777 mil-

870 791 912 820 lia
928 791 968 821 de
992 792 1112 831 populo
1123 793 1315 823 crederent:
1327 793 1406 823 adeo
1427 794 1461 823 in
1483 794 1576 824 brevi

869 838 972 867 crevit
991 838 1106 868 florum
1121 846 1294 877 numerus,
1312 839 1345 869 id
1373 840 1422 869 051
1442 840 1577 870 creden·

868 882 950 913 tium
965 884 1153 914 multitudo.
1169 884 1207 914 Et
1222 893 1287 914 non
1299 885 1406 923 potuit
1420 886 1496 923 gelu
1511 893 1578 914 nia-

868 928 948 959 litiae
964 930 1143 967 praevalere
1167 930 1322 960 adversus
1337 930 1431 960 flores
1446 931 1501 969 qui
1518 938 1576 968 ap·-

868 973 1042 1012 parebant,
1071 982 1133 1004 1100
1154 975 1332 1012 praeripere
1353 973 1416 1013 (ut
1431 975 1573 1014 assolet)

868 1018 1008 1049 fructum
1023 1019 1117 1058 vitae,
1135 1028 1231 1058 quem
1248 1020 1492 1058 promittebant.

908 1065 938 1095 9.
953 1066 1031 1095 Nam
1053 1074 1128 1095 cum
1149 1074 1262 1096 omnes
1278 1066 1332 1104 qui
1350 1066 1574 1104 crediderant,

868 1110 1082 1141 induerentur
1098 1111 1222 1143 virtute
1252 1120 1294 1142 ex
1317 1112 1399 1149 alt03
1422 1120 1578 1143 surrexe-

867 1157 943 1186 runt
963 1165 1006 1186 ex
1031 1157 1078 1186 015
1093 1157 1259 1195 11011111105,
1275 1158 1330 1196 qui
1346 1157 1451 1188 minas
1471 1158 1576 1188 homi-

868 1210 945 1231 num
959 1203 1236 1241 contempserunt,
1248 1203 1347 1233 fortes
1361 1203 1393 1233 in
1406 1203 1479 1234 fide.
1489 1205 1576 1234 Passi

867 1249 943 1278 suut
958 1248 1089 1286 quidem
1101 1257 1197 1287 quam
1213 1250 1370 1287 plurimos
1391 1249 1575 1279 contradic-

867 1294 952 1323 tores
965 1302 972 1322 :
990 1294 1047 1324 sed
1059 1302 1124 1324 non
1137 1296 1321 1332 cesserunt,
1334 1303 1441 1333 neque
1450 1295 1577 1326 51111101-

867 1338 1036 1377 fugerunt,
1052 1348 1118 1377 quo
1131 1340 1240 1370 minus
1249 1341 1281 1370 et
1296 1340 1441 1371 facerent
1451 1363 1460 1378 ,
1477 1341 1509 1370 01
1521 1349 1577 1370 an-

866 1385 1054 1416 nuntiarent
1078 1393 1176 1423 opera
1192 1386 1263 1415 Dei.
1277 1386 1355 1415 Nam
1381 1386 1475 1423 juxta
1493 1386 1576 1415 illud

866 1429 899 1458 in
915 1431 1037 1468 psalmo
1060 1430 1274 1469 spiritualiter
1298 1431 1451 1468 quidem,
1473 1433 1514 1461 Et
1528 1441 1576 1462 se-

865 1479 1061 1507 minaverunt
1086 1486 1199 1514 aoros,
1233 1479 1263 1506 et
1284 1478 1504 1515 plantaverunt
1528 1479 1574 1507 vi-

865 1531 950 1560 ncas,
963 1525 991 1553 et
1001 1523 1139 1560 fecerunt
1154 1523 1290 1560 fructu-m
1304 1524 1485 1553 nativitatis.
1498 1523 1575 1553 Pro-

865 1577 956 1598 cessu
971 1568 1126 1606 temporis
1140 1569 1317 1606 tempestas
1336 1568 1447 1598 sedata
1463 1569 1527 1606 est,
1542 1571 1575 1599 et

865 1623 943 1651 pace
959 1614 1085 1644 reddita
1098 1614 1194 1644 terris
1204 1635 1212 1650 ,
1224 1615 1399 1644 creverunt
1410 1614 1528 1652 vineae,
1542 1616 1576 1644 01

866 1661 1045 1697 propagatae
1056 1681 1064 1696 ,
1082 1659 1115 1688 01
1137 1659 1280 1688 dilatatae
1296 1660 1387 1697 sunt,
1413 1660 1446 1689 01
1461 1660 1575 1689 multi-

863 1704 991 1742 plicatae
1002 1712 1100 1742 supcr
1107 1712 1293 1734 numerum.
1303 1705 1341 1734 Et
1352 1706 1427 1734 tunc
1442 1704 1574 1734 demum

863 1758 977 1787 sponsa
993 1750 1033 1779 ad
1046 1750 1157 1788 vineas
1171 1750 1346 1788 invitatur,
1359 1758 1423 1779 11011
1438 1750 1570 1788 quidem

863 1797 902 1826 ad
914 1795 1125 1834 plantandum
1136 1818 1145 1833 ,
1162 1796 1219 1825 sed
1235 1796 1274 1825 ad
1289 1796 1470 1834 putandum
1485 1796 1572 1834 quod

863 1843 1044 1881 plantatum
1054 1842 1118 1878 jam
1131 1843 1212 1871 erat.
1223 1842 1409 1879 Opportune
1419 1841 1551 1880 quidem
1560 1851 1570 1870 τ

862 1896 934 1917 nam
952 1887 985 1917 id
1000 1896 1079 1925 opus
1102 1887 1191 1925 pacis
1216 1887 1346 1924 tenipus
1369 1887 1568 1924 requirebat.

861 1934 995 1971 Quando
1011 1932 1137 1963 etenim
1161 1932 1397 1970 persecutionis
1422 1933 1570 1970 tempore

861 1979 894 2008 id
920 1977 1055 2009 liceret?
1081 1978 1233 2016 Alioquin
1255 1986 1383 2007 sumere
1400 1978 1435 2006 in
1455 1986 1571 2007 manus

860 2024 984 2062 gladios
1008 2024 1185 2062 ancipites,
1212 2023 1317 2053 facere
1343 2023 1520 2053 vindict-ain
1538 2023 1571 2053 in

860 2070 1062 2107 nationibus,
1090 2069 1330 2108 increpationes
1361 2069 1394 2098 in
1422 2069 1568 2107 populis;

860 2117 992 2155 alligare
1007 2124 1101 2154 reges
1115 2123 1225 2145 eorum
1243 2115 1276 2144 in
1292 2115 1520 2153 compedibus,
1537 2116 1571 2144 et

859 2162 984 2192 nobiles
1001 2169 1112 2191 eorum
1126 2161 1159 2190 in
1175 2161 1311 2191 manicis
1326 2160 1457 2198 ferrei53
1472 2162 1504 2191 et
1522 2161 1571 2190 fa·-

860 2216 932 2238 cere
954 2207 989 2237 in
1010 2207 1057 2236 eis
1070 2206 1229 2244 judicium
1244 2206 1462 2244 conscriptum
1482 2204 1568 2247 (hoc

859 2254 981 2292 quippe
1008 2253 1124 2291 putare
1146 2252 1260 2282 vineas
1286 2252 1334 2282 est
1351 2261 1358 2280 :
1377 2251 1387 2290 )
1405 2252 1495 2289 haec,
1518 2252 1569 2281 in—

858 2308 972 2338 quam,
989 2299 1096 2328 omnia
1110 2297 1168 2328 vix
1179 2299 1233 2327 vel
1250 2297 1339 2336 pacis
1352 2298 1498 2336 tempore
1514 2305 1569 2327 ac·-

858 2347 995 2377 titantur
1008 2346 1041 2374 in
1056 2352 1148 2382 pace.
1161 2344 1200 2373 Et
1214 2344 1253 2373 de
1270 2344 1321 2373 his
1333 2344 1423 2374 satis.

905 2392 955 2421 10.
982 2391 1112 2421 Poterat
1138 2390 1238 2420 etiam
1268 2389 1355 2418 finiri
1384 2395 1489 2418 sermo
1501 2408 1510 2424 ,
1539 2386 1567 2415 si

858 2438 949 2475 pri-us
966 2444 1131 2475 quemque
1154 2438 1301 2465 vestrum
1329 2435 1421 2471 juxta
1443 2439 1564 2461 morem

858 2491 967 2512 meum
991 2482 1030 2512 de
1053 2490 1110 2511 sua
1131 2481 1230 2511 vinca
1255 2479 1462 2509 monuissem.
1486 2475 1565 2512 Quis

859 2528 947 2557 enim
962 2528 1007 2557 ita
1024 2527 1063 2557 ad
1079 2534 1219 2564 unguem
1239 2524 1344 2555 omnia
1361 2531 1378 2551 a
1394 2530 1427 2551 sc
1446 2529 1560 2558 super-

858 2573 923 2603 flua
944 2572 1126 2609 resecavit,
1143 2572 1180 2602 ut
1200 2571 1246 2600 nil
1268 2578 1301 2599 se
1323 2568 1442 2597 habere
1467 2566 1561 2603 putet

858 2618 1026 2656 putatione
1052 2615 1207 2655 dignum?
1234 2615 1381 2644 CnEmTE
1404 2618 1508 2647 1111111,
1530 2611 1563 2639 et

859 2664 969 2701 putata
986 2661 1198 2701 repullulant,
1211 2660 1244 2689 et
1259 2657 1396 2718 011113ἓὲ3
1407 2655 1562 2692 redeunt,
