1830 3073
471 231 525 258 DE
546 229 756 258 DIVERSIS
781 227 930 256 SERMO
956 229 1125 255 XXVIII.

805 281 874 319 -qui
901 281 1068 319 regnaturi
1098 281 1246 318 fuerant,
1276 282 1435 320 imparati.
1465 286 1515 315 Sic

87 286 163 318 tudo
179 286 324 318 omnium
338 283 534 323 gratiarum:
558 283 610 313 cui
626 283 702 314 dum
724 290 781 313 nos

85 340 143 370 pro
165 331 304 369 acceptis
324 337 388 359 non
408 329 548 369 ingratos
569 328 780 365 exhibemus,

84 377 192 407 locum
203 377 236 406 in
248 375 339 405 nobis
346 374 480 404 facimus
489 375 610 413 gratiae,
618 376 652 404 ut
662 373 781 411 maiora

85 422 190 453 adhuc
224 421 372 458 accipere
411 428 607 449 mereamur.
641 419 781 460 ΟΜΝῙΝΟ

84 467 172 495 enim
182 472 267 497 som
277 473 334 495 nos
346 473 364 494 a
375 465 523 503 profectu
530 464 782 495 conversationis

84 510 221 549 impedit
245 509 440 548 ingratitudo
454 510 583 547 nostra,
606 509 683 539 dum
706 516 783 546 quo-

83 555 251 586 dammodo
271 555 424 584 amissum
435 556 587 593 reputans
600 553 691 583 dator
698 553 783 591 quod

82 600 227 638 ingratus
242 600 388 638 accepit,
405 600 499 630 cavet
516 599 579 629 sibi
593 599 633 629 de
646 599 761 629 caetero
772 620 782 636 ,

83 653 124 676 ne
140 646 228 676 tanto
246 645 339 684 plura
355 644 540 683 amitteret,
557 645 675 683 quanto
690 644 783 684 plura

86 691 247 721 conferret
269 691 406 729 ingrato.
428 690 521 719 Felix
549 690 704 728 proinde,
726 689 783 728 qui

84 746 119 767 se
134 737 348 774 alienigenam
361 736 525 774 reputans,
541 735 640 766 etiam
652 744 709 775 pro
721 735 784 765 mi-

84 783 181 812 nimis
203 782 383 821 quibusque
401 781 572 812 beneficiis
596 790 662 812 non
685 781 784 811 mini·

84 836 151 858 mas
166 828 265 859 refert
279 827 401 866 grates,
430 828 608 865 gratuitum
633 836 702 859 esse
718 835 783 857 non

85 873 235 903 dubitans
243 881 348 911 neque
356 872 574 910 dissimulans,
583 873 668 911 quod
677 872 784 902 alieno

85 919 283 956 impenditur
295 920 328 949 et
339 918 458 957 ignoto.
473 919 535 948 Nos
547 920 656 949 autem
671 918 783 948 miseri

85 965 116 994 et
130 964 342 1002 miserabiles,
352 972 425 994 cum
434 964 581 1002 ininitio,
594 964 671 994 dum
679 964 784 994 adhuc

85 1010 205 1040 alienos
220 1018 277 1040 nos
291 1010 505 1048 aestimamus,
520 1010 664 1040 timorati
689 1010 783 1048 satis,

84 1055 162 1085 satis
190 1055 300 1085 devoti
331 1056 366 1085 et
391 1055 533 1085 humiles
560 1055 783 1093 inveniamur3

84 1101 150 1130 tam
182 1100 277 1130 facile
302 1100 508 1138 postmodum
542 1100 784 1139 obliviscimur,

84 1154 179 1184 quam
207 1146 383 1184 gratuitum
408 1146 450 1175 sit
477 1145 633 1184 quicquid
657 1146 786 1184 accepi-

84 1200 173 1229 mus,
190 1192 223 1221 et
236 1192 468 1228 praesumentes
492 1199 558 1220 non
582 1191 667 1220 bene
692 1192 784 1229 quasi

85 1237 123 1266 de
133 1236 354 1266 familiaritate
364 1235 437 1274 Dei,
451 1244 656 1274 nequaquam
672 1236 785 1266 adver-

84 1282 182 1312 timus
197 1281 283 1321 quod
294 1289 479 1312 mereamur
491 1281 615 1320 audire,
631 1282 783 1320 quoniam

83 1329 200 1358 inimici
212 1329 351 1364 Domini,
375 1328 532 1358 domestici
551 1328 626 1365 ejus.
645 1327 784 1358 Facilius

86 1373 174 1403 enim
190 1373 268 1403 tunc
283 1373 479 1404 offendimus
497 1381 592 1403 eum:
611 1373 703 1412 quasi
719 1381 784 1403 non

85 1417 214 1456 gravius
227 1418 303 1448 tunc
312 1427 382 1457 quze
394 1418 512 1449 anobis
525 1418 782 1458 committuntur,

81 1465 255 1501 judicanda
268 1464 455 1496 noverimus
471 1473 553 1502 esse,
569 1473 644 1495 cum
655 1466 688 1495 in
697 1466 784 1503 psal-

84 1518 136 1539 mo
148 1511 310 1548 legamus:
328 1511 480 1549 Quoniam
495 1511 522 1541 si
535 1511 675 1541 inimicus
700 1521 784 1542 meus

83 1557 287 1586 maledixisset
306 1556 394 1592 mihi,
429 1557 640 1586 sustinuissem
664 1558 780 1595 utique.

84 1600 221 1632 Obsecro
239 1601 368 1640 itaque,
391 1601 518 1631 Fratres
532 1601 610 1638 mei,
630 1601 783 1632 humilie-

84 1654 156 1677 mur
173 1647 274 1686 magis
291 1655 327 1677 ac
346 1647 447 1684 magis
463 1646 523 1677 sub
544 1647 669 1684 potenti
685 1656 784 1678 manu

84 1692 161 1730 Dei,
179 1693 213 1722 et
236 1693 276 1722 ab
301 1693 361 1722 hoc
382 1693 448 1722 tam
463 1692 617 1730 maximo,
634 1692 700 1722 tam
724 1702 784 1723 ne-

85 1737 237 1775 quis-simo
252 1738 332 1768 vitio
348 1737 591 1775 ingratitudinis
602 1738 696 1776 longe
711 1738 783 1768 fieri

85 1783 290 1812 studeamus:
306 1783 343 1812 ut
354 1783 420 1812 tota
435 1782 607 1813 devotione
621 1783 655 1812 in
668 1783 785 1821 gratia-

86 1834 156 1855 rum
191 1827 316 1857 actione
352 1828 517 1857 versantes
528 1849 537 1865 ,
577 1828 784 1859 conciliemus

84 1872 176 1902 nobis
189 1873 323 1911 gratiam
335 1873 394 1903 Dei
402 1873 591 1911 nostr1,quae
606 1875 671 1903 sola
679 1875 785 1912 potest

85 1917 208 1947 salvare
223 1918 347 1948 animas
361 1918 495 1948 nostras.
511 1919 576 1948 Nec
596 1920 696 1949 verbo
712 1920 784 1949 tan-

84 1963 153 1992 tum
169 1963 222 1993 vel
253 1964 376 2002 lingua,
405 1963 462 1994 sed
483 1972 581 2002 opere
597 1965 630 1994 et
644 1965 782 1995 veritate

83 2007 296 2037 exhibeamus
306 2015 363 2038 nos
375 2008 478 2046 gratos
493 2016 501 2037 z
518 2007 593 2046 quia
607 2009 782 2046 gratiarum

85 2053 243 2083 actionem
257 2053 358 2091 magis
373 2062 469 2092 quam
488 2053 665 2084 dictionem
686 2063 704 2085 a
725 2063 783 2086 no-

84 2097 134 2127 bis
162 2098 265 2136 exigit
297 2098 390 2129 dator
416 2098 590 2137 gratiarum
626 2100 782 2131 Dominus

84 2143 170 2173 Deus
186 2143 316 2184 noster,
329 2143 386 2184 qui
401 2144 449 2176 est
469 2144 659 2177 benedictus
674 2146 708 2177 in
723 2155 782 2179 sae—

82 2188 172 2227 cula,
186 2196 293 2219 amen.

387 2234 478 2242 ..—

245 2274 412 2309 SERMO
443 2276 631 2310 XXVIII.

85 2340 123 2363 De
132 2347 158 2363 eo
169 2342 232 2370 quod
243 2342 332 2372 leqitur
344 2345 372 2367 in
379 2343 481 2372 Job,1n
496 2352 540 2369 sex
550 2346 781 2370 tribulationibus

121 2376 248 2433 limitabit
267 2381 311 2408 te,
329 2381 357 2403 et
374 2379 405 2402 in
427 2380 542 2410 septima
559 2387 616 2405 non
639 2383 733 2412 tanget
755 2385 782 2406 te

119 2417 163 2433 Ina
178 2418 238 2434 um·

130 2458 155 2486 l.
172 2458 313 2488 DIGNL'M
329 2459 422 2490 valde
443 2461 503 2499 est,
521 2462 554 2492 et
569 2462 697 2494 omnino
710 2465 782 2494 exi-

85 2505 131 2541 {git
147 2505 228 2535 ratio
243 2506 421 2545 aequitatiS,
436 2509 472 2538 ut
490 2510 607 2547 quibus
630 2519 647 2540 a
663 2513 781 2543 consti-

86 2551 210 2581 tutione
236 2552 350 2582 mundi
382 2561 516 2592 regnum
540 2556 691 2593 paratur,
719 2557 780 2596 ipsi

86 2597 182 2626 ctiam
198 2605 267 2627 sese
282 2606 380 2636 regno
393 2608 506 2637 parare
517 2609 581 2630 non
597 2602 778 2642 negligant3

1477 231 1514 261 57

818 327 905 355 enim
920 327 1057 365 legimus
1068 326 1106 356 de
1117 334 1208 355 coena
1224 327 1374 365 quadam,
1390 329 1516 360 (licente

817 371 967 410 Domino,
982 371 1134 410 quoniam
1150 380 1237 401 coeua
1262 373 1381 409 quidem
1406 378 1517 410 paratu

817 422 879 457 est,
904 421 954 450 seu
979 421 1034 459 qm·
1052 421 1155 450 vocati
1182 422 1292 456 erant,
1307 429 1371 450 non
1394 421 1517 458 fuerunt

817 465 911 504 (liqui.
930 465 1110 502 Quaerimus
1132 473 1226 504 ergo,
1249 465 1519 503 quemadmodum

818 517 918 548 regno
935 510 1048 548 parato
1068 511 1176 549 parari
1195 510 1337 540 debeant
1356 519 1448 548 reges
1472 510 1521 540 fu-

817 555 895 585 turi.
912 556 950 586 Et
964 556 992 586 si
1007 556 1062 594 pie
1077 556 1253 594 quaerimus
1268 564 1342 586 cum
1361 556 1523 594 Propheta

817 601 967 639 Domini,
999 601 1170 631 audiemus
1197 602 1311 640 utique
1338 609 1357 631 a
1385 601 1522 631 Domino

819 654 893 675 cum
906 647 1067 685 Propheta
1083 656 1090 676 τ
1107 649 1253 684 Domine,
1279 649 1347 686 quis
1372 647 1522 677 habitabit

818 692 850 721 in
867 692 1065 722 tabernaculo
1080 695 1131 723 tuo
1143 692 1156 723 ἓ
1167 695 1222 723 aut
1234 694 1300 731 quis
1312 694 1476 732 requiescet
1490 694 1522 723 in

818 739 921 767 monte
934 740 1041 768 sancto
1051 739 1101 768 tuo
1115 738 1128 767 ἓ
1148 739 1208 777 Qui
1217 738 1521 777 inqreditur,inquit,

817 784 882 813 sine
896 784 1032 814 macuta.
1046 784 1109 813 Sed
1124 784 1192 814 haec
1207 806 1217 821 ,
1236 784 1365 821 inquies
1376 805 1386 822 ,
1401 792 1524 822 praepa-

818 829 901 858 ratio
932 828 993 859 soli
1023 829 1149 859 Christo
1173 829 1350 860 convenire
1377 829 1520 860 videtur.

818 873 917 903 Nemo
926 875 1013 904 enim
1026 875 1215 905 caeterorum
1228 875 1373 905 omnium
1381 875 1523 906 mundus

820 927 837 948 a
853 920 957 958 sorde,
972 929 1034 950 nec
1049 921 1167 959 infans,
1181 921 1273 958 cujus
1288 922 1337 951 est
1350 922 1417 951 vita
1427 921 1524 951 unius

819 964 885 995 diei
897 968 1134 1005 superterram.
1150 967 1262 1005 Itaque
1278 967 1364 997 solus
1376 967 1522 1004 intrabit,

819 1011 874 1048 qui
890 1013 975 1043 solus
993 1020 1092 1051 agnus
1113 1013 1161 1043 est
1182 1013 1252 1042 sine
1274 1014 1417 1051 macula,
1437 1013 1523 1043 solus

820 1057 910 1094 argui
932 1065 997 1087 non
1014 1059 1120 1096 potuit
1138 1058 1178 1088 de
1192 1058 1343 1096 peccato,
1359 1057 1444 1096 quod
1458 1066 1523 1088 non

820 1103 859 1132 ab
877 1111 914 1132 eo
929 1103 1051 1133 factum
1067 1103 1134 1141 est,
1158 1111 1218 1133 nec
1234 1104 1269 1133 in
1287 1112 1324 1133 eo
1339 1103 1521 1134 inventum.

820 1148 911 1178 Solus
922 1150 1019 1188 plane
1035 1157 1178 1180 summus
1192 1149 1342 1179 Pontifex
1355 1157 1448 1178 meus
1462 1157 1522 1179 nec

819 1194 853 1222 in
869 1195 983 1232 patre,
1007 1203 1071 1225 nec
1096 1195 1131 1224 in
1158 1195 1262 1225 matre
1287 1195 1524 1225 contaminatus

820 1237 885 1276 est,
902 1239 938 1268 ut
952 1240 1021 1269 Lex
1043 1240 1124 1269 dicit
1145 1248 1155 1268 ε
1171 1240 1295 1278 patrem
1311 1240 1432 1278 quippe
1443 1262 1452 1277 ,
1466 1240 1522 1270 sed

818 1283 940 1321 Deum3
957 1284 1097 1314 matrem
1112 1292 1253 1322 quoque,
1279 1284 1336 1314 sed
1360 1284 1522 1323 virginem

818 1327 953 1359 habens.
968 1329 1060 1359 Unde
1074 1329 1107 1360 et
1118 1331 1204 1360 solus
1216 1329 1399 1368 ingreditur
1413 1331 1523 1361 sancta

818 1374 1014 1413 sanctorum,
1028 1375 1062 1405 et
1084 1384 1173 1405 nemo
1189 1376 1324 1406 ascendit
1347 1377 1381 1405 iu
1395 1377 1521 1413 coelum,

817 1420 879 1450 nisi
899 1422 953 1458 quz’
967 1421 1118 1452 descendit
1130 1422 1166 1455 de
1179 1421 1252 1453 coelo
1270 1422 1371 1455 Filius
1390 1421 1523 1454 hominis

818 1466 872 1506 qui
884 1467 929 1496 est
942 1467 975 1496 in
991 1468 1077 1497 coelo.

858 1510 889 1540 2.
918 1511 1005 1548 Quid
1040 1520 1116 1549 ergo
1137 1519 1196 1542 nos
1208 1511 1224 1542 ἒ
1252 1512 1344 1543 Itane
1369 1511 1523 1543 continuo

817 1556 1061 1594 desperabimus
1072 1557 1084 1587 ἓ
1095 1559 1196 1587 Immo
1210 1566 1289 1588 vero
1309 1559 1520 1597 sperabImus,

819 1602 852 1631 et
866 1602 943 1632 hinc
958 1603 1114 1633 maxime.
1130 1603 1224 1633 L1cet
1238 1603 1327 1633 enim
1342 1604 1441 1642 solus,
1466 1605 1523 1634 sed

817 1647 961 1685 profecto
972 1648 1226 1687 totusintrabit,
1244 1649 1278 1678 et
1293 1657 1327 1680 os
1352 1657 1418 1679 non
1437 1657 1523 1679 com-

818 1693 985 1723 minuetur
1000 1702 1043 1724 ex
1059 1702 1109 1724 eo.
1124 1695 1193 1724 Non
1209 1694 1280 1724 sine
1299 1695 1456 1725 membris
1471 1703 1523 1725 ca-

818 1739 876 1775 put
887 1739 1076 1770 invenictur
1090 1740 1124 1770 in
1135 1748 1247 1779 regno,
1260 1740 1286 1770 si
1301 1740 1411 1771 tamen
1423 1750 1524 1771 mem-

818 1783 876 1813 bra
900 1784 1024 1815 fuerint
1045 1785 1223 1815 conformia
1251 1786 1285 1815 et
1309 1786 1522 1825 cohaerentia,

819 1828 945 1859 scilicet
958 1829 1057 1867 capiti
1075 1838 1133 1859 suo
1150 1830 1346 1867 ,conformia
1361 1839 1438 1861 sane
1453 1840 1523 1863 mo—

818 1874 920 1912 ribus,
935 1875 1132 1905 cohaerentia
1140 1875 1214 1906 fide.
1229 1876 1336 1906 Habet
1350 1876 1438 1906 enim
1447 1886 1524 1908 con-

818 1919 1043 1950 formationem
1071 1929 1169 1959 quam
1197 1921 1325 1960 potest,
1355 1922 1455 1954 habet
1490 1926 1523 1956 et

818 1966 1046 1996 cohaerentiam
1068 1967 1140 2005 ipsa
1168 1967 1267 1997 etiam
1293 1968 1401 1998 minor
1427 1969 1524 2008 aetas,

817 2011 894 2041 dum
917 2011 951 2041 et
975 2012 1183 2042 similitudini
1208 2013 1320 2044 mortis
1343 2014 1414 2052 ejus
1437 2023 1523 2046 mer-

817 2057 906 2087 sione
921 2057 976 2087 illa
991 2058 1114 2097 triplici
1125 2060 1373 2098 complantatur,
1383 2060 1416 2090 et
1425 2060 1520 2091 fidem

816 2102 851 2132 in
862 2103 1030 2134 involucro
1044 2104 1183 2142 quodam
1198 2105 1328 2143 recipit,
1344 2106 1430 2144 quod
1444 2115 1523 2137 nec·

815 2148 893 2178 dum
914 2157 1017 2188 capax
1041 2150 1084 2180 sit
1104 2151 1256 2181 evolutae.
1278 2151 1444 2190 Benignus
1468 2153 1522 2182 ni-

815 2194 934 2224 mirum
951 2195 1000 2225 est
1012 2195 1152 2234 Spiritus
1167 2196 1356 2234 sapientiae:
1372 2198 1406 2227 et
1423 2206 1522 2236 quem

815 2240 963 2271 traducta
971 2242 1066 2280 culpa
1078 2241 1246 2280 ligarerat,
1259 2242 1384 2274 indulta
1393 2242 1521 2280 justitia

815 2285 923 2316 solvit.
947 2286 1011 2316 Sed
1035 2295 1099 2318 non
1123 2287 1169 2316 ita
1194 2287 1349 2327 deinceps
1366 2288 1522 2319 liberabit

814 2331 1024 2363 maledictum
1053 2341 1072 2363 a
1098 2332 1193 2363 labiis
1218 2334 1296 2364 suis.
1334 2335 1518 2366 Voluntaria

814 2378 894 2407 enim
903 2380 1045 2416 peccanti
1069 2380 1136 2417 post
1151 2381 1288 2418 aqne'tam
1301 2381 1436 2418 qratiam
1456 2389 1520 2411 ‘non

814 2422 998 2461 relinquitur
1012 2423 1108 2454 hostia
1117 2433 1173 2462 pro
1187 2427 1321 2462 peccalo.
1334 2423 1398 2454 Sed
1411 2433 1517 2463 neque

814 2467 859 2497 sic
874 2468 1028 2499 liberabit
1044 2477 1062 2499 a
1073 2469 1158 2507 suis,
1173 2470 1332 2507 quomodo
1349 2470 1388 2499 ab
1404 2470 1518 2500 alienis

815 2512 909 2543 labiis
923 2515 1147 2546 maledictum.
1164 2514 1357 2552 maledictio,
1374 2515 1518 2553 Fratres,

814 2559 921 2596 gravis
936 2559 985 2590 est
1001 2562 1146 2598 macula,
1172 2560 1204 2590 et
1227 2561 1346 2590 scimus
1366 2561 1517 2596 quoniam

815 2612 880 2634 non
896 2606 979 2644 quod
992 2606 1093 2637 intrat
1108 2607 1141 2636 in
1157 2615 1203 2644 os,
1217 2606 1403 2644 coinquinat
1414 2606 1518 2635 homi—

90 2650 126 2671 ,ιιι-
150 2643 259 2680 parato
278 2652 373 2682 regno
400 2646 607 2676 inm-niantur
628 2647 757 2678 forsitan
772 2671 798 2687 ‚.
818 2658 891 2680 nem
905 2675 912 2689 ³
930 2652 985 2682 sed
1006 2652 1090 2691 quod
1110 2652 1149 2682 (le
1170 2659 1223 2682 oro
1241 2651 1414 2690 egreditur.
1442 2652 1519 2683 Inde>
