1846 3078
268 247 402 278 introivi
417 256 426 277 t
443 255 501 287 ego
525 248 645 279 messui
671 248 853 287 myrrham,
870 254 963 284 quam

267 293 317 323 illi
346 293 592 331 plantaverunt3
619 293 704 323 mihi
738 293 792 322 hic
820 290 967 321 salutaris

266 338 439 369 fasciculus
450 341 596 369 servatus
608 339 655 368 est
667 347 675 366 ε
685 345 781 377 nemo
792 334 884 365 tollet
894 341 966 363 eum

267 393 285 414 a
300 393 370 422 me,
387 384 472 414 inter
494 384 597 413 ubera
611 379 690 417 mea*
705 379 965 410 commorabitur.

266 429 343 458 Haec
362 423 511 458 meditari
538 428 607 457 dixi
634 422 846 463 sapientiam',
862 423 895 451 in
918 422 968 451 his

264 472 399 510 iustitiae
414 473 495 502 mibi
508 472 741 510 perfectionem
751 466 921 505 constitui,
935 468 967 495 in

265 518 318 548 his
328 517 566 556 plenitudinem
585 514 745 549 scientiae,
767 513 801 542 in
816 513 867 542 his
883 512 968 541 divi-

266 563 332 593 tias
345 563 468 600 salutis,
482 562 515 590 in
527 562 577 590 his
590 559 696 597 copias
708 558 911 587 meritorum.
920 558 967 586 Ex

267 608 320 638 his
334 609 415 638 mihi
429 607 591 636 interdum
606 605 698 642 potus
714 603 863 633 salutaris
880 611 969 632 ama-

267 654 439 689 ritudinis,
459 661 500 682 ex
518 651 569 680 his
588 658 718 680 rursum
733 650 841 679 suavis
858 650 967 679 unctio

272 697 588 729 consolati011is.Haec
600 703 652 724 me
668 695 795 733 erigunt
808 695 841 724 in
856 695 969 724 adver-

268 745 333 782 sis,
352 744 387 773 in
413 741 575 780 prosperis
609 741 812 779 reprimunt,
835 740 868 770 et
883 740 968 770 inter

266 788 358 824 laeta,
375 787 542 823 tristiaque
570 785 647 815 vitae
668 784 837 823 praesentis
849 785 901 814 via
918 793 968 815 re-

267 834 318 871 gia
337 832 501 862 incedenti
514 832 621 861 tutum
632 831 778 869 praebent
796 830 967 869 utrobique

266 877 436 914 ducatum,
458 875 534 905 binc
560 875 638 904 inde
658 875 740 904 mala
763 875 967 904 imminentia

267 921 573 960 propulsando.Haec
581 920 663 949 mihi
674 920 846 949 conciliant
855 919 967 949 mundi

266 967 413 996 Judicem
427 987 437 1003 ,
465 965 541 995 dum
569 965 775 995 tremendum
799 965 969 1003 potestati-

267 1013 326 1041 bus
340 1011 454 1041 mitem
477 1011 699 1048 humilemque
720 1010 877 1049 figurant,
892 1010 967 1040 dum

266 1065 330 1087 non
339 1056 720 1094 soiumplacabilem,sed
734 1055 967 1086 etimitabilem

266 1103 500 1140 repraesentant
524 1110 598 1132 eum
614 1123 625 1140 ,
653 1103 709 1140 qui
736 1102 968 1132 inaccessibilis

267 1151 315 1179 est
330 1148 584 1186 principatibus,
601 1147 757 1177 terribilis
776 1147 862 1186 apud
876 1156 967 1186 reges

264 1195 372 1224 terrae.
387 1194 560 1232 Propterea
577 1200 658 1223 Hffic
678 1201 760 1223 imm
773 1201 811 1223 IN
824 1201 891 1223 ORE
906 1193 968 1223 sre-

265 1242 404 1278 quenter
415 1262 424 1277 ,
439 1239 523 1269 sicut
536 1247 592 1269 vos
610 1239 698 1269 scitis
715 1247 723 1268 ε
740 1239 808 1268 haec
823 1239 857 1268 in
872 1239 965 1269 corde

265 1293 406 1323 semper,
422 1285 505 1314 sicut
520 1285 607 1313 Deus
619 1285 680 1314 scit
695 1293 704 1315 ι
722 1284 790 1314 haec
801 1285 884 1322 stylo
895 1293 967 1314 meo

265 1330 437 1360 admodum
447 1330 616 1359 familiaria
626 1330 727 1368 ,sicut
739 1332 869 1367 apparet
881 1339 890 1359 ε
900 1330 968 1359 haec

264 1383 337 1405 mea
346 1375 514 1405 sublimior
522 1375 652 1405 interim
661 1375 878 1413 philosophia,
885 1376 967 1406 scire

265 1421 376 1450 Jesum
386 1443 395 1458 ,
411 1421 444 1449 et
459 1421 546 1450 hunc
559 1421 762 1451 crucifixum.
778 1422 846 1450 Non
857 1422 968 1459 requi—

265 1474 320 1504 ro,
336 1466 419 1496 sicut
434 1473 565 1503 sponsa,
580 1465 638 1494 ubi
653 1465 750 1494 cubet
762 1465 796 1494 in
810 1465 946 1495 meridie
957 1487 966 1501 ‚

266 1519 367 1549 quem
383 1511 475 1540 laetus
490 1511 669 1548 amplector
685 1518 757 1539 mea
769 1511 855 1540 inter
866 1511 965 1541 ubera

266 1557 530 1587 commorantem.
544 1556 612 1585 Non
634 1555 763 1593 requiro
786 1556 842 1585 ubi
858 1557 967 1593 pascat

266 1603 301 1631 in
326 1601 464 1631 meridie
476 1622 485 1638 ,
501 1608 598 1638 quem
623 1600 755 1629 intueor
769 1600 984 1632 salvatorem.

265 1647 299 1676 in
311 1654 418 1676 cruce.
429 1646 511 1675 Illud
523 1644 694 1675 sublimius
704 1667 712 1682 ,
726 1645 812 1675 istud
824 1647 965 1683 suavius,

264 1692 356 1729 panis
371 1691 470 1728 illud,
487 1691 547 1720 hoc
559 1692 608 1720 lac
622 1699 630 1729 ς
648 1691 708 1720 hoc
723 1691 847 1720 viscera
863 1692 967 1721 reficit

264 1737 485 1775 parvulorum,
498 1736 557 1765 hoc
574 1737 679 1773 replet
692 1736 792 1765 ubera
807 1737 944 1765 matrum
956 1758 965 1774 ,

265 1783 299 1813 ct
312 1782 386 1812 ideo
401 1782 488 1810 inter
501 1781 602 1810 ubera
615 1789 686 1810 mea
703 1782 964 1811 commorabitur.

305 1828 336 1856 5.
364 1827 456 1856 Hunc
486 1827 518 1855 et
544 1834 620 1864 vos,
648 1826 870 1865 dilectissimi,
900 1828 965 1857 tarn

265 1873 420 1902 dilectum
448 1871 639 1901 fasciculum
675 1871 817 1908 colligite
855 1872 965 1911 vobis,

264 1919 351 1947 hunc
363 1917 515 1947 medullis
529 1917 662 1946 inserite
681 1917 804 1953 cordiS,
815 1917 875 1946 hoc
894 1926 965 1948 mu-

266 1963 338 1993 nite
349 1962 472 1992 aditum
484 1962 642 2000 pectoris,
657 1962 694 1991 ut
709 1963 742 1991 et
766 1962 858 1992 vobis
881 1963 966 1993 inter

265 2008 367 2037 ubera
385 2008 613 2037 commoretur.
632 2007 756 2037 Habete
771 2007 865 2036 illum
881 2016 965 2037 sem-

264 2061 324 2091 per
338 2060 402 2082 non
415 2055 502 2082 retro
518 2052 551 2081 iu
566 2052 730 2089 humeris,
742 2052 797 2082 sed
813 2054 887 2082 ante
899 2062 965 2091 prae

266 2097 366 2127 oculis
381 2105 389 2125 :
405 2105 446 2126 ne
465 2098 631 2135 portantes
647 2098 680 2127 et
693 2105 758 2127 non
773 2097 944 2128 odorantes
955 2121 963 2136 ,

267 2143 301 2171 ot
328 2150 407 2171 onus
433 2142 580 2179 premat,
593 2144 626 2172 et
651 2142 729 2172 odor
755 2150 822 2172 non
851 2144 963 2181 erigat.

265 2188 461 2217 Mementote
472 2208 482 2224 ,
498 2188 574 2225 quia
589 2190 702 2227 accepit
716 2197 785 2218 eum
800 2190 923 2218 Simeon
934 2191 965 2219 z'n

265 2233 347 2262 ulnis
360 2233 440 2269 suis;
453 2232 548 2261 Maria
564 2234 702 2270 gestavit
715 2234 747 2262 in
760 2235 852 2264 utero
861 2256 870 2271 ,
885 2234 966 2266 fovIt

267 2278 301 2307 in
316 2276 436 2315 gremio
447 2298 456 2313 2
468 2285 581 2314 sponsa
593 2278 654 2307 sibi
677 2279 762 2308 inter
784 2279 885 2308 ubera
901 2281 967 2310 col-

266 2321 397 2351 locavit.
413 2321 470 2358 Et,
486 2329 527 2350 ne
544 2322 621 2359 quid
633 2324 968 2361 praetermittam,fac-

265 2370 338 2398 tum
372 2367 421 2396 est
454 2366 589 2395 verbum
610 2368 643 2397 in
673 2377 769 2398 manu
804 2370 966 2402 Zachariae

265 2411 432 2452 prophetae
442 2432 451 2449 ,
466 2419 594 2441 necnon
606 2414 639 2442 et
652 2415 863 2451 quorumdam
886 2416 967 2446 alio-

265 2466 350 2488 rum.
372 2456 516 2487 Arbitror
542 2457 574 2486 et
588 2458 707 2495 ,loseph
732 2459 838 2489 virum
860 2462 966 2492 Mariae

267 2511 366 2542 super
379 2510 483 2541 genua
497 2502 683 2540 frequenter
696 2504 746 2534 illi
758 2505 914 2536 arrisisse.
925 2507 965 2536 Hi

270 2557 382 2580 omnes
393 2548 469 2578 ante
478 2556 512 2578 se
522 2556 597 2577 eum
606 2548 804 2587 habuerunt,
814 2552 847 2581 et
856 2553 966 2583 nullus

270 2596 368 2627 retro,
385 2594 539 2632 Exemplo
553 2601 627 2632 ergo
653 2595 717 2624 sint
742 2596 849 2633 vobis,
874 2597 910 2626 ut
935 2598 966 2627 et

697 195 728 222 S.
757 191 1001 222 BERNAnDl
1025 192 1219 219 ABBATIS

1001 253 1056 274 vos
1070 244 1222 274 similiter
1237 244 1371 275 faciatis.
1389 244 1421 274 Si
1433 244 1519 274 enim
1536 243 1610 274 ante
1625 252 1693 274 ocu-

1002 290 1047 318 los
1062 289 1241 319 habueritis
1255 298 1351 328 quem
1370 289 1521 329 portatis,
1534 297 1591 328 pro
1611 291 1699 319 certo

1002 334 1150 363 videntes
1165 335 1325 372 angustias
1344 335 1494 373 Domini,
1508 335 1614 365 levius
1625 343 1699 365 ves-

1001 380 1064 408 tras
1078 379 1260 418 portabitis,
1271 381 1338 418 ipso
1355 380 1536 411 auxiliante
1548 380 1699 410 Ecclesiae

1000 432 1115 461 sponso
1123 446 1132 462 ,
1144 425 1199 462 qui
1214 425 1262 455 est
1276 434 1373 464 super
1384 427 1492 456 omnia
1502 427 1588 457 Deus
1599 424 1700 458 bene-.-

1001 470 1106 500 dictus
1124 470 1161 501 in
1182 471 1316 509 saecula,
1331 479 1438 502 amen.

1182 593 1352 627 SERMO
1381 594 1522 628 XLIV.

1001 667 1041 690 De
1052 667 1227 697 correptione
1237 673 1288 698 pro
1306 667 1417 698 ingenio
1435 668 1612 699 peccantium
1631 675 1699 694 mo-

1030 703 1168 733 deranda,
1194 705 1226 726 ut
1251 710 1350 734 nempe
1371 704 1492 728 humiles
1514 707 1540 728 et
1562 705 1699 736 morigeri

1030 739 1144 768 leniter,
1158 738 1226 762 duri
1240 740 1266 762 et
1281 739 1410 763 obstinati
1426 743 1536 764 austere
1555 741 1700 772 corrigan-

1031 777 1090 798 tur.

1041 828 1070 858 1.
1086 830 1199 859 Bolrus
1224 829 1319 867 Cypri
1330 829 1454 860 dilectus
1467 838 1553 860 ‘meus
1571 830 1650 860 mihi
1667 832 1700 860 in

1001 874 1094 904 vineis
1118 875 1270 912 Enyacldi.
1287 874 1319 903 Si
1336 874 1474 904 dilectus
1495 875 1528 904 in
1548 876 1676 914 myrrha
1688 897 1697 913 ,

1001 919 1102 948 multo
1124 919 1225 957 magis
1247 919 1281 948 in
1305 919 1391 948 botri
1419 920 1589 950 suavitate.
1619 922 1700 959 Ergo

1000 964 1154 993 Dominus
1180 971 1273 994 meus
1286 964 1379 994 Jesus
1401 965 1533 1002 myrrha
1556 966 1639 995 mibi
1663 968 1697 996 in

1001 1010 1122 1046 morte,
1137 1009 1246 1038 botrus
1266 1009 1301 1038 in
1329 1010 1590 1047 resurrectione,
1612 1012 1700 1050 seip-

1000 1063 1071 1084 sum
1087 1054 1167 1084 mibi
1185 1054 1434 1084 saluberrimum
1449 1055 1645 1093 temperavit
1666 1057 1701 1087 in

1001 1102 1123 1138 potum,
1135 1100 1168 1129 in
1176 1100 1337 1138 lacrymis,
1347 1099 1381 1129 in
1389 1108 1549 1130 mensura.
1559 1101 1702 1132 Mortuus

1001 1146 1048 1175 est
1062 1147 1192 1183 propter
1204 1145 1335 1183 peccata
1346 1146 1452 1174 nostra
1460 1166 1470 1181 ,
1481 1146 1513 1175 et
1521 1148 1701 1177 resurrexit

1002 1190 1398 1229 propterjustiticationem
1411 1191 1550 1220 nostram
1561 1213 1570 1229 ,
1579 1193 1615 1222 ut
1625 1201 1701 1231 pec-

1001 1237 1080 1266 catis
1094 1236 1210 1266 mortui
1224 1235 1358 1272 justitiae
1368 1235 1525 1265 vivamus.
1539 1238 1648 1275 Itaque
1663 1239 1700 1269 tu

1000 1283 1025 1311 si
1037 1284 1167 1320 peccata
1178 1281 1302 1319 luxisti,
1314 1281 1424 1310 bibisti
1436 1282 1699 1321 amaritudinem3

1001 1328 1026 1357 si
1055 1330 1163 1358 autem
1185 1327 1253 1364 jam
1277 1327 1441 1364 respirasti
1459 1327 1492 1356 in
1513 1336 1601 1365 spem
1624 1329 1699 1359 vitae

1002 1374 1066 1403 vita
1088 1373 1262 1409 sanctiori,
1278 1373 1400 1401 mutata
1417 1373 1465 1401 est
1480 1372 1541 1402 tibi
1561 1375 1700 1411 myrrha>

1001 1418 1180 1448 amaritudo
1196 1419 1229 1447 in
1244 1417 1357 1447 vinum
1368 1439 1376 1455 ,
1390 1418 1473 1455 quod
1489 1418 1627 1449 laetificat
1647 1428 1700 1450 cor

1002 1464 1150 1494 hominis.
1177 1464 1215 1492 Et
1230 1463 1374 1493 fortassis
1395 1463 1454 1492 hoc
1470 1464 1553 1493 illud
1575 1465 1700 1503 signifi-

1001 1509 1142 1546 caverIt,
1158 1508 1242 1546 quod
1265 1508 1421 1537 Salvatori
1445 1509 1586 1538 oblatum
1604 1511 1652 1540 est
1667 1511 1699 1540 in

1000 1563 1093 1584 cruce
1109 1554 1326 1591 myrrhatum,
1344 1554 1376 1582 et
1392 1553 1466 1582 ideo
1482 1547 1585 1584 noluit
1606 1555 1700 1585 bibe-

1000 1608 1052 1638 re,
1081 1599 1233 1638 quoniam
1264 1599 1351 1628 istud
1380 1598 1521 1629 sitiebat.
1553 1600 1600 1629 Tu
1624 1609 1699 1639 ergo

999 1646 1070 1683 post
1093 1645 1234 1682 myrrhae
1257 1642 1315 1682 (ut
1329 1643 1419 1683 dixi)
1449 1645 1698 1683 amaritudines,

1000 1691 1112 1719 vinum
1141 1689 1354 1726 jucunditatis
1389 1691 1581 1728 experiens,
1613 1691 1699 1720 haud

1000 1736 1123 1764 temere
1146 1735 1179 1764 et
1203 1735 1271 1772 ipse
1294 1734 1401 1764 dicere
1426 1736 1570 1773 poteris:
1588 1738 1700 1767 Botrus

999 1783 1092 1819 Cypri
1101 1782 1224 1810 dilectus
1232 1789 1318 1811 mens
1333 1781 1410 1811 milei
1423 1782 1456 1810 in
1467 1783 1561 1811 vineis
1572 1783 1699 1820 Engad-

998 1827 1039 1855 «li.
1056 1826 1197 1864 Engaddi
1213 1826 1377 1863 duplicem
1391 1826 1490 1856 hahet
1503 1827 1698 1864 interpreta—

999 1872 1137 1908 tionem,
1165 1871 1197 1901 et
1220 1871 1277 1900 uni
1297 1872 1401 1901 ambae
1426 1872 1608 1902 intellectui
1630 1881 1698 1902 ser-

998 1918 1101 1947 viunt.
1111 1917 1236 1946 Dicitur
1245 1924 1384 1954 namque
1393 1916 1461 1946 fons
1471 1917 1566 1954 haedi,
1580 1918 1612 1948 et
1622 1918 1698 1956 bap—

998 1963 1091 1992 tisma
1099 1962 1255 2000 gentium,
1264 1962 1482 2000 lacrymasque
1493 1963 1697 2000 peccantium

998 2009 1109 2045 aperte
1128 2008 1285 2044 designat.
1303 2007 1430 2037 Dicitur
1446 2009 1479 2037 et
1500 2009 1611 2038 oculus
1625 2009 1698 2038 ten-

998 2053 1127 2083 tationis
1141 2075 1150 2091 ,
1165 2053 1220 2091 qui
1241 2053 1274 2083 et
1287 2053 1444 2090 lacrymas
1457 2061 1547 2091 acque
1563 2053 1673 2083 fundat
1686 2063 1696 2092 3

998 2101 1031 2130 et
1048 2099 1265 2135 tentationes,
1286 2107 1358 2136 quae
1385 2098 1520 2128 minime
1544 2107 1696 2137 umquam

998 2144 1114 2174 desunt
1124 2143 1200 2173 vitae
1212 2142 1352 2171 hominis
1363 2150 1460 2179 super
1477 2143 1594 2172 terram
1604 2164 1613 2180 ,
1623 2151 1697 2180 pro-

997 2190 1123 2228 spiciat.
1147 2188 1211 2217 Sed
1232 2188 1264 2217 et
1285 2187 1422 2225 populus
1449 2188 1615 2225 gentium,
1640 2188 1697 2226 qui

998 2234 1180 2265 ambulabat
1195 2233 1228 2262 in
1249 2233 1413 2270 tenebris,
1438 2240 1614 2270 numquam
1638 2241 1699 2271 per

997 2289 1031 2310 se
1051 2282 1185 2318 laqueos
1206 2278 1426 2310 tentationum
1454 2286 1645 2316 agnoscere,
1660 2286 1698 2308 ac

998 2334 1057 2364 per
1071 2326 1131 2355 hoc
1147 2331 1207 2354 nec
1225 2323 1364 2353 evadere
1382 2323 1505 2360 potuit,
1520 2323 1623 2354 donec
1638 2330 1698 2361 per

998 2371 1133 2409 gratiam
1155 2369 1244 2399 illius
1258 2368 1314 2406 qui
1335 2368 1498 2398 illuminat
1512 2377 1630 2406 caecOS,
1646 2377 1700 2398 re·-

999 2416 1087 2454 cepit
1097 2415 1206 2446 oculos
1217 2414 1292 2444 fidei
1302 2422 1310 2452 ;
1323 2413 1425 2444 donec
1436 2414 1528 2444 venit
1536 2414 1575 2443 ad
1587 2414 1697 2443 Eccle-

1000 2462 1100 2499 siam,
1119 2469 1190 2498 quae
1212 2460 1311 2490 habet
1339 2459 1470 2489 oculum
1491 2458 1695 2495 tentationis,-

1000 2508 1102 2538 donec
1119 2514 1152 2536 se
1167 2505 1302 2536 tradidit
1319 2505 1398 2535 viris
1412 2505 1633 2544 spiritualibus
1648 2503 1699 2532 in-

1000 2552 1208 2590 struendum,
1224 2551 1281 2590 qui
1303 2551 1477 2581 illuminati
1509 2550 1624 2588 spiritu
1647 2556 1699 2578 sa-

1001 2598 1134 2635 pientiae
1144 2620 1153 2636 ,
1166 2605 1223 2627 suo
1235 2598 1268 2626 et
1281 2596 1505 2634 experimento
1519 2594 1614 2633 docti,
1626 2602 1698 2634 poss
