1810 3073
286 249 348 279 2118

281 304 341 334 Dei
355 313 363 334 ι
383 304 438 336 sed
450 304 701 337 misericordiam
717 307 906 337 consecutus
919 306 978 342 est,

281 350 357 388 quia
374 350 520 390 ignorans
535 351 691 382 hocfecit
714 360 848 382 manens
872 352 904 381 in
930 352 979 380 in-

283 395 495 434 credulitate3
511 398 545 428 et
559 396 707 435 probavit
733 397 836 426 Deum
861 405 895 426 se
923 397 979 425 lia-

280 439 360 471 bere
375 442 500 480 patrem
511 464 521 480 ‚
546 442 679 471 fratrem
694 441 843 471 Ecclesiae
856 442 923 470 tam
938 449 979 471 ex

280 486 384 524 patre,
396 495 494 525 quam
509 496 551 517 ex
563 488 665 516 matre
683 494 764 515 esse.

320 531 351 561 2.
367 531 430 562 Sed
455 532 588 562 attende
614 530 774 568 quomodo
790 529 980 560 nominatim

277 576 364 607 filios
375 577 486 607 matris
500 585 579 613 suae,
595 577 628 606 et
644 577 726 606 solos
738 575 873 613 incusat,
889 576 979 613 quasi

277 622 338 652 soli
354 622 388 652 in
403 623 497 659 culpa
511 622 587 651 sint.
604 622 731 658 Quanta
751 622 784 651 et
806 622 846 650 ab
859 622 981 652 exteris

278 675 370 706 passa
386 667 452 697 est?
463 667 558 704 juxta
573 667 656 696 illud
667 666 753 704 apud
766 667 958 704 Prophetam
971 676 978 696 :

277 714 364 751 Soepe
378 715 627 751 expaqnaverunt
639 722 686 742 me
702 722 721 742 a
729 713 886 750 juventate
899 723 978 743 mea.

278 758 336 794 Et,
357 759 460 796 Supra
483 759 607 788 dorsum
629 767 729 788 meam
754 758 980 796 [libi-icaverunt

274 805 459 842 peccatores.
472 803 556 840 Quid
572 811 646 841 ergo
670 804 878 841 singulariter
900 804 994 833 filios·

277 848 392 877 matris
420 848 484 878 tuae
500 849 653 886 causaris,
681 857 754 886 quae
785 848 816 877 te
846 849 979 879 minime

277 893 406 930 ignoras
418 894 451 922 et
466 901 507 922 ex
517 892 590 922 aliis
605 894 700 930 atque
714 893 785 922 aliis
795 894 979 923 nationibus

277 938 453 975 saepissime
470 938 688 974 impugnatam
703 937 716 966 ἓ
731 939 778 966 Ad
790 947 926 968 mensam
934 941 980 968 ‹li-

276 987 344 1015 citis
356 986 495 1021 vocatas,
505 986 676 1023 diliqenlcr,
687 984 804 1022 inquit,
821 987 979 1017 considera

276 1040 344 1068 quoe
367 1030 420 1060 libi
439 1031 647 1068 apponantur.
664 1029 806 1067 Fratres,
828 1030 869 1060 ad
888 1039 981 1061 men—

275 1084 343 1105 sam
357 1075 535 1105 Salomonis
549 1074 710 1104 sedemus.
726 1075 805 1112 Quis
817 1075 915 1105 ditior
927 1076 979 1106 Sa·

275 1121 427 1151 lomene?
441 1122 508 1150 Non
524 1120 564 1150 de
586 1120 724 1151 terrenis
745 1121 816 1152 dico
837 1122 977 1162 divinis,

275 1175 470 1205 quamquam
494 1167 526 1197 et
553 1167 630 1204 ipsis
661 1166 811 1197 Salomon
837 1168 979 1198 abunda—

275 1212 353 1242 ret:
385 1213 442 1242 sed
467 1212 642 1242 intuemini
669 1214 861 1250 praesentem
886 1223 978 1244 men-

275 1266 359 1295 sam,
376 1258 534 1296 quomodo
549 1258 697 1295 supernis
719 1258 766 1287 est
781 1258 900 1288 referta
923 1259 979 1290 de—

274 1303 370 1333 liciis.
388 1302 574 1341 Spiritualia
599 1303 675 1332 sunt
698 1303 732 1332 et
752 1302 880 1342 divina,
906 1313 977 1342 quae

275 1349 368 1379 nohis
380 1349 414 1378 in
429 1356 466 1378 ea
483 1349 700 1386 apponuntur.
718 1350 976 1389 Diliqeutereryo,

274 1394 400 1433 inquit,
416 1396 575 1424 considera
601 1403 668 1432 quoe
691 1394 745 1424 tibi
763 1398 976 1433 apponantur,

275 1442 370 1470 aciens
398 1441 473 1478 quia
497 1440 574 1469 talia
596 1441 623 1469 ie
647 1442 765 1478 oportet
784 1450 974 1478 proepcerare.

274 1486 338 1523 ligo
354 1485 480 1522 utique,
495 1484 581 1521 quod
603 1484 637 1513 in
651 1493 704 1514 me
720 1486 786 1521 est,
803 1485 977 1523 diligenter

274 1530 408 1560 attendo
435 1529 469 1559 id
495 1529 577 1559 mihi
603 1530 720 1567 apponi
739 1530 771 1559 in
795 1530 845 1560 his
867 1531 976 1561 verbis

274 1584 411 1614 sponsae,
428 1575 515 1605 etad
530 1583 634 1605 meam
651 1584 781 1613 prorsus
797 1576 974 1606 doctrinam

275 1622 500 1658 cautelamque
516 1621 691 1658 respicere,
704 1622 788 1659 quod
805 1622 848 1650 ita
862 1630 902 1651 ex
918 1631 975 1651 no-

274 1668 364 1697 mine
387 1675 424 1696 ac
445 1667 511 1696 sola
532 1666 725 1703 exprimitur
748 1668 932 1704 persecutio
958 1676 974 1697 a

275 1712 482 1749 domesticis3
502 1711 535 1741 et
553 1712 701 1741 tacentur
714 1713 762 1741 tot
777 1712 809 1741 et
824 1713 975 1750 taingra-

274 1758 328 1788 via
351 1766 422 1795 quae
446 1756 567 1794 ubique
582 1757 740 1786 terrarum
761 1757 975 1788 nihilominus

274 1813 317 1833 ex
334 1803 422 1833 omni
445 1802 578 1831 natione
603 1811 675 1840 quae
696 1803 753 1832 sub
767 1804 848 1832 coelo
861 1804 919 1840 est,
936 1805 975 1832 ab

274 1849 472 1886 infidelibus,
488 1848 527 1877 ab
536 1848 700 1878 haereticis
715 1849 748 1878 et
762 1849 975 1878 schismaticis
988 1867 989 1875 1

273 1895 448 1934 pertulisse
487 1894 700 1931 cognoscitur.
735 1894 814 1923 Novi
852 1902 975 1931 sponsae

273 1939 501 1979 prudentiam3
523 1947 583 1968 nec
603 1938 786 1976 putaverim
809 1946 885 1968 casu
907 1940 974 1969 haec

273 1988 376 2024 illam,
405 1985 566 2023 autquasi
591 1984 813 2014 immemorem
841 1986 975 2022 praeter-

271 2034 362 2063 iisse.
379 2032 443 2062 Sed
463 2031 608 2069 protecto
623 2030 656 2059 id
674 2030 860 2068 expressius
882 2031 976 2068 plan-

272 2079 333 2117 git,
350 2077 436 2116 quod
451 2078 484 2107 et
499 2076 600 2106 sentit
623 2075 848 2113 differentius,
873 2077 975 2113 quod-

273 2133 337 2161 que
356 2122 545 2161 vigilantius
566 2121 660 2151 nobis
683 2121 866 2150 cavendum
887 2121 975 2151 exis-

271 2168 379 2198 timat.
395 2167 555 2204 Quidnam
570 2166 652 2196 hoc?
666 2166 784 2195 Malum
799 2166 911 2203 utique
926 2166 975 2195 iu—

273 2213 429 2243 testinum
457 2213 554 2250 atque
576 2212 802 2241 domesticum.
828 2212 893 2239 Hoc
914 2211 972 2240 tihi

272 2258 446 2288 manifeste
467 2257 502 2286 in
524 2257 696 2293 Evangelio
713 2264 767 2285 ore
790 2256 890 2293 ipsius
906 2256 973 2285 Sal-

273 2303 394 2334 vatoris
409 2302 623 2339 exprimitur,
647 2309 720 2330 cum
738 2301 819 2330 dicit
835 2310 842 2329 :
862 2303 902 2331 Ee
919 2303 974 2331 ini-

276 2350 347 2379 mici
369 2349 499 2378 homz'nis
527 2348 681 2377 domestici
696 2347 772 2384 ejas.
798 2347 865 2376 Hoc.
887 2348 919 2377 et
940 2347 972 2376 in

272 2393 433 2432 Propheta
455 2401 463 2421 :
489 2394 601 2428 Homo,
627 2392 750 2429 inquit⁷
779 2393 862 2429 pacis
886 2401 972 2430 mcoe,

274 2440 328 2477 qai
342 2437 446 2468 edebat
456 2446 551 2475 panes
566 2446 659 2473 meos,
671 2438 877 2475 maquificacit
885 2447 974 2476 snper

273 2493 321 2513 ‘me
344 2484 634 2522 supplantationem.
652 2483 750 2519 lteln,
775 2484 928 2521 Quoniam
949 2486 975 2514 si

273 2530 415 2559 inimicas
438 2537 522 2559 meus
545 2529 750 2558 maledixisset
767 2529 861 2565 milii,
883 2530 975 2558 susti-

273 2576 407 2605 nuissem
420 2575 545 2612 utique;
567 2575 595 2603 et
618 2575 646 2604 si
669 2575 694 2604 is
718 2575 771 2612 qai
794 2574 973 2610 odei-alme9

274 2628 425 2657 superine
444 2619 687 2657 maqnalocatus
709 2620 824 2656 fuisset,
847 2618 974 2648 abscon-

276 2666 383 2697 dissem
396 2672 446 2693 me
460 2665 591 2704 forsitan.
610 2664 647 2695 ab
663 2673 713 2695 eo„
735 2666 781 2694 Ta
796 2673 866 2695 vero
886 2664 975 2695 homo

990 884 994 900 t

751 251 780 280 S.
809 253 922 281 BERN
932 252 1039 279 ARm
1067 254 1258 282 ABBA'rls

1014 308 1182 343 unanimis,
1199 309 1262 338 clam
1275 317 1369 346 necas,
1384 312 1412 340 et
1436 312 1524 342 nolas
1535 319 1639 350 τησιιες
1660 312 1715 351 qai

1014 352 1106 381 simul
1131 361 1248 381 mecam
1262 353 1360 383 dulces
1381 355 1520 392 capiebas
1535 355 1636 393 cibosg
1652 356 1710 386 hoc

1013 396 1075 433 est,
1095 397 1180 434 quod
1195 405 1213 426 a
1227 398 1258 426 te
1273 398 1377 435 patior
1397 400 1531 429 conviva
1551 400 1584 429 et
1599 401 1710 431 contu-

1012 440 1137 471 bernali
1151 450 1236 480 meo,
1257 443 1291 472 id
1316 444 1481 475 molestius
1496 445 1618 482 sentio,
1644 445 1710 476 sero

1011 487 1136 524 aegrius.
1154 487 1250 519 Scitis
1267 488 1336 518 haee
1351 490 1551 528 querimonia
1566 491 1657 528 cuius
1677 492 1709 521 et

1012 531 1050 561 de
1067 541 1129 570 quo
1144 533 1197 562 sit.

1051 578 1081 607 5.
1098 578 1267 615 Agnoscite
1289 587 1364 617 ergo
1380 579 1412 609 et
1428 588 1575 617 sponsam
1596 580 1708 611 eodem

1012 623 1050 652 de
1076 624 1152 654 filiis
1173 625 1285 655 matris
1311 633 1376 655 suae
1402 626 1651 663 conquerentem
1662 626 1710 655 af-

1012 668 1115 706 fectu,
1131 671 1284 708 quoniam
1299 671 1334 700 in
1356 671 1470 701 eodem
1491 671 1623 709 spiritu,
1637 679 1708 701 cum

1011 715 1071 744 ait:
1085 717 1157 746 Filii
1169 718 1278 747 matris
1289 725 1363 747 wieoe
1375 719 1586 755 paqnaverant
1600 718 1709 747 contra

1010 769 1068 789 me.
1086 761 1177 791 Unde
1193 762 1226 791 et
1248 761 1326 791 alibi
1350 762 1494 800 loquitur
1510 770 1518 790 t
1533 762 1633 792 Amici
1651 762 1710 792 mei

1010 807 1037 835 et
1049 808 1189 844 prooeimi
1215 809 1276 836 mei
1291 809 1454 838 adversam
1477 816 1525 837 me
1545 808 1711 846 appropin-

1010 854 1193 889 quaverunt,
1215 854 1243 882 et
1263 854 1421 883 steterunt.
1444 853 1569 890 Longe,
1586 861 1709 890 quaeso,

1010 904 1027 924 a
1041 896 1132 926 vohis
1153 896 1248 925 tacite
1274 905 1402 935 semper
1422 898 1482 926 hoc
1497 898 1563 926 tam
1585 897 1710 926 abomi-

1009 941 1117 970 nabile
1143 942 1176 970 et
1191 942 1382 972 detestabile
1404 943 1544 979 malum,
1568 951 1625 972 vos
1650 943 1707 980 qui

1010 987 1139 1023 experti
1155 987 1244 1025 estis,
1271 987 1305 1016 et
1325 988 1471 1026 quotidie
1492 987 1708 1026 experimini,

1009 1039 1104 1068 quam
1119 1031 1239 1061 bonum
1265 1032 1325 1069 sit,
1351 1033 1385 1062 et
1407 1041 1502 1070 quam
1526 1033 1708 1070 jucundum

1010 1075 1156 1106 hahitare
1172 1076 1288 1111 fratres
1303 1077 1337 1106 in
1351 1085 1471 1115 unum,
1492 1078 1520 1107 si
1544 1078 1653 1107 tamen
1674 1078 1712 1107 in

1008 1127 1128 1157 unum,
1145 1121 1178 1150 et
1192 1128 1256 1149 non
1278 1120 1313 1149 in
1334 1121 1532 1151 scandalum.
1557 1121 1706 1160 Alioquin

1008 1173 1069 1195 nec
1082 1165 1264 1202 jucundum
1286 1166 1400 1204 plane,
1418 1174 1478 1196 nec
1493 1167 1632 1205 bonum,
1650 1166 1707 1196 sed

1008 1211 1184 1248 pessimum
1210 1220 1246 1241 ac
1273 1212 1547 1242 molestissimum.
1567 1213 1622 1242 Vae
1649 1220 1707 1242 au—

1008 1256 1073 1285 tem
1086 1256 1210 1286 homini
1226 1256 1287 1295 illi,
1303 1265 1361 1295 per
1377 1265 1475 1295 quem
1490 1257 1622 1287 unitatis
1633 1258 1706 1287 vin-

1009 1301 1117 1330 culum
1139 1301 1321 1339 jucundum
1349 1302 1518 1332 turbatur!
1542 1302 1704 1333 Judicium

1007 1346 1152 1384 profecto
1178 1347 1319 1385 portabit
1344 1348 1538 1386 quicumque
1563 1348 1612 1378 est
1635 1348 1702 1378 ille.

1006 1392 1087 1422 Ante
1103 1393 1183 1422 mihi
1200 1394 1363 1430 confingat.
1377 1393 1472 1431 mori,
1484 1401 1579 1430 quam
1593 1392 1705 1423 audire

1006 1438 1041 1467 in
1054 1438 1146 1468 vobis
1161 1439 1346 1476 quempiam
1358 1438 1445 1475 juste
1461 1438 1681 1467 clamitantem
1694 1448 1704 1467 .·

1006 1484 1078 1512 Filii
1087 1485 1198 1513 matris
1212 1493 1286 1513 meoe
1299 1486 1511 1522 piiqmwerimt
1526 1486 1633 1513 contra
1644 1492 1703 1513 me.

1005 1529 1115 1558 Nonne
1144 1529 1314 1566 praesentis
1346 1528 1601 1566 congregationis
1625 1530 1705 1558 tam-

1005 1582 1102 1612 quam
1119 1574 1333 1604 uniusmatris
1348 1574 1406 1603 filii
1419 1582 1530 1602 omnes
1545 1582 1601 1603 vos
1616 1573 1705 1611 estis,

1005 1619 1123 1657 singuli
1146 1620 1337 1649 alterutrum
1367 1618 1504 1648 fratres‘}>
1524 1619 1608 1655 Quid
1629 1627 1704 1657 ergo

1005 1673 1023 1694 a
1043 1665 1120 1695 foris
1134 1674 1189 1696 vos
1204 1665 1415 1702 conturbare,
1438 1665 1494 1694 aut
1515 1664 1704 1695 contristare

1005 1711 1122 1748 possit,
1138 1711 1165 1739 si
1191 1711 1278 1740 intus
1294 1710 1378 1740 bene
1393 1709 1488 1747 estis,
1511 1710 1544 1739 et
1564 1709 1703 1739 fraterna

1005 1763 1084 1793 pace
1106 1755 1252 1793 gaudetis
1267 1755 1279 1784 ἓ
1293 1755 1440 1792 Denique
1461 1756 1527 1792 qais
1548 1754 1631 1783 vobis
1648 1764 1705 1784 no-

1005 1810 1070 1830 cere
1082 1803 1212 1839 poterii,
1236 1800 1361 1838 inquit,
1376 1802 1403 1829 si
1427 1801 1497 1829 boni
1513 1800 1704 1831 oeniulalorcs

1006 1846 1143 1884 fueritis?
1155 1847 1369 1883 Quamobrem
1383 1846 1574 1875 aemulamini
1588 1846 1703 1876 charis-

1006 1894 1091 1919 mata.
1123 1892 1270 1926 meliora,
1295 1892 1332 1919 ut
1355 1890 1454 1919 bonos
1480 1898 1537 1919 vos
1561 1890 1703 1927 probetis

1006 1936 1217 1966 aemulatores.
1235 1935 1398 1965 Charisma
1415 1935 1632 1972 peroptimum
1652 1943 1703 1964 ca-

1006 1982 1082 2011 ritas
1107 1982 1171 2018 est;
1198 1981 1293 2019 plane
1323 1980 1592 2018 incomparabile,
1618 1980 1700 2018 quod

1007 2036 1096 2057 novae
1112 2035 1233 2065 sponsae
1250 2026 1390 2056 coelestis
1404 2034 1537 2063 sponsus
1550 2025 1642 2055 toties
1653 2025 1701 2055 in-

1006 2074 1132 2102 culcare
1148 2072 1298 2109 curabat,
1323 2080 1408 2101 nunc
1423 2071 1555 2109 quidem
1575 2071 1701 2110 dicens,

1007 2121 1041 2148 1η
1057 2119 1112 2148 hoc
1134 2119 1311 2156 coqnoscent
1327 2126 1441 2153 omnes,
1467 2118 1540 2155 quia
1562 2118 1622 2146 mei
1634 2118 1702 2147 estis

1005 2164 1152 2202 discipali,
1177 2165 1204 2193 si
1216 2164 1401 2192 dilectionem
1416 2162 1581 2192 habueritis
1596 2164 1635 2192 ad
1657 2164 1700 2192 in-

1006 2211 1097 2238 vicem
1111 2218 1120 2238 .-
1136 2216 1221 2238 nunc
1236 2216 1326 2244 vero,
1339 2208 1519 2236 Mandalum
1540 2216 1649 2237 novam
1664 2208 1699 2237 do

1005 2255 1099 2292 cobis,
1112 2257 1146 2285 ut
1160 2255 1290 2291 ‹liliqate's
1302 2254 1444 2290 invicem3
1457 2254 1490 2282 et
1503 2254 1567 2282 Hoc
1576 2255 1702 2290 estprae-

1005 2302 1121 2337 ceptum
1135 2307 1236 2328 meum
1251 2299 1284 2327 ut
1299 2298 1428 2335 diliqalis
1447 2298 1592 2334 imment,-
1606 2297 1699 2326 item-

1005 2353 1067 2383 que
1089 2353 1181 2374 orans
1209 2351 1311 2373 unum
1333 2351 1386 2372 eos
1403 2342 1482 2380 sore,
1504 2344 1652 2380 sicutipse
1672 2343 1700 2372 ct

1006 2392 1101 2420 Pater
1120 2399 1214 2419 tinum
1233 2391 1315 2419 sant.
1332 2389 1370 2417 Et
1390 2388 1465 2417 vide
1491 2388 1516 2417 si
1538 2396 1601 2417 non
1631 2387 1697 2425 ipse

1008 2437 1138 2473 Paulus,
1163 2435 1218 2473 qui
1242 2436 1274 2464 te
1290 2434 1329 2463 ad
1351 2433 1541 2462 charismata
1566 2433 1695 2462 meliora

1008 2481 1142 2519 invitat,
1157 2481 1241 2510 inter
1257 2480 1371 2509 caetera
1385 2478 1550 2507 caritatem
1567 2478 1599 2506 in
1612 2485 1698 2505 suin-

1008 2535 1057 2555 nio
1072 2527 1181 2564 ponit,
1208 2526 1277 2555 sive
1292 2532 1365 2554 cum
1391 2524 1453 2553 fide
1479 2524 1511 2552 et
1539 2531 1593 2559 spe
1619 2521 1696 2551 dicit

1008 2581 1077 2601 eain
1091 2580 1160 2602 esse
1175 2571 1342 2608 inaj0re1n‚
1359 2570 1391 2599 et
1406 2566 1693 2607 supereminentem

1008 2618 1170 2654 scientiae3
1185 2617 1253 2647 sive
1262 2624 1333 2646 cum
1346 2612 1540 2644 enumeratis
1548 2610 1695 2648 pluribus

1009 2672 1043 2693 ac
1070 2663 1270 2692 mirabilibus
1293 2666 1437 2699 supernae
1456 2655 1564 2695 gratiae
1585 2654 1694 2695 donis>
