1846 3078
537 218 580 246 ΙΝ
607 216 809 247 CANTICA
829 215 979 244 SERMO
1006 215 1113 243 val.

1478 216 1538 248 555

109 274 213 306 torius
237 272 322 306 tsed
343 271 400 312 qui
426 271 472 302 sic
497 271 533 301 in
556 272 637 303 vitia
659 270 811 303 exerceat
844 270 1040 301 fructuosius
1062 268 1273 299 intermisisse
1290 270 1492 309 meminerit3
1509 274 1542 304 et

113 323 179 352 vim
197 321 297 361 ignis,
308 319 345 349 ut
359 319 392 348 in
407 318 517 347 anima
531 318 639 348 vicem
654 316 811 348 exhibeat

111 367 286 398 unctionis.
302 366 382 403 Ergo
397 364 432 394 in
456 364 579 394 virtute
603 372 667 402 qua
692 363 812 392 immu-

109 414 209 450 taris,
239 412 272 442 et
296 411 332 440 in
356 417 466 440 amore
491 418 554 447 quo
581 409 810 446 inflammaris,

109 457 282 486 Dominum
320 455 518 494 praesentem
543 455 705 492 intellige.
732 455 811 483 Nam

108 500 245 531 dextera
277 500 409 530 Domini
441 500 519 529 facit
545 499 715 530 virtutem.
741 499 810 528 Non

107 546 218 576 autem
230 546 265 577 fit
277 547 346 576 haec
358 546 494 575 mutatio
506 545 652 574 dexterae
663 544 790 574 Excelsi
800 565 809 582 ,

107 591 171 621 nisi
196 592 230 622 in
246 592 374 623 fervore
401 592 552 630 spiritus,
569 590 602 620 et
625 590 659 619 in
675 590 809 619 caritate

107 644 174 667 non
196 637 287 676 ficta,
311 638 355 668 ita
378 638 415 667 ut
430 637 516 666 dicat
538 636 595 674 qui
623 635 810 672 huiusmodi

109 683 160 713 est
176 692 184 712 :
201 684 360 714 concaluit
376 692 428 712 cor
439 691 542 712 meum
557 683 642 712 intra
654 690 719 718 me,
734 682 763 711 et
777 682 809 711 in

107 730 301 759 medilatz'one
316 738 385 758 mea
399 728 570 757 exardescit
584 727 674 764 iqm's.

147 774 178 803 8.
196 775 291 804 Porro
317 774 378 803 hoc
404 773 478 810 igne
505 771 696 809 consumpta
721 771 807 801 omni

105 818 181 848 labe
207 818 351 857 peccati,
368 817 402 847 et
426 817 576 854 rubigine
591 817 765 854 vitiorum,
782 816 807 846 si

103 863 170 900 jam
188 864 361 893 emundata
375 871 411 892 ac
437 862 585 892 serenata
611 862 808 892 conscientia

105 909 260 946 sequatur
277 908 383 938 subita
398 908 545 946 quaedam
561 907 658 946 atque
675 908 807 938 insolita

103 953 240 983 latitudo
255 954 393 991 mentis,
407 955 440 983 et
456 953 574 983 infusio
587 953 719 983 luminis
733 953 808 982 illu-

103 999 262 1029 minantis
282 1000 490 1029 intellectum
512 1000 565 1029 vel
581 999 620 1027 ad
636 999 806 1028 scientiam

104 1044 335 1082 scripturarum
345 1067 354 1082 ,
366 1045 420 1074 vel
433 1045 472 1074 ad
485 1044 713 1082 mysteriorum
726 1044 808 1074 noti-

106 1088 203 1125 tiam,
219 1098 355 1127 quorum
371 1090 511 1119 alterum
526 1089 662 1127 propter
678 1097 735 1119 nos
750 1089 809 1118 ob-

107 1133 290 1171 lectandos,
304 1135 443 1163 alterum
455 1136 588 1172 propter
602 1133 807 1163 aedificandos

103 1179 272 1217 proximos
287 1187 360 1208 reor
372 1179 441 1208 dari
455 1187 463 1207 ε
477 1180 590 1208 oculus
601 1179 807 1216 respicientis

103 1225 317 1262 proculdubio
334 1225 383 1254 est
399 1224 459 1254 iste
471 1246 480 1262 ,
493 1224 634 1254 educens
649 1226 741 1263 quasi
758 1226 808 1255 lu-

103 1278 180 1300 men
192 1270 354 1308 justitiam
369 1270 475 1308 tuam,
492 1270 524 1299 et
538 1269 699 1307 judicium
715 1271 805 1300 tuum

101 1315 266 1353 tamquam
291 1315 483 1353 meridiem,
507 1315 603 1352 juxta
625 1315 707 1345 illud
730 1317 806 1345 Pro-

102 1362 214 1401 phetae
229 1362 317 1393 Isaiae
333 1370 341 1391 :
359 1363 494 1399 Orietur,
510 1362 629 1400 inquit,
646 1364 805 1401 tamquam

103 1409 148 1439 sol
165 1410 220 1438 lux
237 1411 311 1445 ἰιια,
325 1409 388 1439 etc.
402 1409 466 1438 Sed
481 1416 557 1438 sane
570 1417 636 1438 non
651 1417 710 1447 per
726 1409 804 1439 ostia

101 1456 233 1492 aperta,
260 1455 318 1484 sed
342 1462 403 1493 per
428 1455 562 1491 angusta
586 1454 745 1484 foramina
779 1456 806 1484 is

101 1501 200 1530 tantae
226 1500 383 1530 claritatis
418 1499 528 1529 radius
563 1508 598 1530 se
633 1499 804 1538 infundet,

102 1546 208 1576 stante
235 1546 341 1575 adhuc
378 1545 550 1575 dumtaxat
577 1545 639 1575 hoc
674 1546 805 1576 ruinoso

100 1591 228 1630 pariete
245 1591 400 1629 corporis.
417 1592 510 1620 Erras
526 1590 553 1620 si
569 1591 666 1620 aliter
680 1600 803 1628 speras,

100 1637 141 1667 ad
154 1639 448 1675 quantamcumque
465 1637 569 1665 cordis
584 1636 663 1673 profi
670 1636 734 1666 cias
747 1645 805 1674 pu-

100 1682 253 1719 ritatem,
270 1691 345 1712 cum
371 1682 429 1710 ille
446 1681 632 1719 praecipuus
658 1681 805 1711 contem-

99 1729 205 1766 plator
230 1727 318 1757 dicat
334 1736 342 1756 ε
362 1728 508 1758 Videmus
524 1736 606 1756 nunc
627 1736 683 1765 per
697 1736 804 1765 specu-

100 1774 163 1803 lum
175 1774 203 1802 et
219 1774 249 1802 in
265 1773 443 1811 aeniqmatc,
461 1774 534 1802 tnnc
549 1774 652 1802 autem
666 1773 746 1811 facie
766 1774 804 1802 ad

102 1819 224 1857 facicm.

140 1865 170 1894 9.
199 1864 273 1893 Post
298 1863 385 1893 hunc
413 1862 511 1893 tantae
544 1862 742 1902 dignationis
767 1872 802 1892 ac

101 1909 322 1939 miserationis
345 1910 549 1946 respectum,
566 1909 714 1947 sequitur
738 1917 802 1939 vox

98 1954 216 1985 blande
243 1955 277 1984 et
301 1955 422 1983 leniter
454 1954 601 1983 divinam
635 1954 804 1984 insinuans

97 2001 322 2037 voluntatem,
337 2009 410 2038 quae
435 2008 499 2030 non
516 2002 567 2030 est
592 2000 682 2029 aliud
706 2009 803 2038 quam

98 2046 168 2085 ipse
184 2054 291 2082 amor,
307 2048 362 2084 qui
379 2046 500 2076 otiosus
515 2054 584 2076 esse
600 2055 665 2076 non
679 2047 802 2085 potest,

97 2092 138 2123 de
155 2093 205 2122 his
221 2101 291 2131 quae
315 2092 375 2122 Dei
390 2093 465 2122 sunt
486 2092 667 2123 sollicitans
683 2094 716 2123 et
730 2102 805 2123 sua-

97 2138 192 2168 dens.
208 2138 357 2177 Denique
383 2139 475 2168 audit
490 2147 605 2176 sponsa
617 2161 626 2177 ,
642 2139 679 2169 ut
694 2140 804 2177 surgat

96 2184 132 2214 et
144 2185 314 2222 properet,
331 2184 419 2214 haud
434 2184 569 2214 dubium
583 2185 663 2223 quin
679 2185 719 2215 ad
735 2185 804 2215 ani-

97 2237 224 2259 marum
259 2230 360 2259 lucra.
387 2231 454 2259 Hoc
479 2230 642 2268 siquidem
666 2239 743 2261 vera
771 2231 803 2261 et

97 2274 186 2304 casta
201 2275 435 2313 contemplatio
450 2275 569 2314 hahet,
591 2276 628 2306 ut
643 2277 801 2316 mentem,

97 2327 197 2357 quam
214 2319 325 2349 divino
342 2320 417 2358 igne
432 2321 651 2351 vehementer
665 2330 803 2352 succen-

98 2365 202 2403 derit,
228 2365 318 2395 tanto
335 2365 501 2395 interdum
526 2367 654 2405 repleat
679 2368 748 2397 zelo
770 2368 803 2398 et

96 2411 261 2441 desiderio
285 2411 476 2449 acquirendi
501 2411 569 2441 Deo
584 2412 642 2451 qui
658 2421 733 2442 eum
758 2413 802 2443 si-

96 2457 219 2487 militer
245 2456 400 2495 diligant,
422 2457 460 2486 ut
482 2456 587 2487 otium
603 2459 803 2496 contempla-

95 2502 195 2532 tionis
210 2510 268 2540 pro
292 2502 400 2533 studio
423 2502 668 2541 praedicationis
693 2503 802 2534 liben-

95 2547 222 2577 tissime
249 2547 470 2578 intermittat:
489 2549 522 2578 et
545 2557 675 2579 rursum
698 2550 801 2588 potita

98 2592 201 2630 votis,
228 2594 434 2631 aliquatenus
458 2594 494 2623 in
519 2594 580 2624 hac
594 2595 688 2632 parte
711 2595 801 2625 tanto

99 2638 269 2670 ardentius
284 2639 396 2670 redeat
414 2639 448 2670 in
464 2639 604 2678 idipsum
616 2662 624 2678 ,
637 2641 754 2680 quanto
767 2650 801 2673 se

842 316 924 346 item
957 316 1085 353 sumpto
1110 314 1394 351 contemplationis
1426 319 1540 355 gustu,

842 361 1004 392 valentius
1026 360 1065 391 ad
1090 359 1310 397 conquirenda
1334 361 1423 391 lucra
1447 364 1540 393 solita

842 407 1010 436 alacritate
1024 405 1182 436 recurrat.
1199 405 1359 435 Caeterum
1382 405 1466 436 inter
1481 408 1538 438 has

842 452 1086 482 vicissitudines
1110 452 1303 490 plerumque
1338 458 1430 481 mens
1463 452 1543 482 ssuc-

843 497 929 536 tuat,
955 497 1124 535 metuens,
1142 497 1175 526 et
1200 496 1416 526 vehementer
1441 504 1543 526 exass-

841 544 934 573 tuans
945 564 954 580 ,
966 551 1007 572 ne
1022 542 1106 572 forte
1121 542 1216 572 alteri
1232 542 1347 571 horum
1357 563 1366 579 ,
1381 541 1457 571 dum
1476 543 1541 572 suis

841 588 1066 619 affectionibus
1105 588 1184 617 hinc
1219 587 1298 617 inde
1328 586 1541 625 distrahitur,

840 635 913 671 plus
924 633 1011 671 justo
1027 633 1206 669 inhaereat3
1225 633 1258 662 et
1273 632 1320 662 sic
1336 632 1370 662 in
1385 632 1542 662 utrolibet

840 680 892 709 vel
908 678 948 709 ad
962 679 1128 708 modicum
1143 687 1160 708 a
1175 678 1287 708 divina
1304 678 1415 708 deviet
1428 679 1543 708 volun-

840 725 918 754 tate.
945 724 985 753 Et
1008 723 1144 753 fortasse
1168 724 1234 753 tale
1261 723 1384 761 aliquid
1414 723 1543 753 sanctus

838 770 897 799 Job
919 769 1123 808 patiebatur,
1140 778 1213 799 cum
1238 769 1386 799 diceret:
1414 770 1450 799 Si
1472 770 1545 799 dor-

838 817 934 845 miero
943 837 952 852 ,
966 817 1030 845 dico
1040 837 1050 852 ,
1067 817 1190 854 quando
1205 813 1413 853 consurqam?
1429 816 1456 845 et
1470 824 1543 844 rur-

838 871 906 892 sum
932 861 1110 900 exspectabo
1133 870 1303 900 vesperam.
1322 861 1388 890 Hoc
1412 860 1479 898 est,
1504 860 1543 890 Et

839 906 988 945 quietus,
1001 907 1143 945 neglecti
1161 907 1286 945 operis;
1303 907 1337 937 et
1355 906 1541 944 occupatus,

840 953 1036 990 perturbatae
1078 953 1292 983 nihilominus
1332 952 1453 990 quietis
1487 959 1541 981 me

839 1007 946 1037 arguo.
960 998 1058 1029 Vides
1070 998 1177 1028 virum
1190 999 1339 1028 sanctum
1351 999 1437 1028 inter
1453 997 1540 1028 fruc-

839 1046 908 1074 tum
924 1045 1049 1083 operis,
1067 1045 1099 1075 et
1123 1053 1272 1075 somnum
1294 1043 1541 1082 contemplatio-

839 1091 890 1120 nis
906 1091 1048 1129 graviter
1070 1091 1206 1121 aestuare
1227 1098 1235 1119 τ
1252 1092 1283 1120 et
1300 1091 1334 1120 in
1350 1090 1443 1119 bonis
1459 1089 1540 1120 licet

839 1145 969 1175 semper
980 1137 1179 1174 versantem,
1190 1144 1318 1174 semper
1326 1137 1435 1166 tamen
1448 1135 1541 1173 quasi

839 1182 879 1211 de
904 1183 998 1212 malis
1022 1182 1252 1220 poenitentiam
1279 1189 1394 1219 agere,
1421 1181 1454 1211 et
1477 1181 1538 1210 Dei

840 1236 912 1257 cum
938 1228 1063 1266 gemitu
1088 1227 1262 1257 momentis
1277 1226 1412 1265 singulis
1431 1226 1542 1265 inqui-

839 1282 910 1303 rere
935 1272 1150 1303 voluntatem.
1176 1273 1317 1303 UNicUM
1352 1272 1473 1310 quippe
1504 1272 1539 1302 in

839 1319 1023 1356 hujusmodi
1034 1318 1217 1348 remedium
1228 1326 1285 1348 seu
1297 1317 1458 1357 refugium
1472 1326 1543 1348 ora-

838 1365 883 1395 tio
900 1366 966 1403 est,
983 1365 1016 1395 et
1031 1364 1186 1403 frequens
1202 1364 1344 1403 gemitus
1359 1365 1399 1394 ad
1413 1366 1539 1394 Deum:

838 1411 963 1448 utquid
972 1432 981 1448 ,
992 1411 1118 1448 quando
1128 1433 1137 1448 ,
1147 1411 1180 1440 et
1191 1411 1350 1448 quatenus
1362 1418 1419 1439 nos
1430 1409 1540 1439 facere

838 1457 936 1493 velit,
963 1456 1090 1486 assidue
1110 1456 1204 1486 nobis
1229 1455 1448 1485 demonstrare
1470 1455 1542 1493 dig-

837 1501 944 1531 netur.
958 1502 1082 1539 Habes,
1095 1502 1133 1531 ut
1157 1509 1215 1539 ego
1228 1500 1361 1538 opinor,
1384 1501 1446 1530 tria
1457 1500 1540 1538 haec,

838 1546 871 1576 id
887 1547 935 1576 est
951 1547 1233 1585 praedicationem,
1247 1546 1445 1583 orationem,
1462 1555 1541 1576 con-

838 1592 1104 1629 templationem,
1121 1592 1155 1621 in
1180 1592 1286 1621 tribus
1313 1591 1540 1622 commendata

837 1636 870 1665 et
887 1637 1053 1675 designata
1078 1637 1258 1667 vocabulis.
1276 1637 1406 1666 Etenim
1422 1638 1540 1666 merito

836 1683 937 1711 clinica
962 1682 1099 1719 dicitur,
1122 1691 1194 1720 quae
1220 1682 1327 1720 sponsi
1355 1682 1445 1712 lucra
1470 1683 1540 1712 stu·-

837 1727 924 1757 diose
951 1735 987 1756 ac.
1013 1728 1155 1757 fideliter
1175 1728 1399 1765 praedicando,
1424 1735 1540 1757 consu-

837 1773 949 1810 lendo,
976 1773 1189 1803 ministrando
1225 1773 1397 1811 conquirit.
1423 1773 1539 1803 Merito

836 1819 995 1855 columba,
1028 1828 1101 1857 quae
1136 1819 1350 1848 nihilominus
1381 1827 1438 1857 pro
1471 1819 1541 1849 suis

837 1865 965 1894 delictis
989 1864 1023 1895 in
1040 1865 1184 1895 oratione
1210 1873 1342 1902 gemens
1367 1866 1400 1894 et
1414 1865 1539 1902 suppli*

836 1918 928 1947 cans,
955 1910 1101 1940 divinam
1118 1910 1180 1939 sibi
1210 1918 1274 1939 non
1300 1911 1404 1940 cessat
1428 1910 1540 1939 conci-

837 1955 914 1984 liare
927 1955 1195 1985 misericordiam.
1208 1956 1322 1985 Merito
1335 1963 1462 1993 quoque
1474 1955 1540 1993 for-

837 2010 939 2038 mosa,
963 2010 1035 2039 quae
1058 2002 1182 2031 coelesti
1209 2001 1370 2031 desiderio
1393 2001 1537 2039 fulgens,

835 2055 983 2085 supernae
1014 2047 1298 2086 conteinplationiS
1326 2047 1478 2078 decorem
1503 2055 1539 2076 so

836 2093 961 2130 induit,
987 2093 1076 2123 horis
1101 2093 1290 2131 dumtaxat,
1315 2093 1432 2131 quibus
1448 2101 1537 2124 com-

836 2139 929 2169 mode
946 2139 979 2169 et
991 2139 1172 2177 opportune
1189 2139 1222 2169 id
1235 2140 1354 2177 potest.

875 2185 925 2214 10.
945 2184 1008 2214 Sed
1024 2185 1057 2213 et
1072 2184 1155 2213 illud
1168 2184 1263 2221 vide,
1276 2184 1302 2214 si
1319 2184 1427 2215 valeat
1442 2191 1538 2222 coap-

836 2230 896 2260 tari
911 2229 989 2259 huic
1002 2230 1124 2267 triplici
1137 2230 1233 2259 unius
1246 2229 1362 2260 animae
1374 2230 1460 2259 bono
1470 2252 1479 2267 ,
1493 2230 1536 2260 de

834 2276 937 2306 tribus
959 2275 1116 2305 videlicet
1132 2275 1278 2312 personis
1299 2275 1364 2305 illis
1387 2275 1421 2305 in
1443 2276 1539 2306 domo

835 2329 898 2351 una
933 2321 1236 2359 commanentibus,
1274 2321 1388 2351 amicis
1422 2321 1538 2359 utique

834 2367 1009 2397 Salvatoris
1018 2389 1027 2405 ,
1038 2367 1071 2397 et
1083 2367 1256 2397 admodum
1270 2367 1482 2397 familiaribus
1493 2367 1535 2396 ei.

834 2412 991 2442 Martham
1013 2413 1126 2451 loquor
1141 2412 1400 2449 ministrantem,
1418 2412 1450 2441 et
1470 2412 1537 2440 Ma-

835 2458 916 2488 riam
931 2458 1123 2497 vacantem,
1140 2459 1174 2488 et
1193 2459 1349 2488 Lazarum
1374 2455 1465 2495 quasi
1480 2464 1537 2493 ge-

835 2504 979 2534 mentem
994 2504 1053 2535 sub
1077 2504 1207 2543 lapide,
1231 2505 1264 2534 et
1290 2500 1536 2533 resurrectionis

833 2549 969 2588 gratiam
994 2550 1208 2588 flagitantem.
1233 2550 1307 2578 Ilaee
1341 2547 1427 2576 dicta
1459 2546 1535 2575 sunt

834 2604 891 2634 pro
917 2604 955 2626 ee
976 2596 1063 2634 quod
1087 2603 1203 2633 sponsa
1234 2592 1429 2624 describitur
1453 2591 1535 2619 advo

835 2642 933 2672 solers
949 2642 982 2671 et
1005 2641 1146 2680 pervigil
1168 2641 1201 2669 in
1226 2636 1421 2668 observando
1437 2636 1535 2667 senii-
