1810 3073
477 194 533 224 DE
557 191 768 224 DIVERSIS
786 190 934 221 SERMO
954 193 1072 222 XCVI.

1441 200 1495 231 {3³

76 253 210 285 idoneus
224 257 326 283 essem
345 256 385 281 ea
404 257 532 289 quoque
553 258 625 289 quae
646 247 769 280 restant
802 246 902 285 fidei,
916 247 1001 278 sicut
1015 248 1172 287 scriptum
1184 251 1335 283 estze'de
1349 256 1502 286 mundans

73 300 116 331 de
137 299 258 331 duobus
276 295 435 335 fontibus,
458 297 493 327 id
513 296 561 327 est
581 296 713 328 virtutis
735 296 769 326 et
802 293 895 322 corda
916 294 1059 330 illorum,
1078 303 1138 333 per
1153 303 1250 333 quam
1274 299 1393 329 meruit
1408 302 1500 331 exte—

74 345 231 383 caritatis,
245 343 372 373 utiliter
392 351 525 373 exarare
537 343 544 373 Ξ

113 390 143 420 4.
158 390 195 420 Et
207 388 360 427 quoniam
374 389 512 427 quatuor
527 388 581 419 isti
601 387 706 418 fontes
722 386 766 417 ita

72 436 132 466 sihi
147 434 287 465 inv1cem
300 442 448 472 saporem
463 433 715 470 transfundunt,
731 433 768 463 ut

71 480 125 520 qui
139 480 179 511 de
188 488 251 510 uno
260 480 538 519 biberit,quadam
549 478 707 509 ineffabili
720 477 766 508 di-

69 526 218 556 iectionis
229 526 404 556 dulcedine
419 526 578 557 invitetur
591 524 631 555 ad
642 524 744 554 alium
757 531 764 553 ε

69 571 151 602 libet
159 571 226 608 jam
234 571 273 601 de
282 571 441 610 sapientia
451 571 491 601 ad
502 571 655 602 virtutem
664 570 768 600 trans-

68 617 116 648 ire
126 639 136 655 ,
158 617 192 647 et
206 617 346 656 qualiter
365 617 455 647 illinc
470 616 661 648 hauriantur
675 624 766 655 aquae

67 663 290 702 praesidiorum
304 683 313 701 ,
333 663 490 702 quantum
505 663 545 693 ab
560 662 630 701 ipsa
644 662 765 693 virtute

68 709 220 747 adjuvor,
236 708 418 739 ostendere.
434 708 526 739 Sicut
540 709 651 739 autem
668 717 767 747 supe-

67 754 134 785 rius
158 754 228 784 dixi
242 754 370 793 gemina
386 762 455 784 esse
470 754 618 785 veritatis
628 754 765 794 judicia,

66 799 144 837 quia
158 799 284 829 scilicet
304 798 526 830 determinant
549 800 630 839 quid
644 800 765 838 liceat,

67 844 212 884 velquid
225 853 290 875 non
305 845 404 875 liceat
429 855 437 875 ε
454 846 571 877 itidem
595 847 766 886 sapientiae

64 889 150 928 duo,
165 890 226 920 hoe
245 891 295 921 est
315 891 395 930 quid
417 892 589 932 expediat,
611 894 665 924 vel
687 894 767 932 quid

65 944 127 966 non
151 937 331 975 expediat:
351 937 399 968 ita
422 938 457 968 et
480 939 534 969 hic
555 947 766 979 agnoscamus

65 982 104 1013 de
130 981 219 1013 fonte
243 983 375 1014 virtutis
400 984 597 1016 hauriendas
617 986 767 1024 duplices

64 1027 288 1066 praesidiorum
316 1037 438 1069 aquas,
464 1039 537 1069 quae
560 1032 615 1062 vel
634 1032 767 1063 abluant

65 1074 186 1105 electos
200 1082 219 1104 a
234 1075 356 1114 culpiS,
370 1076 425 1107 vel
441 1076 636 1115 refrigerent
651 1077 687 1108 in
704 1079 768 1109 tor·

66 1119 194 1150 mentis.
214 1120 261 1150 De
286 1121 435 1159 utrisque
459 1130 627 1153 sumamus
653 1131 767 1154 exem-

64 1165 167 1203 plum.
184 1165 297 1196 Refert
318 1167 419 1197 Lucas
441 1168 660 1208 evangelista,
682 1170 767 1208 quod

63 1210 211 1249 quaedam
226 1211 364 1249 mulier,
379 1221 450 1250 quae
461 1212 588 1243 fluxum
602 1215 767 1253 sanguinis

64 1255 249 1294 patiebatur
260 1276 271 1293 ,
302 1258 434 1295 erogata
466 1257 501 1286 in
528 1258 673 1290 medicos
700 1260 766 1290 tota

64 1300 246 1332 substantia
261 1309 336 1331 cum
351 1302 490 1333 minime
506 1304 614 1334 curari
638 1305 764 1343 potuis-

64 1347 133 1384 set,
145 1347 320 1377 accesserit
339 1349 428 1378 retro
442 1369 454 1386 ,
476 1349 511 1379 et
524 1349 672 1388 tetigerit
694 1352 767 1381 fim-

63 1392 168 1422 briam
183 1387 373 1423 vestimenti
385 1394 534 1433 Domini,
548 1395 581 1425 et
595 1395 764 1426 confestim

63 1437 193 1468 steterit
207 1437 317 1468 fluxus
337 1439 506 1477 sanguinis
528 1449 536 1470 ε
560 1441 672 1472 Jesum
687 1451 765 1473 vero

63 1483 205 1522 dixisse,
217 1484 292 1523 Quis
313 1493 361 1514 me
381 1485 494 1523 tetiqz't?
509 1487 653 1526 Cumque
668 1487 766 1519 disci-

62 1529 131 1568 puli
157 1529 411 1568 responderent,
437 1532 547 1563 Turboe
575 1535 603 1564 te
632 1537 765 1574 compri—

62 1578 150 1606 munt
168 1577 198 1606 et
210 1576 373 1615 αῆῖἱῃῑιπῑ,
387 1579 415 1607 et
429 1578 501 1608 dicis
509 1600 519 1615 ,
538 1581 612 1618 Quis
624 1589 673 1610 me
697 1583 765 1612 teti-

61 1621 128 1661 9il?
151 1630 280 1652 rursum
296 1623 489 1662 repetiisse⁷
508 1627 617 1665 Tetiqit
639 1635 687 1657 me
708 1628 764 1658 ali—

61 1669 129 1707 quis
149 1677 160 1698 .-
179 1676 256 1698 uam
280 1670 309 1698 et
331 1678 385 1707 eqo
409 1671 481 1700 novi
498 1671 645 1702 virtutem
663 1674 699 1703 cle
717 1683 764 1704 me

61 1715 170 1744 exisse.
178 1714 260 1743 Ecce
272 1722 351 1751 quas
360 1723 457 1752 aquas
464 1716 608 1753 praesidii
618 1718 763 1749 hauserit

61 1760 181 1789 mulier
195 1759 235 1788 de
251 1759 340 1789 fonte
355 1760 506 1799 virtutis,
516 1762 636 1800 quibus
651 1765 763 1796 abluta

62 1805 112 1836 cst
133 1812 150 1834 a
176 1804 337 1842 profluvio
361 1807 548 1846 sanguinis,
577 1817 648 1847 quae
672 1812 763 1841 nulla

62 1850 262 1880 medicorum
277 1850 346 1880 arte
359 1852 487 1889 poterat
500 1854 618 1884 sanari.
631 1856 722 1892 Quod
737 1857 762 1887 si

61 1896 134 1934 quis
163 1894 316 1932 objiciat,
343 1897 507 1934 prolatum
540 1900 763 1934 testimonium

61 1941 143 1971 nihil
158 1940 197 1970 ad
206 1948 276 1970 rem
286 1942 455 1978 praesentis
464 1944 570 1982 operis
581 1947 761 1988 pertinere,

62 1995 100 2017 co
111 1985 197 2025 quod
220 1986 276 2015 illa
291 1987 412 2017 mulier
425 1996 632 2029 nequaquam
651 1994 762 2026 abluta

62 2040 131 2062 esse
145 2031 297 2061 videatur
312 2039 330 2061 a
345 2033 450 2071 culpis
462 2056 472 2072 ,
495 2036 552 2066 sed
571 2037 699 2069 tantum
721 2041 761 2072 ab

61 2077 253 2117 aegritudine
269 2077 376 2108 caruis
391 2087 400 2107 :
417 2081 547 2111 noverit
565 2084 666 2114 moris
689 2093 761 2119 esse

59 2123 178 2154 divinae
209 2122 341 2153 virtutis
375 2123 467 2162 prius
494 2127 583 2157 cordi
615 2130 760 2173 mederi,

59 2177 156 2208 quam
181 2168 318 2206 corpori.
335 2169 426 2199 Unde
439 2171 473 2201 et
487 2172 589 2212 alibi,
605 2182 678 2206 cum
690 2179 761 2216 qui-

59 2216 133 2245 dam
144 2214 175 2244 ei
191 2214 390 2253 paralyticus
401 2217 572 2249 offerretur
586 2224 758 2264 curandus,

60 2263 222 2299 tamquam
233 2259 335 2291 bonus
347 2262 380 2291 et
391 2262 464 2301 pius
479 2265 636 2304 medicus,
648 2271 760 2302 volens

59 2314 171 2337 sanare
193 2305 284 2344 prius
313 2308 400 2345 quod
420 2310 491 2339 erat
512 2311 637 2350 potius,
653 2314 687 2344 id
711 2318 759 2348 est

58 2353 223 2390 mentem,
236 2360 333 2390 quam
349 2361 496 2393 carnem,
514 2357 561 2388 ait
575 2359 682 2390 eidem
701 2371 759 2400 pa-

58 2396 194 2435 ralytico
216 2405 224 2425 :
247 2398 369 2435 Confide
392 2400 455 2437 fili,
479 2404 680 2436 remittuntur
705 2409 760 2440 tibi

57 2444 182 2482 peccata
194 2443 260 2472 tua.
280 2442 393 2482 Itaque
409 2447 519 2477 sanata
539 2450 756 2494 conscientia,

59 2489 294 2526 consequenter
315 2491 448 2520 sanatur
463 2499 595 2533 corpus,
617 2504 690 2528 cum
708 2499 758 2530 di-

59 2534 163 2565 citur:
178 2534 273 2573 Surae
285 2556 296 2571 ,
309 2536 377 2566 tolle
392 2537 501 2567 lectum
516 2540 601 2570 tuum
613 2563 624 2578 ,
636 2545 665 2573 et
683 2547 757 2576 vade

59 2583 91 2611 in
107 2581 232 2610 «tornum
247 2582 344 2611 ittam.
362 2581 414 2613 Sic
434 2591 508 2622 ergo
531 2586 564 2616 et
586 2586 682 2626 hujus
704 2600 757 2622 cor

60 2624 205 2657 mulieris
224 2627 316 2665 prius
331 2627 434 2659 abluit
454 2629 541 2663 intus
564 2641 622 2672 per
638 2635 756 2668 donum

801 336 868 367 rius
889 338 1068 376 impetrare
1094 340 1233 370 salutem
1260 344 1412 380 corporis.
1436 346 1501 376 Hoc

802 383 889 412 enim
905 383 1011 414 innuit
1026 383 1096 423 ipse
1112 385 1268 416 Dominus
1281 407 1290 424 ‚
1304 395 1378 416 cum
1399 389 1477 420 dicit
1493 400 1500 420 z

800 427 902 464 Filia,
914 428 987 466 fides
1009 430 1065 459 tua
1086 431 1113 460 te
1129 430 1246 460 salvam
1268 431 1356 469 fecit,
1377 435 1452 463 vade
1470 436 1503 464 in

797 481 884 511 pace.
901 474 991 512 Quod
1000 477 1110 506 autem
1122 475 1162 506 de
1178 476 1239 507 hoc
1253 476 1322 515 ipso
1335 477 1424 509 fonte
1439 479 1505 510 vir—

801 519 880 550 tutis
896 520 1092 552 hauriantur
1111 529 1203 560 aquae
1218 522 1362 560 praesidii
1385 523 1420 553 in
1435 524 1503 554 tor-

800 566 938 604 mentis,
959 565 1136 598 ostendunt
1159 567 1193 597 et
1207 567 1258 597 illi
1272 568 1339 598 tres
1353 569 1449 607 pueri
1467 570 1502 600 in

800 609 942 642 fornacis
956 612 1109 643 incendio
1123 613 1293 645 aestuantis
1302 614 1413 654 positi,
1430 616 1504 655 qui-

799 656 861 688 bus
875 658 946 696 ipsa
958 658 1089 688 flamma
1103 658 1255 697 refriguit
1271 668 1280 689 t
1293 660 1327 691 et
1338 661 1504 700 praecipue

800 702 944 742 inclytus
953 704 1010 734 ille
1022 704 1144 743 martyr
1151 705 1353 745 Vincentius,
1361 707 1418 746 qui
1431 716 1505 740 cum

800 750 944 788 graviter
957 750 1187 789 torqueretur,
1201 760 1267 782 non
1289 752 1396 783 solum
1420 755 1505 785 tole-

799 803 905 834 rasse,
929 795 988 826 sed
1011 796 1113 827 etiam
1134 796 1291 828 tortorem
1307 807 1402 829 suum
1427 808 1506 830 con-

800 842 923 873 stanter
947 850 1137 881 provocasse
1160 843 1266 875 fertur
1289 844 1342 875 his
1362 846 1473 877 verbis
1494 855 1503 876 ε

800 899 818 915 «
833 888 966 927 Insurge
980 910 992 928 ‚
1016 888 1143 928 inquit,
1159 890 1194 921 et
1207 889 1275 921 toto
1291 891 1506 931 malignitatis

801 945 818 961 »
834 934 954 973 spiritu
973 935 1175 966 debacchare
1192 944 1201 966 t
1217 936 1347 968 videbis
1371 946 1425 968 me
1443 939 1504 970 Dei

801 992 819 1007 »
833 981 958 1013 virtute
988 982 1063 1020 plus
1089 990 1184 1020 posse
1219 982 1298 1013 dum
1332 983 1503 1024 torqueor,

802 1038 818 1054 n
834 1035 932 1066 quam
952 1028 1056 1066 possis
1079 1028 1150 1067 ipse
1165 1029 1222 1067 qui
1242 1030 1385 1069 torques.
1399 1042 1417 1059 »
1430 1032 1505 1062 Pos-

801 1074 875 1103 seut
889 1073 983 1112 plura
997 1074 1039 1104 de
1061 1073 1123 1104 hoc
1143 1073 1234 1105 fonte
1249 1076 1382 1107 virtutis
1397 1077 1506 1116 copio-

801 1119 868 1149 sius
883 1119 969 1158 dici,
981 1119 1039 1150 sed
1054 1127 1130 1150 eum
1145 1119 1310 1152 succincte
1322 1123 1482 1161 praetereo
1492 1131 1503 1153 t

801 1163 877 1202 quia
902 1164 942 1195 de
964 1164 1055 1195 fonte
1079 1164 1214 1196 virtutis
1234 1166 1351 1199 bibere
1374 1168 1484 1208 potius
1494 1190 1504 1207 ,

801 1218 897 1249 quam
913 1210 1056 1242 seribere
1078 1211 1242 1242 desidero.

839 1257 872 1286 5.
897 1256 945 1287 Ad
971 1256 1058 1287 hunc
1084 1256 1211 1288 fontem
1239 1258 1418 1290 invitamur
1437 1261 1505 1293 Re-

801 1301 978 1341 demptoris
991 1303 1092 1333 nostri
1107 1311 1188 1334 voce
1204 1304 1365 1336 dicentis:
1382 1308 1417 1337 Si
1436 1309 1505 1347 quis

799 1348 878 1385 sitit,
893 1349 1016 1385 veniat,
1040 1350 1070 1379 et
1085 1348 1186 1386 bibat,
1209 1353 1238 1381 et
1261 1352 1297 1382 de
1310 1354 1417 1383 ventre
1438 1355 1505 1392 ejvs

797 1394 894 1430 fluent
905 1402 994 1433 aquae
1005 1395 1092 1425 υἷι-ω.
1106 1395 1145 1425 Et
1159 1397 1288 1428 secutus
1298 1398 1503 1438 Evangelista

800 1439 953 1477 exposuit
967 1440 1009 1470 ad
1017 1448 1116 1478 quem
1130 1440 1254 1472 fontem
1264 1451 1322 1474 nos
1333 1443 1502 1484 invitaret,

799 1485 912 1516 dicens
940 1494 949 1515 t
978 1488 1044 1517 Hoc
1065 1488 1169 1518 atatem
1192 1489 1274 1519 dixit
1298 1491 1333 1521 ‹Ie
1364 1491 1483 1530 Spiritu
1492 1513 1502 1530 s

798 1540 889 1569 quem
913 1534 1069 1571 accepturi
1089 1535 1179 1565 erant
1193 1536 1346 1567 credentes
1369 1539 1402 1568 in
1419 1546 1501 1568 eum.

798 1578 921 1617 Quem,
941 1579 1007 1609 nisi
1031 1579 1191 1618 Spiritum
1216 1582 1379 1620 caritatis,
1402 1593 1501 1623 quein

799 1624 942 1655 mundus
965 1633 1030 1655 non
1046 1626 1152 1664 potest
1176 1627 1343 1668 accipere,
1369 1631 1427 1661 sed
1442 1632 1501 1661 soli

799 1670 966 1709 accipiunt
979 1671 1035 1710 qui
1051 1680 1128 1703 vere
1144 1673 1283 1704 credunt
1296 1675 1331 1705 in
1347 1676 1500 1708 eum2Ex

798 1715 859 1746 hoc
874 1725 949 1755 ergo
971 1717 1060 1748 fonte
1081 1718 1270 1750 hauriamus
1294 1721 1388 1753 nobis
1403 1731 1501 1762 aquas

798 1760 1033 1792 desideriorum
1043 1784 1054 1801 ‚
1078 1764 1231 1803 ipsasque
1255 1767 1437 1804 partiamur
1464 1769 1500 1800 iu

797 1807 943 1846 geminos
955 1809 1078 1840 rivulos
1089 1832 1097 1848 ,
1109 1811 1147 1840 ut
1157 1811 1243 1842 sicut
1258 1812 1404 1849 ejusdem
1419 1815 1501 1845 cari-

798 1854 874 1883 tatis
889 1853 952 1884 duo
965 1855 1039 1885 sunt
1055 1856 1217 1894 praecepta
1230 1878 1239 1895 ,
1256 1857 1301 1888 ita
1314 1859 1380 1889 sint
1395 1861 1429 1891 et
1442 1861 1500 1891 de-

796 1899 914 1929 sideria
927 1901 1056 1938 gemina
1065 1923 1076 1939 ‚
1090 1902 1208 1940 quibus
1222 1902 1420 1942 impleantur
1430 1906 1500 1945 ipsa

796 1948 969 1984 praecepta.
992 1947 1089 1978 Aliud
1114 1948 1163 1978 est
1184 1949 1274 1979 enim
1299 1950 1499 1984 desiderium

795 2000 859 2030 quo
873 1992 962 2023 Deus
980 1995 1116 2031 propter
1135 1993 1299 2034 seipsum,
1317 1998 1410 2029 aliud
1433 2007 1497 2038 quo

795 2038 964 2076 proximus
978 2039 1127 2079 diligitur
1141 2041 1175 2071 in
1189 2042 1276 2082 Deo,
1297 2044 1351 2075 vel
1366 2046 1497 2084 propter

794 2085 911 2115 Deum.
924 2086 959 2115 In
972 2086 1028 2116 illo
1041 2087 1149 2118 nullus
1163 2088 1278 2120 modus
1287 2111 1297 2128 ,
1306 2090 1364 2122 sed
1375 2099 1418 2123 ex
1429 2092 1497 2124 toto

794 2133 889 2164 corde
898 2156 908 2173 ,
920 2134 986 2165 tota
998 2135 1122 2174 anima,
1131 2136 1199 2167 tota
1210 2138 1332 2170 virtute
1348 2140 1496 2181 diligitur

792 2181 880 2211 Deus
895 2189 903 2211 :
921 2180 955 2211 in
970 2181 1030 2211 hoc
1046 2182 1156 2212 autem
1176 2185 1398 2222 praescribitur
1422 2188 1495 2227 qui-

794 2226 867 2257 dam
882 2227 1009 2265 modim,
1021 2236 1093 2258 eum
1105 2228 1226 2260 dieitur
1242 2239 1250 2260 τ
1262 2232 1377 2271 Dilz‘qes
1386 2236 1496 2272 proxi-

792 2281 878 2302 mum
892 2274 980 2304 tuum
1003 2275 1081 2304 sicut
1096 2276 1236 2314 teipsum.
1259 2277 1319 2308 Illo
1340 2278 1495 2318 flagrabat

793 2318 969 2358 Propheta,
995 2327 1071 2350 cum
1092 2320 1219 2352 diceret
1247 2331 1256 2352 ε
1283 2325 1369 2355 Sicut
1391 2335 1494 2357 cervas

791 2366 940 2397 desiderat
954 2367 993 2397 ad
1007 2367 1104 2405 sontes
1115 2377 1283 2407 aquarum,
1293 2371 1337 2402 ita
1347 2373 1495 2403 desidera!

791 2412 899 2443 anima
913 2421 984 2443 mea
1000 2414 1041 2443 ad
1052 2415 1079 2444 tc
1092 2416 1185 2446 Deus.
1199 2416 1239 2445 Et
1252 2417 1333 2447 item
1352 2425 1360 2447 :
1377 2419 1494 2449 Concu-

790 2457 876 2495 piscit
890 2460 919 2488 et
936 2459 1032 2496 deficit
1057 2461 1167 2490 anima
1186 2470 1256 2492 mea
1277 2463 1409 2493 matria
1428 2465 1494 2493 Do-

792 2503 877 2533 mini.
888 2504 955 2534 Hoc
965 2503 1145 2535 exhibebat
1153 2506 1321 2544 Apostolus
1328 2508 1491 2545 Romanis⁵

790 2548 908 2586 quibus
922 2550 1085 2581 scribebat
1106 2559 1114 2580 ε
1135 2554 1280 2583 Desidere
1297 2553 1378 2582 enim
1392 2553 1493 2583 videre*

792 2602 862 2632 vos,
886 2597 920 2626 ut
934 2596 1050 2635 aliquid
1065 2599 1172 2635 yratz'ae
1192 2598 1360 2636 spiritualis
1382 2599 1492 2637 imper—

791 2641 854 2672 ίὶαν
867 2641 962 2674 vobis.
972 2643 1010 2673 Et
1019 2643 1175 2674 Dominus
1191 2644 1225 2675 in
1237 2643 1409 2681 Evangelio
1425 2644 1490 2677 dis=

1300 2696 1314 2713 f]
