1846 3078
286 253 346 283 324

285 316 358 339 sum
387 311 420 341 et
443 310 542 345 alium
565 312 789 351 intellectum,
806 320 901 351 quem
927 311 985 341 ho-

283 354 399 385 dierno
413 357 543 387 servavi
557 365 566 387 e
582 366 638 389 vos
656 358 791 396 probate
802 379 811 395 ,
825 358 858 386 et
873 355 984 393 eligite

753 260 783 287 s.
804 243 1037 287 BERNA'RDI
1057 259 1249 288 AssssA‘rrs

1020 311 1107 348 quod
1127 312 1240 350 utique
1265 314 1456 352 proprietati
1481 316 1598 346 litterae
1618 315 1718 352 magis

1020 356 1196 386 convenire
1204 357 1346 388 videtur.
1358 360 1425 389 Non
1438 360 1526 389 enim
1538 359 1595 398 ait,
1607 361 1717 390 saliens

281 401 417 438 potiora.
443 402 513 432 Non
527 403 577 433 est
599 412 680 441 opus
702 402 867 440 superiora
892 409 985 438 repe-
1019 398 1052 429 in
1067 400 1209 438 montes,
1226 402 1329 433 sedin
1350 405 1523 441 montibus,
1545 405 1583 434 ut
1597 404 1666 442 ipse
1682 404 1715 432 in

281 445 365 485 tere,
379 455 451 486 quae
466 448 626 478 excidisse
638 456 702 478 non
717 448 855 477 arbitror
870 446 904 475 in
918 447 984 475 tam

279 490 384 522 brevi.
411 491 445 521 Si
472 501 537 530 quo
568 493 678 522 minus
705 493 814 522 tamen
825 512 835 528 ,
864 491 983 528 scripta

278 537 356 566 sunt
375 537 412 567 ut
431 537 517 567 dicta
537 539 631 575 sunt,
657 537 690 567 et
718 538 856 575 excepta
876 537 979 574 stylo,

278 581 362 612 sicut
373 583 406 613 et
417 591 582 613 sermones
593 582 715 620 caeteri,
727 583 764 612 ut
778 582 874 612 facile
886 591 982 612 recu-

276 628 413 664 peretur
426 627 510 665 quod
527 627 609 656 forte
623 627 797 657 exciderIt.
814 628 980 665 Quaprop-

275 673 328 702 ter
343 673 480 710 accipite
511 673 586 701 alia.
602 674 680 702 Ecce
702 675 783 703 venit
805 673 978 711 is,inqu1t,

275 719 387 748 saliens
407 720 437 747 in
462 719 633 755 montibus,
662 720 850 749 transsiliens
877 720 976 749 colles.

275 762 433 800 Sponsum
449 763 605 800 loquitur,
618 763 674 801 qui
690 763 835 801 profecto
852 765 927 793 tunc
944 764 977 793 in

274 809 438 837 montibus
451 808 559 846 saliit,
577 817 652 838 culn
667 810 785 839 missus
800 818 818 839 a
833 810 924 839 Patre
938 810 978 839 ad

275 854 563 890 evangelizandum
592 855 813 892 pauperibus,
842 856 977 891 Angelo-

273 906 346 927 rum
367 898 460 936 fungi
480 907 548 928 non
573 901 622 929 est
643 900 835 936 dedignatus
857 900 974 937 officio,

271 942 375 974 factus
389 945 495 982 magni
518 945 647 974 consilii
668 946 820 983 angelus,
838 946 893 983 qui
915 947 976 974 Do-

272 989 380 1019 minus
394 992 474 1021 erat.
491 992 551 1020 Per
562 1000 596 1021 se
613 991 782 1021 descendit
799 991 840 1020 ad
858 994 973 1028 terras,

272 1035 327 1072 qui
343 1035 422 1065 alios
445 1036 596 1074 delegare
619 1037 766 1066 solebat:
783 1045 843 1074 per
864 1044 897 1066 se
919 1044 975 1066 no-

271 1080 342 1108 tum
354 1080 433 1111 fecit
448 1081 604 1112 Dominus
626 1083 766 1111 salutare
781 1090 875 1111 suum
890 1103 899 1118 .‚
916 1089 975 1119 per

270 1126 354 1155 sein
375 1128 552 1165 conspectu
572 1128 718 1165 gentium
740 1127 974 1163 revelavitjus-

271 1171 380 1201 titiam
405 1181 507 1202 suam.
524 1174 603 1203 Cum
614 1173 724 1211 itaque
741 1181 864 1210 omnes,
878 1173 973 1209 juxta

270 1218 361 1247 Pauli
382 1219 598 1257 sententiam,
618 1219 885 1249 administratorii
907 1218 974 1256 spi-

271 1262 353 1293 ritus
367 1264 444 1302 sint,
456 1264 544 1294 missi
558 1265 592 1294 in
606 1264 826 1294 ministerium
841 1266 973 1303 propter

271 1315 325 1338 eos
353 1309 409 1347 qui
435 1310 660 1340 haereditatem
685 1310 817 1348 capiunt
841 1310 971 1340 salutis:

269 1354 325 1391 qui
339 1356 408 1385 erat
422 1364 519 1394 super
535 1356 618 1393 illos,
634 1356 736 1386 factus
748 1356 890 1386 estinter
900 1357 972 1387 illos

270 1400 436 1438 tamquam
450 1410 534 1431 unus
546 1411 587 1431 ex
601 1402 682 1440 illis,
700 1402 906 1432 dissimulans
920 1403 972 1432 in-

267 1444 409 1483 juriam,
425 1448 631 1477 accumulans
646 1449 793 1486 gratiam.
810 1448 873 1477 Sed
895 1449 969 1478 audi

268 1490 388 1528 ipsum.
405 1493 477 1522 Non
490 1494 574 1529 veni,
590 1493 708 1531 inquit,
724 1495 909 1530 miin‘strari,
921 1496 970 1524 scd

268 1537 467 1574 ministrare,
483 1540 511 1568 et
526 1540 667 1568 animam
690 1548 790 1569 meam
817 1540 891 1569 dare
913 1549 969 1577 pro

267 1584 382 1613 multis.
399 1583 489 1620 Quod
507 1584 638 1622 quidem
663 1585 852 1614 caeterorum
874 1593 968 1614 nemo

268 1626 387 1657 fecisse
400 1628 554 1659 inventus
567 1630 627 1666 est,
639 1630 675 1659 ut
690 1635 804 1659 omnes
814 1630 968 1667 quotquot

268 1672 469 1704 ministrasse
484 1674 646 1712 visisunt,
661 1675 731 1713 ipse
747 1674 871 1704 devotis
882 1675 968 1704 tran-

265 1717 358 1748 sierit
368 1718 584 1758 fidelibusque
599 1720 775 1758 obsequiis.
789 1721 894 1750 Bonus
907 1721 969 1749 mi-

266 1762 382 1801 nister,
398 1764 455 1802 qui
471 1773 601 1795 carnem
615 1774 705 1795 suam
717 1765 749 1794 in
760 1765 881 1803 cibum,
895 1774 968 1795 san-

264 1809 397 1844 guinem
424 1810 459 1839 in
484 1811 595 1848 potum
609 1833 618 1849 ,
641 1811 782 1840 animam
804 1811 968 1841 ministra-

266 1854 312 1884 vit
327 1855 360 1885 in
375 1856 644 1894 pretium.Bonus
655 1857 762 1895 plane,
779 1857 833 1895 qui
850 1857 968 1894 spiritu

266 1900 385 1939 alacer,
400 1901 533 1931 caritate
555 1901 687 1933 fervens
700 1925 709 1940 ,
724 1903 848 1941 pietate
870 1903 967 1933 devo-

265 1947 329 1984 tus,
345 1954 411 1976 non
423 1947 528 1976 solum
543 1948 619 1977 sant
633 1948 667 1977 in
683 1948 858 1985 montibus,
868 1948 966 1979 sedet

264 1992 420 2022 transsilit
436 1993 547 2030 colles,
564 1993 598 2023 id
614 1994 662 2024 est
673 1994 804 2032 superat
817 1995 850 2023 et
863 1994 965 2025 vincit

265 2038 431 2068 alacritate
466 2039 693 2078 ministrandi,
720 2040 833 2078 utpote
869 2049 965 2078 quem

262 2084 360 2113 unxit
370 2085 469 2122 Deus,
480 2085 568 2115 Deus
579 2094 667 2124 suus,
683 2086 753 2115 oleo
765 2085 886 2116 laetitiae
897 2094 964 2124 prae

264 2130 464 2160 consortibus
492 2131 558 2161 suis
573 2139 582 2160 ε
599 2131 634 2161 in
662 2139 726 2169 quo
754 2131 868 2170 ulique
897 2132 964 2161 sin-

263 2175 417 2212 gulariter
441 2177 622 2208 exsultavit
648 2178 685 2207 ut
711 2177 799 2215 gigas
826 2177 866 2206 ad
890 2186 964 2207 cur-

260 2218 395 2248 rendam
418 2221 517 2251 viam.
543 2222 693 2261 Denique
710 2223 883 2253 transsiliit
903 2223 963 2253 Ga-

261 2264 401 2294 brielem
417 2286 426 2302 ,
454 2267 488 2295 et
516 2267 676 2304 praevenit
703 2267 744 2297 ad
775 2268 960 2306 Virginem,

260 2309 377 2340 eodem
392 2310 591 2349 Archangelo
607 2312 793 2350 attestante,
810 2321 883 2342 cum
894 2313 938 2344 ait
952 2322 960 2342 :

260 2356 336 2392 Ave,
352 2357 453 2394 qratia
465 2357 568 2394 plena,
578 2360 729 2389 Dominus
741 2358 962 2396 tectquuid'?

260 2402 364 2438 Quem
376 2401 468 2430 modo
484 2401 646 2440 reIIquisti
659 2404 694 2433 in
712 2404 792 2433 coelo
803 2427 812 2442 ,
828 2403 960 2434 nuncin

260 2447 354 2476 utero
375 2446 510 2484 reperis.
529 2447 673 2484 Quonam
696 2449 808 2479 modo?
831 2451 962 2480 volavit

261 2491 295 2521 et
309 2492 497 2529 praevolavi't
513 2501 610 2530 snper
630 2502 752 2531 pennas
773 2496 959 2525 ventorum.

261 2537 374 2567 Victus
385 2544 434 2575 eS,
456 2545 474 2567 o
493 2538 693 2576 Archangele
709 2548 716 2568 ε
736 2540 905 2570 transsiliit
926 2543 959 2571 te

261 2582 318 2621 qui
333 2583 489 2622 praemisit
504 2583 551 2614 te.

301 2628 334 2659 2.
359 2629 422 2659 Aut
446 2629 533 2659 certe
559 2628 695 2660 saliebat
723 2629 755 2659 in
776 2631 958 2669 montibus,

265 2683 337 2706 cam
351 2675 383 2705 in
394 2675 523 2714 Angelis
531 2675 759 2706 olimPatribus
769 2676 958 2714 apparebat:

1019 445 1065 474 eis
1081 445 1233 475 videatur
1252 448 1368 485 salire,
1392 450 1449 487 qui
1464 449 1542 480 facit
1562 451 1595 479 et
1611 449 1665 479 dat
1680 449 1716 478 ut

1016 490 1143 527 saliant,
1157 493 1427 528 quemadmodum
1437 494 1578 533 loquitur
1590 496 1625 525 in
1636 496 1713 524 Pro-

1015 535 1142 575 phetis3
1169 539 1321 576 operatur
1345 539 1380 568 in
1400 540 1520 578 justis,
1549 549 1623 570 cum
1648 539 1716 570 illis

1014 582 1127 620 verba,
1141 583 1175 613 et
1187 584 1255 613 istis
1268 592 1364 622 opera
1379 585 1506 615 tribuit.
1525 586 1614 616 Adde
1629 586 1715 624 quud

1014 626 1115 665 aliqui
1133 636 1245 658 eorum
1263 638 1432 667 personam
1450 630 1520 667 ejus
1537 631 1712 669 gerebant,

1014 671 1057 701 ita
1073 673 1111 702 ut
1132 674 1320 712 loqueretur
1334 676 1469 713 quisque
1483 676 1625 713 illorum,
1646 683 1712 705 non

1015 718 1175 756 tamquam
1189 720 1339 758 Angelus,
1355 721 1411 750 sed
1425 723 1588 759 tamquam
1603 720 1714 750 Domi-

1013 771 1083 792 nus.
1098 765 1195 794 Verbi
1213 766 1326 804 gratia,
1344 766 1398 796 ille
1415 767 1555 804 Angelus
1569 767 1711 804 quicum

1011 809 1115 846 Moyse
1144 810 1354 848 loquebatur,
1375 812 1523 849 dicebat,
1539 820 1621 848 non,
1650 813 1713 850 Ego

1012 854 1151 893 Domini,
1161 856 1217 885 sed
1224 857 1289 895 Eyo
1301 858 1452 887 Dominus
1464 867 1474 896 ,-
1487 858 1583 895 atque
1601 857 1634 886 id
1646 857 1712 886 fre-

1010 900 1161 936 quentius
1171 901 1320 932 iterabat.
1338 902 1482 932 Saliebat
1491 911 1565 940 ergo
1582 904 1613 932 iat
1625 911 1712 932 mon-

1010 944 1100 981 tibus,
1117 945 1149 974 id
1164 947 1211 975 est
1228 947 1259 975 in
1271 948 1419 985 Angelis,
1437 947 1470 976 in
1485 948 1603 985 quibus
1619 948 1651 977 et
1666 949 1713 977 lo-

1009 989 1167 1026 quebatur
1176 1012 1185 1027 ,
1196 992 1228 1020 et
1239 1000 1328 1021 suam
1340 992 1525 1022 hominibus
1534 993 1712 1023 exhibebat

1008 1036 1225 1071 praesentiam.
1240 1037 1286 1066 Ad
1295 1037 1443 1067 homines
1456 1039 1542 1067 enim
1554 1039 1710 1076 saliebat,

1008 1080 1063 1109 sed
1080 1081 1114 1110 in
1134 1082 1282 1120 Angelis,
1305 1083 1419 1112 nonin
1440 1091 1494 1121 se3
1518 1091 1583 1113 non
1603 1084 1638 1113 in
1653 1092 1710 1114 sua

1008 1126 1139 1164 natura,
1165 1127 1222 1156 sed
1243 1127 1276 1156 in
1298 1128 1443 1163 subjecta
1466 1129 1626 1158 creatura.
1647 1129 1709 1165 Qui

1009 1171 1095 1200 enim
1108 1172 1192 1209 salit,
1207 1172 1322 1202 deloco
1335 1174 1375 1203 ad
1384 1174 1491 1203 locum
1502 1174 1610 1204 vadit:
1624 1174 1710 1212 quod

1007 1224 1070 1245 non
1081 1217 1166 1247 eadit
1180 1219 1213 1247 in
1223 1219 1338 1248 Deum.
1349 1220 1429 1257 Ergo
1440 1219 1475 1248 in
1486 1220 1659 1256 montibus,
1677 1220 1710 1249 id

1007 1263 1104 1292 estin
1126 1264 1272 1302 Angelis,
1295 1265 1447 1303 saliebat,
1466 1266 1521 1304 qui
1538 1266 1570 1294 in
1590 1274 1624 1295 se
1642 1274 1708 1296 non

1007 1310 1132 1345 poterat
1149 1319 1156 1338 :
1175 1311 1207 1340 et
1224 1311 1360 1340 saliebat
1376 1320 1476 1349 usque
1493 1311 1533 1341 ad
1546 1313 1657 1349 colles,
1673 1313 1706 1342 id

1007 1356 1055 1384 est
1063 1356 1263 1386 Patriarchas
1274 1358 1306 1386 et
1316 1358 1502 1395 Prophetas,
1512 1358 1708 1395 caeterosque

1006 1401 1194 1438 spirituales
1211 1403 1298 1432 viros
1315 1402 1354 1432 de
1372 1405 1470 1432 terra.
1488 1403 1551 1432 Sed
1574 1404 1708 1433 transsi-

1007 1446 1105 1476 lIebat
1122 1448 1153 1476 et
1170 1448 1268 1478 colles
1281 1470 1290 1485 ,
1309 1456 1381 1478 cum
1393 1456 1457 1478 non
1471 1449 1572 1477 solum
1584 1449 1709 1486 magnis

1005 1493 1037 1520 et
1046 1492 1268 1529 spiritualibus
1276 1494 1369 1531 viris,
1379 1494 1437 1523 sed
1446 1494 1478 1523 et
1489 1493 1652 1531 aliquibus
1665 1494 1704 1523 de

1004 1538 1140 1575 populo,
1162 1538 1260 1568 etiam
1285 1540 1315 1568 et
1334 1540 1498 1568 nonnullis
1513 1539 1706 1578 mulieribus

1004 1591 1093 1620 aeque
1115 1584 1149 1613 in
1165 1584 1294 1622 Angelis
1314 1586 1401 1623 loqui
1419 1586 1451 1614 et
1468 1593 1621 1623 apparere
1638 1585 1706 1622 dig-

1003 1630 1097 1658 natus
1111 1630 1171 1659 est.
1198 1631 1258 1659 Yel
1272 1632 1359 1660 colles
1375 1631 1455 1660 dicit
1476 1631 1579 1660 acrias
1596 1630 1706 1668 potes-

1004 1674 1096 1712 tates,
1109 1684 1180 1713 quae
1193 1675 1413 1705 intermontes
1426 1675 1557 1713 quidem
1569 1676 1704 1706 minime

1003 1719 1066 1753 iam
1089 1722 1319 1758 numerantur,
1336 1729 1392 1759 pro
1416 1730 1453 1750 co
1469 1721 1554 1759 quod
1569 1729 1586 1750 a
1599 1721 1705 1751 virtu-

1005 1766 1070 1795 tum
1088 1766 1281 1796 celsitudine
1297 1767 1505 1797 defluxerunt
1520 1775 1579 1805 per
1593 1775 1704 1805 snper-

1002 1810 1107 1849 biam3
1122 1820 1182 1841 nec
1194 1812 1303 1841 tamen
1319 1821 1421 1850 usque
1435 1812 1474 1841 ad
1486 1812 1622 1841 humilia
1636 1812 1704 1842 val-

1002 1855 1080 1886 lium
1093 1879 1102 1894 ,
1134 1857 1202 1887 sive
1240 1858 1281 1887 ad
1309 1859 1411 1887 valles
1442 1857 1617 1887 humilium
1642 1865 1701 1895 per

1000 1903 1226 1939 poenilentIam
1241 1903 1479 1933 detumescunt.
1496 1904 1541 1932 De
1556 1903 1607 1932 his
1618 1902 1704 1932 arbi-

1000 1948 1066 1976 tror
1086 1948 1168 1977 illud
1183 1948 1307 1978 dictum
1326 1948 1360 1977 in
1384 1949 1517 1986 psalmis
1538 1957 1545 1976 :
1569 1950 1699 1985 Montes,

997 1993 1075 2022 sicut
1090 2002 1171 2030 cera,
1183 1995 1344 2031 βαι-σαντί
1359 2003 1378 2023 α
1391 1995 1469 2031 facie
1480 1995 1617 2024 Domini.
1636 1994 1700 2023 Hos

1000 2038 1109 2076 itaque
1124 2040 1288 2069 tumentes
1304 2047 1339 2069 ac
1355 2040 1483 2070 steriles
1493 2040 1603 2077 colles,
1619 2040 1700 2069 tam·

998 2092 1094 2122 quam
1110 2085 1232 2114 medios
1247 2084 1366 2122 positos
1382 2084 1468 2115 inter
1483 2085 1609 2114 montes
1624 2091 1700 2122 per-

998 2129 1155 2160 fectorum
1177 2131 1210 2160 et
1229 2131 1330 2160 valles
1351 2131 1602 2168 poenitentium,
1623 2137 1700 2168 pro-

998 2176 1148 2205 culdubio
1169 2176 1358 2213 transsiliit,
1387 2176 1444 2214 qui
1468 2176 1502 2205 in
1531 2175 1698 2205 montibus

997 2221 1086 2258 salit,
1112 2221 1227 2259 hisque
1264 2221 1441 2259 praeteritis
1469 2221 1503 2250 et
1537 2220 1698 2258 despectIs

997 2266 1163 2296 descendit
1177 2266 1216 2295 ad
1232 2266 1332 2296 valles
1342 2288 1351 2303 ,
1364 2266 1401 2296 ut
1414 2266 1516 2296 valles
1529 2265 1694 2295 abundent

997 2311 1169 2342 frumento.
1192 2313 1287 2341 Porro
1313 2312 1359 2341 illi
1381 2320 1398 2341 e
1419 2311 1551 2350 regione
1576 2311 1697 2341 aeterna

996 2358 1144 2387 ariditate
1157 2366 1193 2388 ac
1203 2358 1375 2388 sterilitate
1391 2357 1599 2394 damnantur,
1612 2356 1697 2387 sicut

996 2404 1094 2434 habes
1121 2404 1290 2441 Prophetae
1316 2412 1414 2441 super
1436 2403 1507 2433 illos
1536 2403 1697 2440 impreca-

995 2449 1116 2479 tionem
1131 2457 1140 2478 ε
1156 2450 1218 2479 Νεε
1231 2458 1300 2486 ros,
1312 2449 1420 2487 inquit
1435 2471 1444 2486 ,
1460 2457 1514 2478 nec
1527 2449 1629 2486 pluvia
1643 2449 1695 2476 ‹lc-

994 2496 1139 2526 scentiam
1147 2504 1238 2533 super
1246 2504 1307 2526 vos.
1318 2496 1421 2533 Atque
1431 2495 1465 2524 ut
1476 2493 1604 2524 noveris
1610 2492 1693 2531 quod

995 2541 1034 2570 ad
1054 2541 1191 2579 Angelos
1211 2541 1266 2578 qui
1288 2539 1493 2578 praevaricati
1518 2539 1611 2575 sunt,
1634 2538 1692 2567 sub

994 2588 1094 2624 figura
1115 2586 1273 2616 montium
1294 2586 1415 2616 Gelboe
1443 2585 1505 2614 ista
1527 2583 1691 2621 loquatur,

994 2633 1057 2669 ubi,
1083 2632 1211 2670 inquit,
1232 2631 1402 2661 ceciderunt
1416 2629 1569 2659 vulnerati
1590 2627 1690 2657 mulli.

995 2677 1093 2714 Quam
1112 2677 1206 2707 multi
1224 2675 1320 2706 iuliis
1336 2673 1515 2705 maledictis
1530 2673 1692 2703 mnitibus
