1846 3078
549 239 593 268 IN
614 234 812 268 CANTICA

122 289 233 325 tentus
246 291 371 324 detines
385 290 505 331 pariter
520 293 604 323 intra
615 292 648 324 te
662 291 822 330 judicium

123 339 270 370 veritatis
290 338 468 376 inclusum3
486 338 538 368 cui
554 338 688 368 dubium
704 338 752 368 est
760 337 821 366 mi—

123 391 185 414 nus
199 385 231 414 te
245 382 419 413 veritatem
429 382 576 422 diligere,
589 383 642 413 cui
654 383 821 422 proprium

122 428 255 468 praefers
265 428 319 458 vel
331 429 532 459 commodum
543 451 552 467 ,
567 429 622 460 vel
645 427 822 459 honorem?

163 474 193 503 7.
219 473 317 503 Vides
343 474 444 512 igitur
472 482 537 504 non
565 483 637 505 esse
665 474 820 511 idipsum,

122 518 285 549 hominem
301 519 341 550 de
362 520 466 558 seipso
490 529 555 551 non
575 521 676 550 altum
690 520 756 557 jam
771 528 822 550 sa-

120 571 219 603 pere,
235 565 372 596 veritate
388 566 520 596 luminis
543 566 771 604 redargutum3
789 566 822 595 et

122 609 300 640 humilibus
325 613 436 650 sponte
465 611 646 642 consentire
660 631 669 649 ,
685 618 821 641 munere

119 655 264 686 caritatis
279 656 436 693 adjutum.
465 657 548 686 Illud
568 657 655 686 enim
676 655 822 686 necessi-

121 701 196 731 tatis
224 702 293 739 est,
323 702 383 731 hoc
412 702 597 731 voiuntaus.
623 703 821 739 Semetipsnm

121 748 312 783 exinanivit,
336 747 458 785 inquit,
483 748 619 785 formam
639 747 716 776 servi
740 748 820 776 acci-

118 793 270 830 piens,et
291 792 425 821 formam
454 792 649 821 humilitatis
677 791 818 822 tradens.

122 838 192 875 lpse
206 845 240 867 se
263 837 464 873 exinanivit,
483 838 552 875 ipse
569 845 603 866 se
620 837 818 873 humiliavit,

120 890 185 911 non
200 882 390 912 necessitate
404 882 533 920 judicii,
549 882 606 912 sed
620 882 721 912 nostri
737 883 820 912 cari—

119 927 197 957 tate.
208 928 337 958 Poterat
349 928 506 957 nimirum
522 928 622 958 vilem
637 935 671 957 se
688 929 721 958 et,
744 936 820 957 con-

118 973 338 1011 temptibilem
347 973 578 1011 demonstrare,
587 973 643 1003 sed
652 974 747 1011 plane
755 982 818 1004 non

119 1020 270 1056 reputare
287 1041 296 1056 ,
323 1019 477 1057 quoniam
511 1019 634 1049 sciebat
665 1019 818 1057 seipsum.

120 1063 294 1094 Voluntate
307 1064 442 1102 proinde
458 1064 593 1094 humilis
614 1064 693 1102 suit,
712 1065 745 1094 et
757 1073 820 1095 non

116 1107 261 1146 judicio,
286 1109 341 1147 qui
357 1108 457 1138 talem
481 1116 514 1138 se
535 1108 674 1145 obtulit,
691 1110 820 1146 qualem

119 1162 153 1184 se
175 1162 244 1184 esse
259 1155 421 1184 nescivit:
438 1154 539 1191 magis
563 1155 673 1184 autem
698 1155 820 1192 placuit

119 1200 292 1229 minimum
303 1200 457 1238 reputari,
470 1200 525 1238 qui
539 1208 571 1229 se
582 1208 744 1230 summum
755 1209 820 1230 non

119 1243 298 1283 ignorabat.
325 1244 475 1282 Denique
500 1245 546 1273 ait
561 1252 570 1272 τ
586 1246 699 1274 Discite
724 1254 744 1274 a
771 1254 819 1275 me

118 1292 192 1328 qnia
206 1292 288 1321 milis
307 1299 393 1327 sum,
407 1292 435 1320 et
453 1290 578 1320 humilis
604 1291 703 1320 corde.
719 1290 817 1320 Corde

119 1335 222 1374 dixit,
238 1336 342 1366 cordis
357 1335 480 1365 affectu
493 1357 502 1372 ,
517 1335 550 1364 id
574 1336 624 1364 est
639 1336 817 1366 voluntate.

119 1381 230 1419 Itaque
251 1381 480 1411 necessitatem
505 1380 668 1417 exclusit,
685 1382 741 1418 qui
762 1390 819 1410 vo-

119 1427 278 1457 luntatem
300 1425 462 1456 confessus
479 1426 538 1456 est.
554 1426 622 1454 Non
638 1425 725 1455 enim
741 1435 818 1464 quo-

118 1472 211 1501 modo
227 1480 285 1509 ego
296 1472 349 1502 vel
365 1471 400 1501 tu
424 1471 609 1500 invenimus
631 1479 688 1501 nos
709 1471 744 1501 111
760 1480 817 1501 ve-

117 1517 214 1547 ritate
238 1518 348 1554 dignos
377 1516 534 1546 dedecore
561 1516 595 1546 et
616 1517 816 1556 contemptu,

117 1562 230 1600 dignos
258 1561 346 1591 omni
373 1561 581 1591 extremitate
604 1561 637 1591 et
657 1561 817 1591 inferiori-

117 1608 202 1645 tate,
227 1606 340 1645 dignos
367 1606 468 1637 etiam
497 1606 688 1644 suppliciis,
707 1607 817 1645 dignos

117 1653 219 1691 plagis
234 1661 242 1682 :
259 1661 321 1682 non
332 1674 342 1690 ,
369 1652 500 1690 inquam
512 1673 522 1689 ,
540 1652 585 1681 ita
600 1653 633 1682 et
656 1653 724 1682 ille.
740 1654 817 1690 Quae

117 1702 226 1730 tamen
242 1698 349 1728 omnia
363 1700 517 1735 expertus
532 1698 591 1735 est,
610 1698 685 1735 quia
700 1699 815 1737 voluit,

117 1748 282 1783 tamquam
297 1743 430 1773 humilis
445 1743 558 1781 corde3
575 1743 710 1773 humilis
725 1745 816 1774 vide-

116 1791 195 1821 licet
210 1791 265 1820 illa
280 1788 478 1826 humilitate,
490 1797 587 1827 quam
600 1789 705 1818 cordis
719 1790 815 1820 suasit

117 1836 267 1873 allectio,
289 1842 354 1864 non
376 1842 475 1873 quam
499 1833 636 1863 extorsit
663 1833 816 1864 discussio

117 1880 268 1911 veritatis

156 1926 188 1956 8.
204 1925 379 1963 Propterea
399 1923 487 1962 dixi,
515 1924 599 1954 hanc
623 1924 815 1955 voluntariae

116 1971 311 2003 humilitatis
331 1970 492 2009 speciem,
508 1977 574 1999 non
589 1970 815 2008 redargutIOne

116 2017 262 2048 veritatis
275 2039 284 2055 ,
307 2017 364 2046 sed
388 2015 530 2046 caritatis
552 2015 635 2045 intra
650 2024 708 2045 nos
728 2016 816 2046 infu-

117 2064 206 2093 sione
222 2061 337 2100 creari,
354 2061 429 2099 quia
444 2060 548 2091 cordis
560 2062 620 2098 est,
635 2061 711 2099 quia
723 2062 816 2092 affec-

116 2109 214 2139 tionis
227 2130 235 2146 ,
252 2108 327 2146 quia
343 2106 521 2136 voluntatis
537 2115 545 2134 t
562 2114 602 2135 an
617 2115 693 2136 vero
714 2110 814 2147 recte,

115 2156 152 2185 tu
164 2154 286 2191 judica.
303 2152 448 2190 Itemque
465 2151 563 2181 etiam
578 2152 638 2181 hoc
654 2153 709 2182 tuo
725 2162 814 2191 aeque

117 2199 322 2230 examinetur
340 2198 480 2236 judicio,
507 2198 645 2236 dignene
668 2200 814 2230 eamdem

115 2246 251 2275 Domino
267 2243 466 2282 assignarim,
481 2252 577 2282 quem
593 2245 728 2275 caritate
740 2254 816 2275 con-

116 2291 180 2321 stat
208 2289 427 2326 exinanitum,
458 2289 591 2319 caritate
620 2290 813 2321 minoratum

116 2337 156 2366 ab
172 2334 318 2373 Angelis,
335 2334 467 2364 caritate
492 2335 684 2372 parentibus
705 2337 814 2366 subdi-

115 2382 202 2419 tum,
228 2379 361 2409 caritate
381 2379 532 2417 Baptistae
555 2380 705 2411 manibus
720 2382 814 2412 incli-

116 2428 245 2464 natum,
262 2424 395 2454 caritate
411 2425 515 2454 carnis
531 2425 657 2454 infirma
671 2434 812 2466 passum,

117 2472 253 2502 caritate
286 2471 449 2508 postremo
483 2470 580 2499 morti
614 2470 788 2502 obnoxium
804 2495 811 2511 ,

116 2525 213 2548 cruce
230 2516 403 2554 inglorium
425 2515 600 2546 exstitisse.
615 2516 678 2547 Sed
700 2518 732 2547 et
754 2518 812 2548 hoc

116 2571 219 2593 unum
243 2561 348 2591 adhuc
365 2559 413 2590 tui
436 2561 477 2591 sit
500 2561 702 2592 considerare
726 2564 813 2593 arbi—

116 2609 184 2646 trii,
199 2607 330 2637 rectene
351 2606 448 2636 etiam
465 2606 547 2636 hanc
569 2606 671 2645 ipsam
683 2607 814 2638 humili-

117 2653 219 2684 tatem
250 2653 296 2682 ita
333 2651 465 2682 caritate
502 2652 680 2689 calentem,
712 2653 811 2684 herba

835 236 882 266 SE
897 237 992 267 RMO
1016 238 1126 267 XLII.

830 286 842 458 Ι

1492 242 1545 273 Ξ91

854 290 970 322 1111111111
984 290 1017 322 01
1031 292 1134 322 calida
1146 313 1156 330 ,
1171 290 1204 322 id
1217 291 1265 322 est
1279 293 1378 323 nardo
1388 316 1397 333 ‚
1414 296 1549 333 putave-

852 336 914 366 rim
926 337 1137 376 designatam.
1149 337 1187 367 Et
1201 335 1228 367 si
1244 337 1290 367 ita
1305 340 1419 368 cuncta
1433 342 1549 378 proba-

851 382 939 412 veris
949 404 958 420 ,
971 382 982 422 (
999 382 1151 420 probabis
1166 383 1254 412 enim
1269 382 1388 412 rationi
1404 386 1553 417 manifes-

850 426 982 458 tissimae
992 426 1215 467 acquiescens)
1224 427 1300 457 tunc
1311 428 1412 465 sijam
1424 430 1506 467 apud
1518 431 1549 460 te

851 472 957 510 ipsum
974 473 1164 503 humiliatus
1179 481 1214 503 es
1225 474 1406 503 necessaria
1422 474 1477 503 illa
1492 475 1554 505 liu-

851 517 989 548 militate
1004 540 1013 556 ,
1029 527 1127 556 quam
1142 518 1289 548 scrutans
1304 519 1399 549 corda
1411 520 1444 549 et
1458 528 1553 550 renes

850 562 974 592 Veritas
989 564 1138 594 sensibus
1151 564 1269 602 ingerit
1284 565 1400 594 animae
1413 565 1553 603 vigilan-

851 607 913 645 tis3
930 608 1050 638 adhibe
1075 609 1291 647 voluntatem,
1308 611 1341 640 et
1366 610 1416 640 fac
1440 610 1480 640 de
1495 619 1555 641 ne-

850 653 999 683 cessitate
1024 653 1198 692 virtutem,
1221 655 1374 692 quoniam
1390 656 1481 686 nulla
1503 658 1553 686 est

851 698 952 728 virtus
966 699 1040 729 sine
1053 700 1282 730 convenientia
1297 701 1484 732 voluntatis.
1497 702 1552 732 Sic

849 745 958 774 autem
969 744 1025 775 fiet
1042 744 1128 775 istud
1138 767 1146 783 ,
1163 746 1189 775 si
1205 746 1288 775 nolis
1299 746 1382 776 alter
1396 755 1551 785 apparere

849 789 927 819 soris
940 811 949 828 ‚
965 798 1062 828 quam
1078 791 1110 820 te
1125 791 1256 821 invenis
1282 792 1382 822 intus.
1399 792 1549 831 Alioquin

848 835 926 865 time
942 844 983 865 ne
999 836 1039 866 de
1060 836 1093 866 te
1108 837 1178 874 ipso
1196 837 1285 874 legas
1301 846 1308 866 :
1327 839 1483 877 Quoniam
1498 839 1552 868 do-

848 881 907 911 lose
924 883 981 920 eqit
996 883 1028 912 in
1050 884 1210 920 conspectu
1225 884 1290 921 ejus
1302 905 1311 920 ,
1330 885 1364 913 ut
1379 885 1552 913 inveniatur

848 927 994 964 iniqnitas
1009 927 1073 965 ejus
1087 929 1127 957 ad
1142 929 1256 957 odium.
1270 929 1394 959 Pondus
1404 950 1413 965 ,
1430 928 1550 966 inquit,

848 974 876 1002 et
900 974 1016 1011 poncias
1046 973 1235 1003 abominatio
1260 976 1303 1004 est
1332 975 1414 1012 apud
1438 976 1550 1004 Deum.

847 1017 931 1054 Quid
947 1017 1053 1047 enim?
1067 1019 1114 1048 Tu
1129 1018 1161 1048 te
1174 1019 1368 1056 depretiaris
1381 1019 1412 1048 in
1426 1020 1550 1049 secreto

835 1063 933 1101 {apud
946 1064 1088 1101 teipsum
1101 1085 1110 1101 ,
1126 1064 1275 1094 veritatis
1290 1064 1414 1094 trutina
1429 1065 1552 1102 ponde-

835 1099 953 1145 }ratus3
972 1110 1004 1138 et
1027 1108 1104 1138 foris
1120 1108 1363 1145 alteriuspretii
1376 1109 1550 1146 mentiens,

834 1153 961 1189 lmajori
977 1155 1009 1182 te
1025 1153 1170 1191 pondere
1196 1153 1312 1183 vendis
1326 1153 1437 1191 nobis,
1454 1162 1550 1193 quam

848 1198 887 1226 ab
903 1198 971 1236 ipsa
991 1196 1166 1236 accepisti?
1179 1198 1270 1227 Time
1286 1199 1390 1228 Deum
1401 1221 1410 1237 ,
1432 1200 1465 1229 et
1481 1199 1548 1229 noli

848 1243 930 1273 hanc
950 1251 1019 1272 rem
1039 1244 1213 1281 pessimam
1239 1243 1346 1274 facere
1359 1265 1368 1281 ,
1389 1246 1426 1274 ut
1448 1253 1549 1282 quem

847 1288 999 1318 humiliat
1030 1289 1169 1326 veritas,
1199 1289 1337 1319 extollat
1373 1291 1522 1320 voluntas
1538 1299 1546 1319 ε

834 1330 907 1363 'hoc
946 1334 1034 1363 enim
1060 1335 1211 1364 resistere
1242 1335 1290 1364 est
1316 1335 1461 1373 veritati,
1489 1336 1549 1365 hoc

846 1387 988 1417 pugnare
1009 1380 1119 1410 contra
1132 1380 1248 1409 Deum.
1264 1380 1362 1417 Magis
1372 1382 1482 1411 autem
1495 1389 1549 1411 ac-

831 1406 976 1463 Jquiesce
1004 1426 1091 1462 Deo,
1121 1426 1153 1455 et
1178 1425 1221 1455 sit
1244 1426 1394 1456 voluntas
1419 1426 1548 1458 subdita

845 1470 976 1500 veritati
993 1478 1002 1499 :
1018 1478 1078 1500 nec
1100 1470 1227 1500 tantum
1255 1470 1382 1500 subdita
1396 1492 1404 1508 ,
1433 1472 1492 1501 sed
1514 1475 1549 1502 et

845 1515 973 1547 devota.
988 1517 1097 1547 Nonne
1109 1518 1185 1554 Deo,
1201 1515 1307 1554 inquit
1321 1537 1330 1554 ,
1345 1517 1480 1555 subJecta
1491 1520 1550 1548 erit

844 1563 953 1592 anima
966 1571 1035 1592 mea
1047 1561 1061 1591 ἓ

884 1607 915 1637 9.
932 1608 970 1638 At
984 1615 1100 1645 parum
1120 1607 1170 1637 est
1184 1613 1254 1636 esse
1269 1605 1452 1644 subiectum
1465 1607 1546 1647 Deo,

831 1653 906 1691 ,nisi
922 1653 964 1683 sis
977 1653 1010 1682 et
1026 1652 1113 1682 omni
1125 1653 1275 1682 humanae
1290 1652 1444 1682 creaturae
1453 1661 1548 1692 prop-

831 1695 894 1728 ³ter
914 1698 1113 1728 Deumzsive
1126 1698 1238 1727 Abbati
1254 1719 1263 1735 ,
1279 1698 1441 1735 tamquam
1464 1706 1547 1736 prae-

830 1730 998 1781 'cellenti3
1015 1743 1084 1773 sive
1110 1743 1292 1781 Prioribus,
1319 1744 1484 1781 tamquam
1506 1744 1546 1773 ab

844 1797 882 1819 eo
901 1789 1095 1819 constitutis.
1118 1789 1182 1826 Ego
1205 1788 1277 1826 plus
1300 1788 1372 1817 dico
1385 1809 1394 1825 ,
1407 1788 1546 1819 subdere

844 1834 987 1872 paribus,
1003 1833 1142 1864 subdere
1155 1833 1187 1862 et
1201 1832 1392 1862 minoribus.
1405 1834 1454 1863 Sic
1465 1835 1548 1864 enim

843 1881 923 1909 decet
939 1888 1012 1915 nos,
1033 1877 1157 1916 inquit,
1174 1886 1294 1907 omnem
1311 1878 1433 1916 implere
1455 1878 1547 1915 justi-

830 1939 831 1947 1
844 1926 932 1955 tiam.
945 1924 1034 1954 Vade
1047 1924 1080 1953 et
1093 1925 1129 1953 tu
1151 1923 1190 1953 ad
1210 1923 1369 1952 minorem
1381 1944 1390 1960 ,
1406 1922 1433 1952 si
1449 1923 1497 1953 vis
1511 1924 1547 1954 in

830 1959 968 2008 ljustitia
987 1977 1057 2000 esse
1074 1968 1261 2007 perfectus;
1277 1967 1370 1997 defer
1385 1967 1545 2007 inferiori,

842 2014 963 2053 juniori
977 2016 1009 2045 te
1028 2014 1195 2044 inclinatO.
1216 2014 1283 2043 Hoc
1307 2013 1393 2043 enim
1411 2013 1545 2051 faciens,

844 2062 954 2092 trahes
975 2061 1007 2090 et
1022 2060 1092 2098 ipse
1117 2060 1157 2089 ad
1176 2060 1209 2089 te
1225 2066 1351 2097 sponsae
1365 2067 1547 2089 sermonem

844 2114 941 2145 quem
956 2105 1040 2136 dixit
1054 2114 1062 2134 ι
1081 2106 1160 2144 Quia
1169 2106 1286 2135 nardus
1300 2114 1369 2135 mea
1383 2105 1461 2135 dedit
1476 2107 1548 2136 odo-

844 2162 908 2182 rem
924 2161 1026 2183 sunm.
1042 2151 1126 2181 Odor
1144 2150 1274 2180 devotio
1289 2151 1354 2188 est,
1371 2150 1448 2179 odor
1463 2151 1546 2183 bona

845 2198 970 2236 opinio,
1002 2205 1075 2235 quae
1104 2196 1144 2225 ad
1173 2203 1286 2225 omnes
1314 2195 1485 2234 pervenit,
1510 2198 1547 2228 ut

844 2243 959 2273 Christi
988 2242 1030 2272 sis
1057 2242 1159 2271 bonus
1182 2241 1260 2271 odor
1289 2241 1322 2270 in
1348 2240 1436 2270 omni
1463 2242 1547 2282 1000,

845 2288 1029 2327 spectabilis
1045 2287 1205 2324 omnibus,
1222 2286 1369 2316 amabilis
1381 2287 1544 2320 omnibus.

846 2337 911 2364 Non
926 2335 1031 2372 potest
1046 2334 1105 2363 hoc
1121 2333 1177 2363 ille
1193 2332 1328 2362 humilis
1339 2353 1348 2368 ,
1365 2340 1462 2370 quem
1488 2342 1545 2363 ve-

846 2381 921 2410 ritas
948 2380 988 2409 ad
1017 2378 1236 2409 humilitatem
1266 2377 1350 2416 cogit
1368 2386 1375 2406 :
1391 2379 1543 2416 quoniam

846 2427 906 2457 sibi
920 2426 1016 2455 habet
1031 2425 1139 2462 iliam,
1157 2425 1191 2454 et
1206 2424 1300 2454 exire
1321 2431 1384 2452 11011
1410 2423 1542 2462 patitur,

847 2473 880 2502 ut
902 2480 1009 2510 sparsa
1030 2470 1107 2501 foris
1131 2469 1288 2500 redoleat.
1311 2468 1409 2506 Magis
1435 2470 1543 2499 autem

846 2526 907 2547 non
923 2517 1023 2547 habet
1038 2516 1167 2547 odorem
1178 2538 1187 2554 ,
1203 2516 1279 2554 quia
1294 2523 1358 2544 11011
1374 2514 1471 2542 habet
1486 2514 1543 2544 ‹le-

846 2564 1021 2601 11011011οι11,
1035 2563 1144 2601 utpote
1155 2561 1210 2600 qui
1224 2569 1287 2590 non
1299 2560 1423 2597 sponte,
1436 2566 1541 2597 neque

846 2609 986 2638 libenter
1006 2616 1040 2638 se
1055 2607 1217 2638 humiliat.
1239 2606 1367 2643 Sponsae
1383 2612 1459 2639 vero
1482 2605 1543 2635 hu-

847 2655 984 2692 militas,
999 2656 1160 2692 tamquam
1177 2651 1311 2687 nardus,
1329 2649 1449 2715 sfiflrgst
1465 2651 1543 2681 odo-
