<?xml version="1.0" encoding="UTF-8"?>
<!DOCTYPE html PUBLIC "-//W3C//DTD XHTML 1.0 Transitional//EN"
    "http://www.w3.org/TR/xhtml1/DTD/xhtml1-transitional.dtd">
<html xmlns="http://www.w3.org/1999/xhtml" xml:lang="en" lang="en">
 <head>
  <title>
</title>
<meta http-equiv="Content-Type" content="text/html;charset=utf-8" />
  <meta name='ocr-system' content='tesseract 3.04.00' />
  <meta name='ocr-capabilities' content='ocr_page ocr_carea ocr_par ocr_line ocrx_word'/>
</head>
<body>
  <div class='ocr_page' id='page_1' title='image "./operagenuinajuxt03bernuoft/operagenuinajuxt03bernuoft_0013.png"; bbox 0 0 1830 3073; ppageno 0'>
   <div class='ocr_carea' id='block_1_1' title="bbox 609 269 1572 302">
    <p class='ocr_par' dir='ltr' id='par_1_1' title="bbox 609 269 1572 302">
     <span class='ocr_line' id='line_1_1' title="bbox 609 269 1572 302; baseline -0.011 -2"><span class='ocrx_word' id='word_1_1' title='bbox 609 271 666 300; x_wconf 86' lang='lat' dir='ltr'>DE</span> <span class='ocrx_word' id='word_1_2' title='bbox 685 269 896 299; x_wconf 79' lang='lat' dir='ltr'>DIVERSIS</span> <span class='ocrx_word' id='word_1_3' title='bbox 915 269 1063 299; x_wconf 84' lang='lat' dir='ltr'>SERMO</span> <span class='ocrx_word' id='word_1_4' title='bbox 1083 270 1107 297; x_wconf 90' lang='lat'>1.</span> <span class='ocrx_word' id='word_1_5' title='bbox 1324 274 1331 279; x_wconf 89' lang='lat'><em>·</em></span> <span class='ocrx_word' id='word_1_6' title='bbox 1552 274 1572 302; x_wconf 68' lang='lat'><strong>5</strong></span> 
     </span>
    </p>
   </div>
   <div class='ocr_carea' id='block_1_2' title="bbox 140 325 842 1131">
    <p class='ocr_par' dir='ltr' id='par_1_2' title="bbox 140 325 842 860">
     <span class='ocr_line' id='line_1_2' title="bbox 143 325 839 366; baseline -0.007 -7"><span class='ocrx_word' id='word_1_7' title='bbox 143 328 230 359; x_wconf 68' lang='lat' dir='ltr'>bitur</span> <span class='ocrx_word' id='word_1_8' title='bbox 255 328 365 366; x_wconf 87' lang='lat' dir='ltr'>nobis,</span> <span class='ocrx_word' id='word_1_9' title='bbox 388 327 445 359; x_wconf 87' lang='lat' dir='ltr'>sed</span> <span class='ocrx_word' id='word_1_10' title='bbox 466 327 500 357; x_wconf 87' lang='lat' dir='ltr'>in</span> <span class='ocrx_word' id='word_1_11' title='bbox 520 326 625 358; x_wconf 86' lang='lat' dir='ltr'>nobis.</span> <span class='ocrx_word' id='word_1_12' title='bbox 649 325 839 356; x_wconf 82' lang='lat' dir='ltr'>Videbimus</span> 
     </span>
     <span class='ocr_line' id='line_1_3' title="bbox 142 372 839 409; baseline -0.007 -5"><span class='ocrx_word' id='word_1_13' title='bbox 142 375 229 404; x_wconf 85' lang='lat' dir='ltr'>enim</span> <span class='ocrx_word' id='word_1_14' title='bbox 247 375 353 405; x_wconf 88' lang='lat' dir='ltr'>Deum</span> <span class='ocrx_word' id='word_1_15' title='bbox 377 373 460 404; x_wconf 85' lang='lat' dir='ltr'>facie</span> <span class='ocrx_word' id='word_1_16' title='bbox 479 374 519 403; x_wconf 89' lang='lat' dir='ltr'>ad</span> <span class='ocrx_word' id='word_1_17' title='bbox 540 373 656 404; x_wconf 80' lang='lat' dir='ltr'>faciem</span> <span class='ocrx_word' id='word_1_18' title='bbox 671 394 681 409; x_wconf 87' lang='lat'>,</span> <span class='ocrx_word' id='word_1_19' title='bbox 700 372 757 402; x_wconf 87' lang='lat' dir='ltr'>sed</span> <span class='ocrx_word' id='word_1_20' title='bbox 775 378 839 400; x_wconf 85' lang='lat' dir='ltr'>nou</span> 
     </span>
     <span class='ocr_line' id='line_1_4' title="bbox 143 417 839 457; baseline -0.006 -8"><span class='ocrx_word' id='word_1_21' title='bbox 143 419 235 449; x_wconf 85' lang='lat' dir='ltr'>extra</span> <span class='ocrx_word' id='word_1_22' title='bbox 255 426 337 449; x_wconf 90' lang='lat' dir='ltr'>nos:</span> <span class='ocrx_word' id='word_1_23' title='bbox 354 419 430 457; x_wconf 87' lang='lat' dir='ltr'>quia</span> <span class='ocrx_word' id='word_1_24' title='bbox 450 419 484 448; x_wconf 92' lang='lat' dir='ltr'>in</span> <span class='ocrx_word' id='word_1_25' title='bbox 507 418 600 448; x_wconf 85' lang='lat' dir='ltr'>nobis</span> <span class='ocrx_word' id='word_1_26' title='bbox 623 417 703 454; x_wconf 86' lang='lat' dir='ltr'>erit,</span> <span class='ocrx_word' id='word_1_27' title='bbox 725 417 839 454; x_wconf 85' lang='lat' dir='ltr'>utique</span> 
     </span>
     <span class='ocr_line' id='line_1_5' title="bbox 140 461 841 500; baseline -0.004 -7"><span class='ocrx_word' id='word_1_28' title='bbox 140 464 249 494; x_wconf 86' lang='lat' dir='ltr'>onmia</span> <span class='ocrx_word' id='word_1_29' title='bbox 262 463 296 493; x_wconf 90' lang='lat' dir='ltr'>in</span> <span class='ocrx_word' id='word_1_30' title='bbox 313 464 472 494; x_wconf 88' lang='lat' dir='ltr'>omnibus.</span> <span class='ocrx_word' id='word_1_31' title='bbox 487 464 646 494; x_wconf 83' lang='lat' dir='ltr'>Nimirum</span> <span class='ocrx_word' id='word_1_32' title='bbox 664 463 761 500; x_wconf 88' lang='lat' dir='ltr'>plena</span> <span class='ocrx_word' id='word_1_33' title='bbox 778 461 841 491; x_wconf 88' lang='lat' dir='ltr'>erit</span> 
     </span>
     <span class='ocr_line' id='line_1_6' title="bbox 141 507 841 546; baseline -0.003 -8"><span class='ocrx_word' id='word_1_34' title='bbox 141 509 240 546; x_wconf 79' lang='lat' dir='ltr'>gloria</span> <span class='ocrx_word' id='word_1_35' title='bbox 265 509 321 538; x_wconf 89' lang='lat' dir='ltr'>illa</span> <span class='ocrx_word' id='word_1_36' title='bbox 345 509 443 538; x_wconf 79' lang='lat' dir='ltr'>etiam</span> <span class='ocrx_word' id='word_1_37' title='bbox 469 509 573 539; x_wconf 90' lang='lat' dir='ltr'>omnis</span> <span class='ocrx_word' id='word_1_38' title='bbox 592 507 678 538; x_wconf 82' lang='lat' dir='ltr'>terra</span> <span class='ocrx_word' id='word_1_39' title='bbox 695 507 841 545; x_wconf 86' lang='lat' dir='ltr'>:quanto</span> 
     </span>
     <span class='ocr_line' id='line_1_7' title="bbox 141 551 842 592; baseline -0.001 -10"><span class='ocrx_word' id='word_1_40' title='bbox 141 553 242 591; x_wconf 80' lang='lat' dir='ltr'>magis</span> <span class='ocrx_word' id='word_1_41' title='bbox 267 553 374 583; x_wconf 87' lang='lat' dir='ltr'>anima</span> <span class='ocrx_word' id='word_1_42' title='bbox 397 554 466 592; x_wconf 88' lang='lat' dir='ltr'>ipsa</span> <span class='ocrx_word' id='word_1_43' title='bbox 491 551 690 592; x_wconf 70' lang='lat' dir='ltr'>replebitur?</span> <span class='ocrx_word' id='word_1_44' title='bbox 703 551 842 590; x_wconf 78' lang='lat' dir='ltr'>Replebi-</span> 
     </span>
     <span class='ocr_line' id='line_1_8' title="bbox 141 596 842 637; baseline -0.003 -10"><span class='ocrx_word' id='word_1_45' title='bbox 141 606 230 635; x_wconf 71' lang='lat' dir='ltr'>vnur,</span> <span class='ocrx_word' id='word_1_46' title='bbox 254 598 377 637; x_wconf 82' lang='lat' dir='ltr'>inquit,</span> <span class='ocrx_word' id='word_1_47' title='bbox 407 600 441 628; x_wconf 79' lang='lat' dir='ltr'>in</span> <span class='ocrx_word' id='word_1_48' title='bbox 467 598 551 628; x_wconf 77' lang='lat' dir='ltr'>bonis</span> <span class='ocrx_word' id='word_1_49' title='bbox 575 599 682 628; x_wconf 77' lang='lat' dir='ltr'>domus</span> <span class='ocrx_word' id='word_1_50' title='bbox 706 599 777 627; x_wconf 81' lang='lat' dir='ltr'>tuae.</span> <span class='ocrx_word' id='word_1_51' title='bbox 803 596 842 626; x_wconf 89' lang='lat' dir='ltr'>Et</span> 
     </span>
     <span class='ocr_line' id='line_1_9' title="bbox 141 642 842 681; baseline -0.004 -8"><span class='ocrx_word' id='word_1_52' title='bbox 141 642 219 680; x_wconf 83' lang='lat' dir='ltr'>quid</span> <span class='ocrx_word' id='word_1_53' title='bbox 233 643 323 681; x_wconf 85' lang='lat' dir='ltr'>dico,</span> <span class='ocrx_word' id='word_1_54' title='bbox 338 643 423 681; x_wconf 88' lang='lat' dir='ltr'>quod</span> <span class='ocrx_word' id='word_1_55' title='bbox 447 651 512 672; x_wconf 88' lang='lat' dir='ltr'>non</span> <span class='ocrx_word' id='word_1_56' title='bbox 537 642 643 673; x_wconf 86' lang='lat' dir='ltr'>aderit</span> <span class='ocrx_word' id='word_1_57' title='bbox 667 642 759 672; x_wconf 86' lang='lat' dir='ltr'>nobis</span> <span class='ocrx_word' id='word_1_58' title='bbox 773 642 842 680; x_wconf 81' lang='lat' dir='ltr'>glo-</span> 
     </span>
     <span class='ocr_line' id='line_1_10' title="bbox 140 687 841 725; baseline 0 -9"><span class='ocrx_word' id='word_1_59' title='bbox 140 687 208 725; x_wconf 86' lang='lat' dir='ltr'>ria,</span> <span class='ocrx_word' id='word_1_60' title='bbox 223 687 280 718; x_wconf 87' lang='lat' dir='ltr'>sed</span> <span class='ocrx_word' id='word_1_61' title='bbox 300 687 419 717; x_wconf 76' lang='lat' dir='ltr'>inerit?</span> <span class='ocrx_word' id='word_1_62' title='bbox 432 688 522 716; x_wconf 90' lang='lat' dir='ltr'>Nunc</span> <span class='ocrx_word' id='word_1_63' title='bbox 537 695 666 725; x_wconf 87' lang='lat' dir='ltr'>quoque</span> <span class='ocrx_word' id='word_1_64' title='bbox 690 687 724 716; x_wconf 90' lang='lat' dir='ltr'>in</span> <span class='ocrx_word' id='word_1_65' title='bbox 748 687 841 716; x_wconf 86' lang='lat' dir='ltr'>nobis</span> 
     </span>
     <span class='ocr_line' id='line_1_11' title="bbox 141 730 840 770; baseline -0.001 -9"><span class='ocrx_word' id='word_1_66' title='bbox 141 732 207 770; x_wconf 86' lang='lat' dir='ltr'>est,</span> <span class='ocrx_word' id='word_1_67' title='bbox 223 733 280 763; x_wconf 90' lang='lat' dir='ltr'>sed</span> <span class='ocrx_word' id='word_1_68' title='bbox 303 733 379 762; x_wconf 87' lang='lat' dir='ltr'>tunc</span> <span class='ocrx_word' id='word_1_69' title='bbox 402 731 615 762; x_wconf 83' lang='lat' dir='ltr'>revelabitur.</span> <span class='ocrx_word' id='word_1_70' title='bbox 632 732 724 761; x_wconf 85' lang='lat' dir='ltr'>Nunc</span> <span class='ocrx_word' id='word_1_71' title='bbox 751 730 840 760; x_wconf 90' lang='lat' dir='ltr'>enim</span> 
     </span>
     <span class='ocr_line' id='line_1_12' title="bbox 141 777 842 817; baseline 0.001 -11"><span class='ocrx_word' id='word_1_72' title='bbox 141 777 200 806; x_wconf 78' lang='lat' dir='ltr'>filii</span> <span class='ocrx_word' id='word_1_73' title='bbox 221 777 280 807; x_wconf 90' lang='lat' dir='ltr'>Dei</span> <span class='ocrx_word' id='word_1_74' title='bbox 303 786 431 816; x_wconf 85' lang='lat' dir='ltr'>sumus,</span> <span class='ocrx_word' id='word_1_75' title='bbox 447 777 504 808; x_wconf 90' lang='lat' dir='ltr'>sed</span> <span class='ocrx_word' id='word_1_76' title='bbox 524 777 668 807; x_wconf 89' lang='lat' dir='ltr'>nondum</span> <span class='ocrx_word' id='word_1_77' title='bbox 691 777 842 817; x_wconf 83' lang='lat' dir='ltr'>apparuit</span> 
     </span>
     <span class='ocr_line' id='line_1_13' title="bbox 140 822 368 860; baseline 0.004 -9"><span class='ocrx_word' id='word_1_78' title='bbox 140 822 220 860; x_wconf 88' lang='lat' dir='ltr'>quid</span> <span class='ocrx_word' id='word_1_79' title='bbox 234 822 368 852; x_wconf 77' lang='lat' dir='ltr'>erimus.</span> 
     </span>
    </p>

    <p class='ocr_par' dir='ltr' id='par_1_3' title="bbox 141 864 842 1131">
     <span class='ocr_line' id='line_1_14' title="bbox 181 864 842 906; baseline -0.002 -9"><span class='ocrx_word' id='word_1_80' title='bbox 181 868 211 897; x_wconf 84' lang='lat'>5.</span> <span class='ocrx_word' id='word_1_81' title='bbox 228 868 354 898; x_wconf 81' lang='lat' dir='ltr'>Fratres</span> <span class='ocrx_word' id='word_1_82' title='bbox 367 865 451 906; x_wconf 89' lang='lat' dir='ltr'>mei,</span> <span class='ocrx_word' id='word_1_83' title='bbox 467 866 494 897; x_wconf 87' lang='lat' dir='ltr'>si</span> <span class='ocrx_word' id='word_1_84' title='bbox 507 874 572 897; x_wconf 92' lang='lat' dir='ltr'>non</span> <span class='ocrx_word' id='word_1_85' title='bbox 583 864 766 905; x_wconf 80' lang='lat' dir='ltr'>accepimus</span> <span class='ocrx_word' id='word_1_86' title='bbox 778 864 842 905; x_wconf 90' lang='lat' dir='ltr'>spi-</span> 
     </span>
     <span class='ocr_line' id='line_1_15' title="bbox 141 911 840 951; baseline 0.001 -10"><span class='ocrx_word' id='word_1_87' title='bbox 141 911 241 942; x_wconf 86' lang='lat' dir='ltr'>ritum</span> <span class='ocrx_word' id='word_1_88' title='bbox 266 912 361 950; x_wconf 86' lang='lat' dir='ltr'>hujus</span> <span class='ocrx_word' id='word_1_89' title='bbox 383 913 512 951; x_wconf 89' lang='lat' dir='ltr'>mundi,</span> <span class='ocrx_word' id='word_1_90' title='bbox 529 913 585 942; x_wconf 90' lang='lat' dir='ltr'>sed</span> <span class='ocrx_word' id='word_1_91' title='bbox 613 913 761 951; x_wconf 85' lang='lat' dir='ltr'>spiritum</span> <span class='ocrx_word' id='word_1_92' title='bbox 784 912 840 950; x_wconf 89' lang='lat' dir='ltr'>qui</span> 
     </span>
     <span class='ocr_line' id='line_1_16' title="bbox 142 958 841 997; baseline 0.001 -10"><span class='ocrx_word' id='word_1_93' title='bbox 142 965 185 987; x_wconf 82' lang='lat' dir='ltr'>ex</span> <span class='ocrx_word' id='word_1_94' title='bbox 200 959 264 988; x_wconf 85' lang='lat' dir='ltr'>Deo</span> <span class='ocrx_word' id='word_1_95' title='bbox 281 959 346 997; x_wconf 78' lang='lat' dir='ltr'>est,</span> <span class='ocrx_word' id='word_1_96' title='bbox 363 958 500 988; x_wconf 87' lang='lat' dir='ltr'>sciamus</span> <span class='ocrx_word' id='word_1_97' title='bbox 515 966 585 996; x_wconf 86' lang='lat' dir='ltr'>quae</span> <span class='ocrx_word' id='word_1_98' title='bbox 601 966 620 987; x_wconf 89' lang='lat' dir='ltr'>a</span> <span class='ocrx_word' id='word_1_99' title='bbox 640 959 708 987; x_wconf 87' lang='lat' dir='ltr'>Deo</span> <span class='ocrx_word' id='word_1_100' title='bbox 723 958 841 988; x_wconf 85' lang='lat' dir='ltr'>donata</span> 
     </span>
     <span class='ocr_line' id='line_1_17' title="bbox 143 1002 840 1042; baseline 0.001 -10"><span class='ocrx_word' id='word_1_101' title='bbox 143 1004 219 1034; x_wconf 87' lang='lat' dir='ltr'>sunt</span> <span class='ocrx_word' id='word_1_102' title='bbox 238 1004 342 1034; x_wconf 90' lang='lat' dir='ltr'>nobis.</span> <span class='ocrx_word' id='word_1_103' title='bbox 370 1005 433 1041; x_wconf 75' lang='lat' dir='ltr'>Ego</span> <span class='ocrx_word' id='word_1_104' title='bbox 465 1002 553 1033; x_wconf 88' lang='lat' dir='ltr'>enim</span> <span class='ocrx_word' id='word_1_105' title='bbox 578 1003 668 1041; x_wconf 87' lang='lat' dir='ltr'>dico,</span> <span class='ocrx_word' id='word_1_106' title='bbox 689 1004 840 1042; x_wconf 86' lang='lat' dir='ltr'>quoniam</span> 
     </span>
     <span class='ocr_line' id='line_1_18' title="bbox 143 1048 841 1086; baseline 0.001 -9"><span class='ocrx_word' id='word_1_107' title='bbox 143 1049 262 1079; x_wconf 87' lang='lat' dir='ltr'>omnia.</span> <span class='ocrx_word' id='word_1_108' title='bbox 275 1051 313 1079; x_wconf 87' lang='lat' dir='ltr'>Et</span> <span class='ocrx_word' id='word_1_109' title='bbox 322 1049 348 1080; x_wconf 89' lang='lat' dir='ltr'>si</span> <span class='ocrx_word' id='word_1_110' title='bbox 359 1049 441 1078; x_wconf 88' lang='lat' dir='ltr'>mihi</span> <span class='ocrx_word' id='word_1_111' title='bbox 451 1057 516 1078; x_wconf 91' lang='lat' dir='ltr'>non</span> <span class='ocrx_word' id='word_1_112' title='bbox 526 1048 660 1078; x_wconf 88' lang='lat' dir='ltr'>creditis</span> <span class='ocrx_word' id='word_1_113' title='bbox 669 1070 678 1085; x_wconf 81' lang='lat'>,</span> <span class='ocrx_word' id='word_1_114' title='bbox 693 1049 841 1086; x_wconf 78' lang='lat' dir='ltr'>Apostolo</span> 
     </span>
     <span class='ocr_line' id='line_1_19' title="bbox 142 1093 842 1131; baseline 0.001 -11"><span class='ocrx_word' id='word_1_115' title='bbox 142 1093 275 1123; x_wconf 83' lang='lat' dir='ltr'>credite.</span> <span class='ocrx_word' id='word_1_116' title='bbox 295 1095 354 1131; x_wconf 79' lang='lat' dir='ltr'>Qui</span> <span class='ocrx_word' id='word_1_117' title='bbox 364 1095 508 1131; x_wconf 80' lang='lat' dir='ltr'>proprio,</span> <span class='ocrx_word' id='word_1_118' title='bbox 524 1093 587 1129; x_wconf 80' lang='lat' dir='ltr'>ait,</span> <span class='ocrx_word' id='word_1_119' title='bbox 604 1094 682 1122; x_wconf 78' lang='lat' dir='ltr'>Filio</span> <span class='ocrx_word' id='word_1_120' title='bbox 703 1101 767 1122; x_wconf 78' lang='lat' dir='ltr'>non</span> <span class='ocrx_word' id='word_1_121' title='bbox 788 1101 842 1130; x_wconf 82' lang='lat' dir='ltr'>pe·-</span> 
     </span>
    </p>
   </div>
   <div class='ocr_carea' id='block_1_3' title="bbox 871 324 1578 1130">
    <p class='ocr_par' dir='ltr' id='par_1_4' title="bbox 871 324 1578 1077">
     <span class='ocr_line' id='line_1_20' title="bbox 871 324 1573 363; baseline 0.004 -9"><span class='ocrx_word' id='word_1_122' title='bbox 871 326 1059 363; x_wconf 80' lang='lat' dir='ltr'>propositmn</span> <span class='ocrx_word' id='word_1_123' title='bbox 1073 324 1175 354; x_wconf 78' lang='lat' dir='ltr'>vocali</span> <span class='ocrx_word' id='word_1_124' title='bbox 1197 324 1269 354; x_wconf 76' lang='lat' dir='ltr'>sunt</span> <span class='ocrx_word' id='word_1_125' title='bbox 1280 325 1390 356; x_wconf 66' lang='lat' dir='ltr'>Sancti.</span> <span class='ocrx_word' id='word_1_126' title='bbox 1407 327 1573 357; x_wconf 82' lang='lat' dir='ltr'>Verumta-</span> 
     </span>
     <span class='ocr_line' id='line_1_21' title="bbox 872 368 1574 406; baseline 0.003 -7"><span class='ocrx_word' id='word_1_127' title='bbox 872 378 949 400; x_wconf 87' lang='lat' dir='ltr'>men</span> <span class='ocrx_word' id='word_1_128' title='bbox 976 370 1113 400; x_wconf 85' lang='lat' dir='ltr'>solerter</span> <span class='ocrx_word' id='word_1_129' title='bbox 1137 368 1268 399; x_wconf 80' lang='lat' dir='ltr'>attende</span> <span class='ocrx_word' id='word_1_130' title='bbox 1279 390 1288 406; x_wconf 94' lang='lat'>,</span> <span class='ocrx_word' id='word_1_131' title='bbox 1300 369 1385 406; x_wconf 90' lang='lat' dir='ltr'>quod</span> <span class='ocrx_word' id='word_1_132' title='bbox 1400 378 1462 400; x_wconf 85' lang='lat' dir='ltr'>non</span> <span class='ocrx_word' id='word_1_133' title='bbox 1479 373 1517 401; x_wconf 80' lang='lat' dir='ltr'>ad</span> <span class='ocrx_word' id='word_1_134' title='bbox 1533 374 1574 402; x_wconf 85' lang='lat' dir='ltr'>li-</span> 
     </span>
     <span class='ocr_line' id='line_1_22' title="bbox 871 414 1574 452; baseline 0.003 -7"><span class='ocrx_word' id='word_1_135' title='bbox 871 415 978 446; x_wconf 89' lang='lat' dir='ltr'>bitum</span> <span class='ocrx_word' id='word_1_136' title='bbox 1000 415 1170 452; x_wconf 84' lang='lat' dir='ltr'>famulari,</span> <span class='ocrx_word' id='word_1_137' title='bbox 1185 414 1241 444; x_wconf 89' lang='lat' dir='ltr'>sed</span> <span class='ocrx_word' id='word_1_138' title='bbox 1256 415 1422 451; x_wconf 87' lang='lat' dir='ltr'>cooperari</span> <span class='ocrx_word' id='word_1_139' title='bbox 1437 416 1517 446; x_wconf 87' lang='lat' dir='ltr'>dicit</span> <span class='ocrx_word' id='word_1_140' title='bbox 1533 418 1574 447; x_wconf 83' lang='lat' dir='ltr'>ad</span> 
     </span>
     <span class='ocr_line' id='line_1_23' title="bbox 872 459 1573 498; baseline 0 -7"><span class='ocrx_word' id='word_1_141' title='bbox 872 461 1004 491; x_wconf 90' lang='lat' dir='ltr'>bonum.</span> <span class='ocrx_word' id='word_1_142' title='bbox 1017 462 1128 498; x_wconf 88' lang='lat' dir='ltr'>Neque</span> <span class='ocrx_word' id='word_1_143' title='bbox 1138 460 1226 490; x_wconf 89' lang='lat' dir='ltr'>enim</span> <span class='ocrx_word' id='word_1_144' title='bbox 1238 459 1278 489; x_wconf 88' lang='lat' dir='ltr'>ad</span> <span class='ocrx_word' id='word_1_145' title='bbox 1289 459 1493 490; x_wconf 88' lang='lat' dir='ltr'>voluntatem</span> <span class='ocrx_word' id='word_1_146' title='bbox 1508 470 1573 491; x_wconf 86' lang='lat' dir='ltr'>ser-</span> 
     </span>
     <span class='ocr_line' id='line_1_24' title="bbox 872 505 1574 543; baseline -0.003 -7"><span class='ocrx_word' id='word_1_147' title='bbox 872 506 984 543; x_wconf 85' lang='lat' dir='ltr'>viunt,</span> <span class='ocrx_word' id='word_1_148' title='bbox 995 505 1053 536; x_wconf 88' lang='lat' dir='ltr'>sed</span> <span class='ocrx_word' id='word_1_149' title='bbox 1068 505 1297 535; x_wconf 68' lang='lat' dir='ltr'>mutilitatem</span> <span class='ocrx_word' id='word_1_150' title='bbox 1309 513 1318 533; x_wconf 89' lang='lat'>:</span> <span class='ocrx_word' id='word_1_151' title='bbox 1330 512 1395 534; x_wconf 91' lang='lat' dir='ltr'>non</span> <span class='ocrx_word' id='word_1_152' title='bbox 1409 505 1448 534; x_wconf 84' lang='lat' dir='ltr'>ad</span> <span class='ocrx_word' id='word_1_153' title='bbox 1459 506 1574 543; x_wconf 84' lang='lat' dir='ltr'>volup-</span> 
     </span>
     <span class='ocr_line' id='line_1_25' title="bbox 873 550 1572 589; baseline -0.003 -8"><span class='ocrx_word' id='word_1_154' title='bbox 873 551 990 589; x_wconf 72' lang='lat' dir='ltr'>tatem,</span> <span class='ocrx_word' id='word_1_155' title='bbox 1007 551 1065 581; x_wconf 91' lang='lat' dir='ltr'>sed</span> <span class='ocrx_word' id='word_1_156' title='bbox 1079 551 1120 581; x_wconf 87' lang='lat' dir='ltr'>ad</span> <span class='ocrx_word' id='word_1_157' title='bbox 1135 551 1291 586; x_wconf 76' lang='lat' dir='ltr'>salutemz,</span> <span class='ocrx_word' id='word_1_158' title='bbox 1306 556 1371 580; x_wconf 90' lang='lat' dir='ltr'>non</span> <span class='ocrx_word' id='word_1_159' title='bbox 1386 550 1426 579; x_wconf 90' lang='lat' dir='ltr'>ad</span> <span class='ocrx_word' id='word_1_160' title='bbox 1440 551 1551 580; x_wconf 86' lang='lat' dir='ltr'>votum</span> <span class='ocrx_word' id='word_1_161' title='bbox 1563 572 1572 588; x_wconf 84' lang='lat'>,</span> 
     </span>
     <span class='ocr_line' id='line_1_26' title="bbox 874 595 1576 633; baseline -0.003 -7"><span class='ocrx_word' id='word_1_162' title='bbox 874 596 931 626; x_wconf 89' lang='lat' dir='ltr'>sed</span> <span class='ocrx_word' id='word_1_163' title='bbox 942 596 981 626; x_wconf 88' lang='lat' dir='ltr'>ad</span> <span class='ocrx_word' id='word_1_164' title='bbox 993 596 1196 625; x_wconf 90' lang='lat' dir='ltr'>commodum</span> <span class='ocrx_word' id='word_1_165' title='bbox 1206 596 1363 625; x_wconf 86' lang='lat' dir='ltr'>nostrum.</span> <span class='ocrx_word' id='word_1_166' title='bbox 1377 595 1483 633; x_wconf 88' lang='lat' dir='ltr'>Usque</span> <span class='ocrx_word' id='word_1_167' title='bbox 1496 595 1576 625; x_wconf 86' lang='lat' dir='ltr'>adeo</span> 
     </span>
     <span class='ocr_line' id='line_1_27' title="bbox 872 639 1577 679; baseline -0.003 -9"><span class='ocrx_word' id='word_1_168' title='bbox 872 641 1032 679; x_wconf 85' lang='lat' dir='ltr'>siquidem</span> <span class='ocrx_word' id='word_1_169' title='bbox 1053 640 1088 669; x_wconf 91' lang='lat' dir='ltr'>in</span> <span class='ocrx_word' id='word_1_170' title='bbox 1111 640 1198 670; x_wconf 87' lang='lat' dir='ltr'>hunc</span> <span class='ocrx_word' id='word_1_171' title='bbox 1211 639 1345 669; x_wconf 89' lang='lat' dir='ltr'>modum</span> <span class='ocrx_word' id='word_1_172' title='bbox 1360 640 1467 669; x_wconf 86' lang='lat' dir='ltr'>omnia</span> <span class='ocrx_word' id='word_1_173' title='bbox 1482 639 1577 669; x_wconf 86' lang='lat' dir='ltr'>nobis</span> 
     </span>
     <span class='ocr_line' id='line_1_28' title="bbox 873 683 1576 722; baseline -0.003 -8"><span class='ocrx_word' id='word_1_174' title='bbox 873 684 1088 722; x_wconf 83' lang='lat' dir='ltr'>cooperantur</span> <span class='ocrx_word' id='word_1_175' title='bbox 1113 683 1149 713; x_wconf 89' lang='lat' dir='ltr'>in</span> <span class='ocrx_word' id='word_1_176' title='bbox 1173 684 1293 713; x_wconf 92' lang='lat' dir='ltr'>honum</span> <span class='ocrx_word' id='word_1_177' title='bbox 1304 704 1314 721; x_wconf 90' lang='lat'><strong>‚</strong></span> <span class='ocrx_word' id='word_1_178' title='bbox 1335 684 1372 713; x_wconf 89' lang='lat' dir='ltr'>ut</span> <span class='ocrx_word' id='word_1_179' title='bbox 1395 683 1481 713; x_wconf 85' lang='lat' dir='ltr'>inter</span> <span class='ocrx_word' id='word_1_180' title='bbox 1506 683 1576 713; x_wconf 80' lang='lat' dir='ltr'>haec</span> 
     </span>
     <span class='ocr_line' id='line_1_29' title="bbox 873 728 1577 767; baseline -0.003 -8"><span class='ocrx_word' id='word_1_181' title='bbox 873 730 980 759; x_wconf 86' lang='lat' dir='ltr'>omnia</span> <span class='ocrx_word' id='word_1_182' title='bbox 995 729 1094 759; x_wconf 84' lang='lat' dir='ltr'>etiam</span> <span class='ocrx_word' id='word_1_183' title='bbox 1110 737 1148 759; x_wconf 89' lang='lat' dir='ltr'>ea</span> <span class='ocrx_word' id='word_1_184' title='bbox 1162 737 1234 767; x_wconf 86' lang='lat' dir='ltr'>quae</span> <span class='ocrx_word' id='word_1_185' title='bbox 1257 728 1342 758; x_wconf 90' lang='lat' dir='ltr'>nihil</span> <span class='ocrx_word' id='word_1_186' title='bbox 1362 729 1437 758; x_wconf 89' lang='lat' dir='ltr'>sunt</span> <span class='ocrx_word' id='word_1_187' title='bbox 1461 736 1577 758; x_wconf 89' lang='lat' dir='ltr'>nume-</span> 
     </span>
     <span class='ocr_line' id='line_1_30' title="bbox 872 774 1574 813; baseline -0.003 -8"><span class='ocrx_word' id='word_1_188' title='bbox 872 776 995 813; x_wconf 86' lang='lat' dir='ltr'>rentur,</span> <span class='ocrx_word' id='word_1_189' title='bbox 1010 775 1157 805; x_wconf 86' lang='lat' dir='ltr'>molestia</span> <span class='ocrx_word' id='word_1_190' title='bbox 1169 796 1177 812; x_wconf 92' lang='lat'>,</span> <span class='ocrx_word' id='word_1_191' title='bbox 1192 774 1341 812; x_wconf 79' lang='lat' dir='ltr'>morbus,</span> <span class='ocrx_word' id='word_1_192' title='bbox 1351 775 1385 804; x_wconf 88' lang='lat' dir='ltr'>et</span> <span class='ocrx_word' id='word_1_193' title='bbox 1398 774 1466 812; x_wconf 88' lang='lat' dir='ltr'>ipsa</span> <span class='ocrx_word' id='word_1_194' title='bbox 1476 782 1574 811; x_wconf 86' lang='lat' dir='ltr'>mors,</span> 
     </span>
     <span class='ocr_line' id='line_1_31' title="bbox 873 820 1578 859; baseline -0.003 -9"><span class='ocrx_word' id='word_1_195' title='bbox 873 821 970 850; x_wconf 87' lang='lat' dir='ltr'>etiam</span> <span class='ocrx_word' id='word_1_196' title='bbox 993 821 1028 850; x_wconf 81' lang='lat' dir='ltr'>et</span> <span class='ocrx_word' id='word_1_197' title='bbox 1050 821 1238 859; x_wconf 67' lang='lat' dir='ltr'>peccatum</span> <span class='ocrx_word' id='word_1_198' title='bbox 1253 828 1325 858; x_wconf 83' lang='lat' dir='ltr'>quae</span> <span class='ocrx_word' id='word_1_199' title='bbox 1352 820 1485 858; x_wconf 88' lang='lat' dir='ltr'>quidem</span> <span class='ocrx_word' id='word_1_200' title='bbox 1500 827 1578 849; x_wconf 89' lang='lat' dir='ltr'>con-</span> 
     </span>
     <span class='ocr_line' id='line_1_32' title="bbox 873 865 1577 902; baseline -0.001 -7"><span class='ocrx_word' id='word_1_201' title='bbox 873 867 935 896; x_wconf 87' lang='lat' dir='ltr'>stat</span> <span class='ocrx_word' id='word_1_202' title='bbox 949 866 1080 896; x_wconf 87' lang='lat' dir='ltr'>naturas</span> <span class='ocrx_word' id='word_1_203' title='bbox 1098 874 1164 896; x_wconf 90' lang='lat' dir='ltr'>non</span> <span class='ocrx_word' id='word_1_204' title='bbox 1179 873 1268 902; x_wconf 84' lang='lat' dir='ltr'>esse,</span> <span class='ocrx_word' id='word_1_205' title='bbox 1283 865 1338 895; x_wconf 86' lang='lat' dir='ltr'>sed</span> <span class='ocrx_word' id='word_1_206' title='bbox 1359 866 1484 895; x_wconf 83' lang='lat' dir='ltr'>naturae</span> <span class='ocrx_word' id='word_1_207' title='bbox 1507 873 1577 895; x_wconf 89' lang='lat' dir='ltr'>cor-</span> 
     </span>
     <span class='ocr_line' id='line_1_33' title="bbox 874 911 1577 950; baseline 0.003 -10"><span class='ocrx_word' id='word_1_208' title='bbox 874 912 1049 949; x_wconf 85' lang='lat' dir='ltr'>ruptiones.</span> <span class='ocrx_word' id='word_1_209' title='bbox 1066 911 1114 941; x_wconf 85' lang='lat' dir='ltr'>An</span> <span class='ocrx_word' id='word_1_210' title='bbox 1128 919 1206 941; x_wconf 87' lang='lat' dir='ltr'>vero</span> <span class='ocrx_word' id='word_1_211' title='bbox 1221 911 1252 940; x_wconf 85' lang='lat' dir='ltr'>ei</span> <span class='ocrx_word' id='word_1_212' title='bbox 1273 912 1406 950; x_wconf 84' lang='lat' dir='ltr'>peccata</span> <span class='ocrx_word' id='word_1_213' title='bbox 1424 911 1493 950; x_wconf 90' lang='lat' dir='ltr'>ipsa</span> <span class='ocrx_word' id='word_1_214' title='bbox 1511 919 1577 942; x_wconf 82' lang='lat' dir='ltr'>non</span> 
     </span>
     <span class='ocr_line' id='line_1_34' title="bbox 873 956 1576 995; baseline 0 -9"><span class='ocrx_word' id='word_1_215' title='bbox 873 958 1085 994; x_wconf 75' lang='lat' dir='ltr'>cooperantur</span> <span class='ocrx_word' id='word_1_216' title='bbox 1106 956 1140 986; x_wconf 88' lang='lat' dir='ltr'>in</span> <span class='ocrx_word' id='word_1_217' title='bbox 1162 957 1300 995; x_wconf 87' lang='lat' dir='ltr'>bonum,</span> <span class='ocrx_word' id='word_1_218' title='bbox 1316 957 1373 995; x_wconf 91' lang='lat' dir='ltr'>qui</span> <span class='ocrx_word' id='word_1_219' title='bbox 1389 965 1431 987; x_wconf 85' lang='lat' dir='ltr'>ex</span> <span class='ocrx_word' id='word_1_220' title='bbox 1450 957 1498 987; x_wconf 91' lang='lat' dir='ltr'>eis</span> <span class='ocrx_word' id='word_1_221' title='bbox 1513 957 1576 986; x_wconf 91' lang='lat' dir='ltr'>hu-</span> 
     </span>
     <span class='ocr_line' id='line_1_35' title="bbox 873 1001 1578 1039; baseline 0 -8"><span class='ocrx_word' id='word_1_222' title='bbox 873 1002 998 1038; x_wconf 77' lang='lat' dir='ltr'>milior,</span> <span class='ocrx_word' id='word_1_223' title='bbox 1022 1002 1218 1039; x_wconf 81' lang='lat' dir='ltr'>ferventior,</span> <span class='ocrx_word' id='word_1_224' title='bbox 1241 1001 1429 1039; x_wconf 84' lang='lat' dir='ltr'>sollicitior,</span> <span class='ocrx_word' id='word_1_225' title='bbox 1444 1002 1578 1031; x_wconf 87' lang='lat' dir='ltr'>timora-</span> 
     </span>
     <span class='ocr_line' id='line_1_36' title="bbox 874 1047 1325 1077; baseline 0 -1"><span class='ocrx_word' id='word_1_226' title='bbox 874 1048 935 1077; x_wconf 86' lang='lat' dir='ltr'>tior</span> <span class='ocrx_word' id='word_1_227' title='bbox 951 1048 984 1077; x_wconf 84' lang='lat' dir='ltr'>et</span> <span class='ocrx_word' id='word_1_228' title='bbox 1000 1047 1124 1077; x_wconf 73' lang='lat' dir='ltr'>cautIOr</span> <span class='ocrx_word' id='word_1_229' title='bbox 1139 1047 1325 1077; x_wconf 76' lang='lat' dir='ltr'>invenitur?</span> 
     </span>
    </p>

    <p class='ocr_par' dir='ltr' id='par_1_5' title="bbox 913 1091 1575 1130">
     <span class='ocr_line' id='line_1_37' title="bbox 913 1091 1575 1130; baseline -0.002 -8"><span class='ocrx_word' id='word_1_230' title='bbox 913 1093 942 1122; x_wconf 91' lang='lat'>7.</span> <span class='ocrx_word' id='word_1_231' title='bbox 967 1094 1023 1122; x_wconf 79' lang='lat' dir='ltr'>11ae</span> <span class='ocrx_word' id='word_1_232' title='bbox 1045 1093 1119 1122; x_wconf 84' lang='lat' dir='ltr'>sunt</span> <span class='ocrx_word' id='word_1_233' title='bbox 1140 1100 1214 1129; x_wconf 81' lang='lat' dir='ltr'>ergo</span> <span class='ocrx_word' id='word_1_234' title='bbox 1240 1092 1396 1130; x_wconf 77' lang='lat' dir='ltr'>primitiae.</span> <span class='ocrx_word' id='word_1_235' title='bbox 1420 1091 1575 1130; x_wconf 89' lang='lat' dir='ltr'>spiritus,</span> 
     </span>
    </p>
   </div>
   <div class='ocr_carea' id='block_1_4' title="bbox 142 1136 1577 1180">
    <p class='ocr_par' dir='ltr' id='par_1_6' title="bbox 142 1136 1577 1180">
     <span class='ocr_line' id='line_1_38' title="bbox 142 1136 1577 1180; baseline 0 -14"><span class='ocrx_word' id='word_1_236' title='bbox 142 1139 254 1174; x_wconf 80' lang='lat' dir='ltr'>percit,</span> <span class='ocrx_word' id='word_1_237' title='bbox 270 1139 319 1168; x_wconf 81' lang='lat' dir='ltr'>sed</span> <span class='ocrx_word' id='word_1_238' title='bbox 333 1147 388 1176; x_wconf 86' lang='lat' dir='ltr'>pro</span> <span class='ocrx_word' id='word_1_239' title='bbox 412 1138 498 1168; x_wconf 75' lang='lat' dir='ltr'>nobis</span> <span class='ocrx_word' id='word_1_240' title='bbox 513 1137 652 1168; x_wconf 80' lang='lat' dir='ltr'>omnibus</span> <span class='ocrx_word' id='word_1_241' title='bbox 667 1138 793 1167; x_wconf 78' lang='lat' dir='ltr'>tradidit</span> <span class='ocrx_word' id='word_1_242' title='bbox 808 1138 842 1167; x_wconf 73' lang='lat' dir='ltr'>il-</span> <span class='ocrx_word' id='word_1_243' title='bbox 855 1159 859 1180; x_wconf 53' lang='lat'><em>¹</em></span> <span class='ocrx_word' id='word_1_244' title='bbox 874 1136 922 1165; x_wconf 85' lang='lat' dir='ltr'>hae</span> <span class='ocrx_word' id='word_1_245' title='bbox 943 1136 1098 1174; x_wconf 85' lang='lat' dir='ltr'>primitiae</span> <span class='ocrx_word' id='word_1_246' title='bbox 1121 1136 1233 1175; x_wconf 78' lang='lat' dir='ltr'>regni,</span> <span class='ocrx_word' id='word_1_247' title='bbox 1249 1137 1317 1166; x_wconf 81' lang='lat' dir='ltr'>haec</span> <span class='ocrx_word' id='word_1_248' title='bbox 1332 1136 1441 1174; x_wconf 82' lang='lat' dir='ltr'>gloriae</span> <span class='ocrx_word' id='word_1_249' title='bbox 1465 1137 1577 1174; x_wconf 83' lang='lat' dir='ltr'>praeli-</span> 
     </span>
    </p>
   </div>
   <div class='ocr_carea' id='block_1_5' title="bbox 130 1183 840 2706">
    <p class='ocr_par' dir='ltr' id='par_1_7' title="bbox 141 1183 840 1573">
     <span class='ocr_line' id='line_1_39' title="bbox 143 1183 840 1220; baseline 0.003 -10"><span class='ocrx_word' id='word_1_250' title='bbox 143 1183 207 1211; x_wconf 80' lang='lat' dir='ltr'>lum</span> <span class='ocrx_word' id='word_1_251' title='bbox 222 1192 232 1211; x_wconf 94' lang='lat'>.·</span> <span class='ocrx_word' id='word_1_252' title='bbox 247 1184 395 1220; x_wconf 72' lang='lat' dir='ltr'>qzcomoclo</span> <span class='ocrx_word' id='word_1_253' title='bbox 410 1191 472 1212; x_wconf 79' lang='lat' dir='ltr'>non</span> <span class='ocrx_word' id='word_1_254' title='bbox 483 1184 588 1212; x_wconf 71' lang='lat' dir='ltr'>omnia</span> <span class='ocrx_word' id='word_1_255' title='bbox 602 1184 693 1212; x_wconf 82' lang='lat' dir='ltr'>etiam</span> <span class='ocrx_word' id='word_1_256' title='bbox 707 1192 775 1212; x_wconf 82' lang='lat' dir='ltr'>cum</span> <span class='ocrx_word' id='word_1_257' title='bbox 790 1184 840 1212; x_wconf 83' lang='lat' dir='ltr'>illo</span> 
     </span>
     <span class='ocr_line' id='line_1_40' title="bbox 143 1226 840 1265; baseline 0.006 -12"><span class='ocrx_word' id='word_1_258' title='bbox 143 1226 229 1257; x_wconf 74' lang='lat' dir='ltr'>nobis</span> <span class='ocrx_word' id='word_1_259' title='bbox 242 1227 384 1257; x_wconf 72' lang='lat' dir='ltr'>donarit?</span> <span class='ocrx_word' id='word_1_260' title='bbox 396 1228 470 1257; x_wconf 86' lang='lat' dir='ltr'>Haec</span> <span class='ocrx_word' id='word_1_261' title='bbox 481 1235 599 1264; x_wconf 86' lang='lat' dir='ltr'>nempe</span> <span class='ocrx_word' id='word_1_262' title='bbox 610 1227 750 1265; x_wconf 83' lang='lat' dir='ltr'>potestas</span> <span class='ocrx_word' id='word_1_263' title='bbox 760 1227 840 1257; x_wconf 85' lang='lat' dir='ltr'>filio—</span> 
     </span>
     <span class='ocr_line' id='line_1_41' title="bbox 144 1271 840 1310; baseline 0.003 -10"><span class='ocrx_word' id='word_1_264' title='bbox 144 1280 215 1301; x_wconf 87' lang='lat' dir='ltr'>rum</span> <span class='ocrx_word' id='word_1_265' title='bbox 229 1272 308 1310; x_wconf 83' lang='lat' dir='ltr'>Dei,</span> <span class='ocrx_word' id='word_1_266' title='bbox 324 1279 421 1309; x_wconf 89' lang='lat' dir='ltr'>quam</span> <span class='ocrx_word' id='word_1_267' title='bbox 441 1272 531 1302; x_wconf 87' lang='lat' dir='ltr'>dedit</span> <span class='ocrx_word' id='word_1_268' title='bbox 555 1271 608 1302; x_wconf 92' lang='lat' dir='ltr'>his</span> <span class='ocrx_word' id='word_1_269' title='bbox 628 1272 685 1310; x_wconf 91' lang='lat' dir='ltr'>qui</span> <span class='ocrx_word' id='word_1_270' title='bbox 708 1279 840 1310; x_wconf 87' lang='lat' dir='ltr'>recepe-</span> 
     </span>
     <span class='ocr_line' id='line_1_42' title="bbox 144 1317 837 1355; baseline 0.001 -9"><span class='ocrx_word' id='word_1_271' title='bbox 144 1317 220 1346; x_wconf 86' lang='lat' dir='ltr'>runt</span> <span class='ocrx_word' id='word_1_272' title='bbox 236 1318 412 1347; x_wconf 83' lang='lat' dir='ltr'>eum.11aec</span> <span class='ocrx_word' id='word_1_273' title='bbox 434 1317 534 1354; x_wconf 83' lang='lat' dir='ltr'>gloria</span> <span class='ocrx_word' id='word_1_274' title='bbox 548 1317 702 1355; x_wconf 80' lang='lat' dir='ltr'>cuiusque</span> <span class='ocrx_word' id='word_1_275' title='bbox 718 1317 837 1355; x_wconf 85' lang='lat' dir='ltr'>fidelis,</span> 
     </span>
     <span class='ocr_line' id='line_1_43' title="bbox 142 1362 837 1413; baseline 0.003 -23"><span class='ocrx_word' id='word_1_276' title='bbox 142 1362 241 1399; x_wconf 81' lang='lat' dir='ltr'>gloria</span> <span class='ocrx_word' id='word_1_277' title='bbox 255 1362 347 1413; x_wconf 84' lang='lat' dir='ltr'>quasi</span> <span class='ocrx_word' id='word_1_278' title='bbox 373 1362 514 1400; x_wconf 84' lang='lat' dir='ltr'>adoptati</span> <span class='ocrx_word' id='word_1_279' title='bbox 529 1370 547 1391; x_wconf 89' lang='lat' dir='ltr'>a</span> <span class='ocrx_word' id='word_1_280' title='bbox 560 1363 653 1392; x_wconf 88' lang='lat' dir='ltr'>Patre</span> <span class='ocrx_word' id='word_1_281' title='bbox 664 1384 674 1400; x_wconf 89' lang='lat'>,</span> <span class='ocrx_word' id='word_1_282' title='bbox 689 1370 749 1400; x_wconf 89' lang='lat' dir='ltr'>per</span> <span class='ocrx_word' id='word_1_283' title='bbox 764 1371 837 1392; x_wconf 90' lang='lat' dir='ltr'>eum</span> 
     </span>
     <span class='ocr_line' id='line_1_44' title="bbox 143 1407 837 1459; baseline 0.001 -23"><span class='ocrx_word' id='word_1_284' title='bbox 143 1407 255 1459; x_wconf 81' lang='lat' dir='ltr'>utique</span> <span class='ocrx_word' id='word_1_285' title='bbox 279 1408 369 1445; x_wconf 83' lang='lat' dir='ltr'>cujus</span> <span class='ocrx_word' id='word_1_286' title='bbox 384 1408 517 1446; x_wconf 82' lang='lat' dir='ltr'>gloriam</span> <span class='ocrx_word' id='word_1_287' title='bbox 527 1407 670 1438; x_wconf 87' lang='lat' dir='ltr'>vidimus</span> <span class='ocrx_word' id='word_1_288' title='bbox 683 1408 837 1446; x_wconf 79' lang='lat' dir='ltr'>,gloriam</span> 
     </span>
     <span class='ocr_line' id='line_1_45' title="bbox 142 1453 837 1491; baseline 0.004 -10"><span class='ocrx_word' id='word_1_289' title='bbox 142 1453 232 1490; x_wconf 86' lang='lat' dir='ltr'>quasi</span> <span class='ocrx_word' id='word_1_290' title='bbox 246 1453 411 1491; x_wconf 78' lang='lat' dir='ltr'>Unigeniti</span> <span class='ocrx_word' id='word_1_291' title='bbox 435 1462 454 1483; x_wconf 86' lang='lat' dir='ltr'>a</span> <span class='ocrx_word' id='word_1_292' title='bbox 476 1454 581 1483; x_wconf 86' lang='lat' dir='ltr'>Patre.</span> <span class='ocrx_word' id='word_1_293' title='bbox 597 1453 680 1483; x_wconf 84' lang='lat' dir='ltr'>Audi</span> <span class='ocrx_word' id='word_1_294' title='bbox 698 1453 837 1491; x_wconf 86' lang='lat' dir='ltr'>denique</span> 
     </span>
     <span class='ocr_line' id='line_1_46' title="bbox 142 1497 836 1539; baseline 0.003 -14"><span class='ocrx_word' id='word_1_295' title='bbox 142 1497 346 1533; x_wconf 83' lang='lat' dir='ltr'>potestatem.</span> <span class='ocrx_word' id='word_1_296' title='bbox 373 1498 508 1536; x_wconf 77' lang='lat' dir='ltr'>Omnia,</span> <span class='ocrx_word' id='word_1_297' title='bbox 535 1497 658 1537; x_wconf 80' lang='lat' dir='ltr'>inquit,</span> <span class='ocrx_word' id='word_1_298' title='bbox 680 1498 836 1539; x_wconf 75' lang='lat' dir='ltr'>possibilia</span> 
     </span>
     <span class='ocr_line' id='line_1_47' title="bbox 141 1543 369 1573; baseline 0.004 -3"><span class='ocrx_word' id='word_1_299' title='bbox 141 1543 212 1571; x_wconf 80' lang='lat' dir='ltr'>sunt</span> <span class='ocrx_word' id='word_1_300' title='bbox 227 1544 369 1573; x_wconf 71' lang='lat' dir='ltr'>credenti.</span> 
     </span>
    </p>

    <p class='ocr_par' dir='ltr' id='par_1_8' title="bbox 130 1585 839 2706">
     <span class='ocr_line' id='line_1_48' title="bbox 184 1585 838 1626; baseline 0.002 -10"><span class='ocrx_word' id='word_1_301' title='bbox 184 1586 213 1616; x_wconf 87' lang='lat'>6.</span> <span class='ocrx_word' id='word_1_302' title='bbox 233 1587 295 1616; x_wconf 87' lang='lat' dir='ltr'>Sed</span> <span class='ocrx_word' id='word_1_303' title='bbox 320 1588 423 1617; x_wconf 89' lang='lat' dir='ltr'>adhuc</span> <span class='ocrx_word' id='word_1_304' title='bbox 438 1585 557 1625; x_wconf 87' lang='lat' dir='ltr'>multa,</span> <span class='ocrx_word' id='word_1_305' title='bbox 574 1586 720 1626; x_wconf 79' lang='lat' dir='ltr'>inquies,</span> <span class='ocrx_word' id='word_1_306' title='bbox 735 1587 838 1625; x_wconf 80' lang='lat' dir='ltr'>gravi-</span> 
     </span>
     <span class='ocr_line' id='line_1_49' title="bbox 141 1631 838 1670; baseline 0.003 -10"><span class='ocrx_word' id='word_1_307' title='bbox 141 1631 190 1660; x_wconf 88' lang='lat' dir='ltr'>ter</span> <span class='ocrx_word' id='word_1_308' title='bbox 206 1631 404 1670; x_wconf 76' lang='lat' dir='ltr'>inquietant,</span> <span class='ocrx_word' id='word_1_309' title='bbox 416 1633 516 1663; x_wconf 88' lang='lat' dir='ltr'>multa</span> <span class='ocrx_word' id='word_1_310' title='bbox 529 1632 711 1663; x_wconf 83' lang='lat' dir='ltr'>evidentius</span> <span class='ocrx_word' id='word_1_311' title='bbox 724 1633 838 1662; x_wconf 86' lang='lat' dir='ltr'>adver—</span> 
     </span>
     <span class='ocr_line' id='line_1_50' title="bbox 141 1677 838 1716; baseline 0.004 -11"><span class='ocrx_word' id='word_1_312' title='bbox 141 1677 262 1707; x_wconf 81' lang='lat' dir='ltr'>santur.</span> <span class='ocrx_word' id='word_1_313' title='bbox 278 1678 316 1707; x_wconf 87' lang='lat' dir='ltr'>Et</span> <span class='ocrx_word' id='word_1_314' title='bbox 342 1678 442 1707; x_wconf 91' lang='lat' dir='ltr'>miror</span> <span class='ocrx_word' id='word_1_315' title='bbox 461 1678 618 1716; x_wconf 89' lang='lat' dir='ltr'>quomodo</span> <span class='ocrx_word' id='word_1_316' title='bbox 638 1678 745 1708; x_wconf 88' lang='lat' dir='ltr'>omnia</span> <span class='ocrx_word' id='word_1_317' title='bbox 765 1678 838 1708; x_wconf 85' lang='lat' dir='ltr'>data</span> 
     </span>
     <span class='ocr_line' id='line_1_51' title="bbox 141 1723 839 1761; baseline 0.003 -11"><span class='ocrx_word' id='word_1_318' title='bbox 141 1729 317 1760; x_wconf 87' lang='lat' dir='ltr'>memores,</span> <span class='ocrx_word' id='word_1_319' title='bbox 332 1724 449 1761; x_wconf 84' lang='lat' dir='ltr'>quihus</span> <span class='ocrx_word' id='word_1_320' title='bbox 469 1723 537 1753; x_wconf 81' lang='lat' dir='ltr'>fere</span> <span class='ocrx_word' id='word_1_321' title='bbox 564 1724 654 1753; x_wconf 86' lang='lat' dir='ltr'>nulla</span> <span class='ocrx_word' id='word_1_322' title='bbox 679 1723 839 1753; x_wconf 82' lang='lat' dir='ltr'>famulan—</span> 
     </span>
     <span class='ocr_line' id='line_1_52' title="bbox 141 1767 839 1798; baseline 0.004 -4"><span class='ocrx_word' id='word_1_323' title='bbox 141 1767 194 1795; x_wconf 89' lang='lat' dir='ltr'>tur</span> <span class='ocrx_word' id='word_1_324' title='bbox 214 1768 255 1796; x_wconf 90' lang='lat' dir='ltr'>ad</span> <span class='ocrx_word' id='word_1_325' title='bbox 278 1769 401 1797; x_wconf 86' lang='lat' dir='ltr'>votum.</span> <span class='ocrx_word' id='word_1_326' title='bbox 418 1768 546 1798; x_wconf 81' lang='lat' dir='ltr'>Servire</span> <span class='ocrx_word' id='word_1_327' title='bbox 571 1769 665 1798; x_wconf 85' lang='lat' dir='ltr'>nobis</span> <span class='ocrx_word' id='word_1_328' title='bbox 687 1768 839 1798; x_wconf 87' lang='lat' dir='ltr'>videntur</span> 
     </span>
     <span class='ocr_line' id='line_1_53' title="bbox 142 1812 837 1848; baseline 0.004 -9"><span class='ocrx_word' id='word_1_329' title='bbox 142 1812 249 1848; x_wconf 88' lang='lat' dir='ltr'>aliqua</span> <span class='ocrx_word' id='word_1_330' title='bbox 258 1833 267 1848; x_wconf 94' lang='lat'>,</span> <span class='ocrx_word' id='word_1_331' title='bbox 284 1812 340 1840; x_wconf 85' lang='lat' dir='ltr'>sed</span> <span class='ocrx_word' id='word_1_332' title='bbox 354 1821 427 1841; x_wconf 90' lang='lat' dir='ltr'>cum</span> <span class='ocrx_word' id='word_1_333' title='bbox 441 1813 551 1842; x_wconf 88' lang='lat' dir='ltr'>labore</span> <span class='ocrx_word' id='word_1_334' title='bbox 563 1814 672 1842; x_wconf 87' lang='lat' dir='ltr'>nostro</span> <span class='ocrx_word' id='word_1_335' title='bbox 685 1822 692 1841; x_wconf 93' lang='lat'><strong>:</strong></span> <span class='ocrx_word' id='word_1_336' title='bbox 705 1821 764 1842; x_wconf 86' lang='lat' dir='ltr'>nec</span> <span class='ocrx_word' id='word_1_337' title='bbox 775 1814 837 1842; x_wconf 87' lang='lat' dir='ltr'>nisi</span> 
     </span>
     <span class='ocr_line' id='line_1_54' title="bbox 141 1855 836 1895; baseline 0.004 -12"><span class='ocrx_word' id='word_1_338' title='bbox 141 1855 229 1891; x_wconf 85' lang='lat' dir='ltr'>prius</span> <span class='ocrx_word' id='word_1_339' title='bbox 252 1857 459 1886; x_wconf 74' lang='lat' dir='ltr'>servierimus</span> <span class='ocrx_word' id='word_1_340' title='bbox 486 1857 543 1886; x_wconf 89' lang='lat' dir='ltr'>eis.</span> <span class='ocrx_word' id='word_1_341' title='bbox 572 1858 722 1887; x_wconf 85' lang='lat' dir='ltr'>Jumenta</span> <span class='ocrx_word' id='word_1_342' title='bbox 751 1857 836 1895; x_wconf 88' lang='lat' dir='ltr'>ipsa,</span> 
     </span>
     <span class='ocr_line' id='line_1_55' title="bbox 140 1899 837 1940; baseline 0.004 -12"><span class='ocrx_word' id='word_1_343' title='bbox 140 1900 202 1928; x_wconf 80' lang='lat' dir='ltr'>nisi</span> <span class='ocrx_word' id='word_1_344' title='bbox 231 1899 353 1930; x_wconf 78' lang='lat' dir='ltr'>fuerint</span> <span class='ocrx_word' id='word_1_345' title='bbox 376 1909 395 1929; x_wconf 89' lang='lat' dir='ltr'>a</span> <span class='ocrx_word' id='word_1_346' title='bbox 420 1901 512 1940; x_wconf 85' lang='lat' dir='ltr'>nobis</span> <span class='ocrx_word' id='word_1_347' title='bbox 540 1902 678 1939; x_wconf 78' lang='lat' dir='ltr'>nutrita,</span> <span class='ocrx_word' id='word_1_348' title='bbox 694 1902 757 1931; x_wconf 89' lang='lat' dir='ltr'>nisi</span> <span class='ocrx_word' id='word_1_349' title='bbox 784 1902 837 1931; x_wconf 87' lang='lat' dir='ltr'>do-</span> 
     </span>
     <span class='ocr_line' id='line_1_56' title="bbox 138 1942 835 1984; baseline 0.004 -12"><span class='ocrx_word' id='word_1_350' title='bbox 138 1942 235 1981; x_wconf 84' lang='lat' dir='ltr'>mita,</span> <span class='ocrx_word' id='word_1_351' title='bbox 261 1944 323 1973; x_wconf 88' lang='lat' dir='ltr'>nisi</span> <span class='ocrx_word' id='word_1_352' title='bbox 349 1943 472 1974; x_wconf 83' lang='lat' dir='ltr'>fuerint</span> <span class='ocrx_word' id='word_1_353' title='bbox 495 1945 612 1982; x_wconf 86' lang='lat' dir='ltr'>pabulo</span> <span class='ocrx_word' id='word_1_354' title='bbox 642 1946 835 1984; x_wconf 76' lang='lat' dir='ltr'>sustentata,</span> 
     </span>
     <span class='ocr_line' id='line_1_57' title="bbox 139 1988 836 2028; baseline 0.004 -11"><span class='ocrx_word' id='word_1_355' title='bbox 139 1995 201 2017; x_wconf 91' lang='lat' dir='ltr'>non</span> <span class='ocrx_word' id='word_1_356' title='bbox 217 1988 385 2025; x_wconf 85' lang='lat' dir='ltr'>adjuvant.</span> <span class='ocrx_word' id='word_1_357' title='bbox 400 1990 498 2019; x_wconf 85' lang='lat' dir='ltr'>Terra</span> <span class='ocrx_word' id='word_1_358' title='bbox 513 1989 599 2028; x_wconf 86' lang='lat' dir='ltr'>ipsa,</span> <span class='ocrx_word' id='word_1_359' title='bbox 624 1998 695 2028; x_wconf 83' lang='lat' dir='ltr'>quae</span> <span class='ocrx_word' id='word_1_360' title='bbox 715 1990 836 2020; x_wconf 86' lang='lat' dir='ltr'>debue-</span> 
     </span>
     <span class='ocr_line' id='line_1_58' title="bbox 138 2033 835 2073; baseline 0.004 -11"><span class='ocrx_word' id='word_1_361' title='bbox 138 2033 186 2062; x_wconf 85' lang='lat' dir='ltr'>rat</span> <span class='ocrx_word' id='word_1_362' title='bbox 201 2034 293 2063; x_wconf 83' lang='lat' dir='ltr'>nobis</span> <span class='ocrx_word' id='word_1_363' title='bbox 309 2042 378 2063; x_wconf 86' lang='lat' dir='ltr'>esse</span> <span class='ocrx_word' id='word_1_364' title='bbox 395 2035 594 2073; x_wconf 80' lang='lat' dir='ltr'>germanior,</span> <span class='ocrx_word' id='word_1_365' title='bbox 610 2043 674 2064; x_wconf 90' lang='lat' dir='ltr'>non</span> <span class='ocrx_word' id='word_1_366' title='bbox 696 2035 765 2065; x_wconf 89' lang='lat' dir='ltr'>sine</span> <span class='ocrx_word' id='word_1_367' title='bbox 782 2044 835 2065; x_wconf 89' lang='lat' dir='ltr'>su-</span> 
     </span>
     <span class='ocr_line' id='line_1_59' title="bbox 138 2078 835 2117; baseline 0.007 -11"><span class='ocrx_word' id='word_1_368' title='bbox 138 2078 213 2107; x_wconf 86' lang='lat' dir='ltr'>dore</span> <span class='ocrx_word' id='word_1_369' title='bbox 229 2079 337 2108; x_wconf 80' lang='lat' dir='ltr'>vultus</span> <span class='ocrx_word' id='word_1_370' title='bbox 359 2079 461 2109; x_wconf 87' lang='lat' dir='ltr'>nostri</span> <span class='ocrx_word' id='word_1_371' title='bbox 482 2088 599 2117; x_wconf 87' lang='lat' dir='ltr'>panem</span> <span class='ocrx_word' id='word_1_372' title='bbox 616 2080 710 2111; x_wconf 91' lang='lat' dir='ltr'>nobis</span> <span class='ocrx_word' id='word_1_373' title='bbox 725 2080 835 2111; x_wconf 88' lang='lat' dir='ltr'>minis-</span> 
     </span>
     <span class='ocr_line' id='line_1_60' title="bbox 139 2124 833 2165; baseline 0.006 -13"><span class='ocrx_word' id='word_1_374' title='bbox 139 2125 220 2153; x_wconf 83' lang='lat' dir='ltr'>trat:</span> <span class='ocrx_word' id='word_1_375' title='bbox 237 2124 335 2154; x_wconf 90' lang='lat' dir='ltr'>immo</span> <span class='ocrx_word' id='word_1_376' title='bbox 365 2125 397 2154; x_wconf 85' lang='lat' dir='ltr'>et</span> <span class='ocrx_word' id='word_1_377' title='bbox 425 2133 499 2154; x_wconf 88' lang='lat' dir='ltr'>cum</span> <span class='ocrx_word' id='word_1_378' title='bbox 525 2125 717 2156; x_wconf 88' lang='lat' dir='ltr'>coluerimus</span> <span class='ocrx_word' id='word_1_379' title='bbox 743 2135 833 2165; x_wconf 85' lang='lat' dir='ltr'>eam,</span> 
     </span>
     <span class='ocr_line' id='line_1_61' title="bbox 136 2169 833 2207; baseline 0.006 -10"><span class='ocrx_word' id='word_1_380' title='bbox 136 2169 242 2205; x_wconf 84' lang='lat' dir='ltr'>spinas</span> <span class='ocrx_word' id='word_1_381' title='bbox 264 2170 297 2199; x_wconf 91' lang='lat' dir='ltr'>et</span> <span class='ocrx_word' id='word_1_382' title='bbox 324 2169 459 2199; x_wconf 87' lang='lat' dir='ltr'>tribulos</span> <span class='ocrx_word' id='word_1_383' title='bbox 481 2170 640 2207; x_wconf 85' lang='lat' dir='ltr'>germinat</span> <span class='ocrx_word' id='word_1_384' title='bbox 666 2170 770 2201; x_wconf 85' lang='lat' dir='ltr'>nobis.</span> <span class='ocrx_word' id='word_1_385' title='bbox 796 2173 833 2201; x_wconf 85' lang='lat' dir='ltr'>Et</span> 
     </span>
     <span class='ocr_line' id='line_1_62' title="bbox 136 2214 834 2255; baseline 0.007 -13"><span class='ocrx_word' id='word_1_386' title='bbox 136 2214 249 2243; x_wconf 82' lang='lat' dir='ltr'>caetera</span> <span class='ocrx_word' id='word_1_387' title='bbox 280 2214 386 2244; x_wconf 87' lang='lat' dir='ltr'>omnia</span> <span class='ocrx_word' id='word_1_388' title='bbox 415 2214 552 2253; x_wconf 83' lang='lat' dir='ltr'>denique</span> <span class='ocrx_word' id='word_1_389' title='bbox 567 2237 577 2253; x_wconf 92' lang='lat'>,</span> <span class='ocrx_word' id='word_1_390' title='bbox 606 2215 633 2246; x_wconf 89' lang='lat' dir='ltr'>si</span> <span class='ocrx_word' id='word_1_391' title='bbox 660 2217 834 2255; x_wconf 80' lang='lat' dir='ltr'>diligenter</span> 
     </span>
     <span class='ocr_line' id='line_1_63' title="bbox 135 2259 833 2301; baseline 0.009 -14"><span class='ocrx_word' id='word_1_392' title='bbox 135 2259 392 2297; x_wconf 85' lang='lat' dir='ltr'>consideremus,</span> <span class='ocrx_word' id='word_1_393' title='bbox 408 2261 576 2291; x_wconf 81' lang='lat' dir='ltr'>servitium</span> <span class='ocrx_word' id='word_1_394' title='bbox 591 2269 609 2290; x_wconf 85' lang='lat' dir='ltr'>a</span> <span class='ocrx_word' id='word_1_395' title='bbox 623 2261 715 2293; x_wconf 89' lang='lat' dir='ltr'>nobis</span> <span class='ocrx_word' id='word_1_396' title='bbox 733 2263 833 2301; x_wconf 81' lang='lat' dir='ltr'>magis</span> 
     </span>
     <span class='ocr_line' id='line_1_64' title="bbox 136 2304 831 2343; baseline 0.007 -10"><span class='ocrx_word' id='word_1_397' title='bbox 136 2304 286 2342; x_wconf 85' lang='lat' dir='ltr'>exigunt,</span> <span class='ocrx_word' id='word_1_398' title='bbox 310 2312 407 2343; x_wconf 88' lang='lat' dir='ltr'>quam</span> <span class='ocrx_word' id='word_1_399' title='bbox 423 2306 581 2337; x_wconf 80' lang='lat' dir='ltr'>exhibent</span> <span class='ocrx_word' id='word_1_400' title='bbox 604 2307 696 2337; x_wconf 91' lang='lat' dir='ltr'>nobis</span> <span class='ocrx_word' id='word_1_401' title='bbox 712 2316 720 2337; x_wconf 91' lang='lat'><strong>:</strong></span> <span class='ocrx_word' id='word_1_402' title='bbox 737 2308 773 2338; x_wconf 89' lang='lat' dir='ltr'>ut</span> <span class='ocrx_word' id='word_1_403' title='bbox 795 2317 831 2338; x_wconf 86' lang='lat' dir='ltr'>ea</span> 
     </span>
     <span class='ocr_line' id='line_1_65' title="bbox 136 2349 830 2392; baseline 0.01 -15"><span class='ocrx_word' id='word_1_404' title='bbox 136 2349 266 2378; x_wconf 86' lang='lat' dir='ltr'>interim</span> <span class='ocrx_word' id='word_1_405' title='bbox 281 2351 392 2380; x_wconf 86' lang='lat' dir='ltr'>sileam</span> <span class='ocrx_word' id='word_1_406' title='bbox 405 2359 475 2388; x_wconf 78' lang='lat' dir='ltr'>quae</span> <span class='ocrx_word' id='word_1_407' title='bbox 490 2352 564 2382; x_wconf 85' lang='lat' dir='ltr'>sunt</span> <span class='ocrx_word' id='word_1_408' title='bbox 578 2353 688 2390; x_wconf 85' lang='lat' dir='ltr'>parata</span> <span class='ocrx_word' id='word_1_409' title='bbox 703 2362 830 2392; x_wconf 84' lang='lat' dir='ltr'>nocere,</span> 
     </span>
     <span class='ocr_line' id='line_1_66' title="bbox 136 2395 830 2436; baseline 0.01 -14"><span class='ocrx_word' id='word_1_410' title='bbox 136 2395 170 2423; x_wconf 84' lang='lat' dir='ltr'>ut</span> <span class='ocrx_word' id='word_1_411' title='bbox 192 2395 240 2423; x_wconf 85' lang='lat' dir='ltr'>est</span> <span class='ocrx_word' id='word_1_412' title='bbox 262 2395 344 2432; x_wconf 79' lang='lat' dir='ltr'>ignis</span> <span class='ocrx_word' id='word_1_413' title='bbox 372 2396 412 2425; x_wconf 85' lang='lat' dir='ltr'>ad</span> <span class='ocrx_word' id='word_1_414' title='bbox 439 2397 660 2436; x_wconf 88' lang='lat' dir='ltr'>exurendum,</span> <span class='ocrx_word' id='word_1_415' title='bbox 683 2406 764 2436; x_wconf 86' lang='lat' dir='ltr'>aqua</span> <span class='ocrx_word' id='word_1_416' title='bbox 792 2399 830 2429; x_wconf 87' lang='lat' dir='ltr'>ad</span> 
     </span>
     <span class='ocr_line' id='line_1_67' title="bbox 135 2438 829 2477; baseline 0.012 -11"><span class='ocrx_word' id='word_1_417' title='bbox 135 2438 428 2477; x_wconf 79' lang='lat' dir='ltr'>submergendum,</span> <span class='ocrx_word' id='word_1_418' title='bbox 445 2440 520 2471; x_wconf 76' lang='lat' dir='ltr'>ferae</span> <span class='ocrx_word' id='word_1_419' title='bbox 549 2443 589 2471; x_wconf 87' lang='lat' dir='ltr'>ad</span> <span class='ocrx_word' id='word_1_420' title='bbox 610 2443 829 2473; x_wconf 88' lang='lat' dir='ltr'>lacerandum.</span> 
     </span>
     <span class='ocr_line' id='line_1_68' title="bbox 135 2484 831 2521; baseline 0.011 -10"><span class='ocrx_word' id='word_1_421' title='bbox 135 2484 172 2512; x_wconf 83' lang='lat' dir='ltr'>Et</span> <span class='ocrx_word' id='word_1_422' title='bbox 187 2484 255 2513; x_wconf 81' lang='lat' dir='ltr'>baec</span> <span class='ocrx_word' id='word_1_423' title='bbox 271 2484 402 2521; x_wconf 88' lang='lat' dir='ltr'>quidem</span> <span class='ocrx_word' id='word_1_424' title='bbox 418 2485 463 2514; x_wconf 86' lang='lat' dir='ltr'>ita</span> <span class='ocrx_word' id='word_1_425' title='bbox 490 2494 524 2516; x_wconf 87' lang='lat' dir='ltr'>se</span> <span class='ocrx_word' id='word_1_426' title='bbox 552 2487 672 2518; x_wconf 81' lang='lat' dir='ltr'>liabent</span> <span class='ocrx_word' id='word_1_427' title='bbox 687 2497 696 2517; x_wconf 74' lang='lat' dir='ltr'>t</span> <span class='ocrx_word' id='word_1_428' title='bbox 713 2489 768 2519; x_wconf 91' lang='lat' dir='ltr'>sed</span> <span class='ocrx_word' id='word_1_429' title='bbox 783 2490 831 2519; x_wconf 83' lang='lat' dir='ltr'>ta-</span> 
     </span>
     <span class='ocr_line' id='line_1_69' title="bbox 135 2529 830 2569; baseline 0.01 -13"><span class='ocrx_word' id='word_1_430' title='bbox 135 2536 207 2557; x_wconf 88' lang='lat' dir='ltr'>men</span> <span class='ocrx_word' id='word_1_431' title='bbox 223 2537 286 2557; x_wconf 86' lang='lat' dir='ltr'>non</span> <span class='ocrx_word' id='word_1_432' title='bbox 303 2529 461 2559; x_wconf 84' lang='lat' dir='ltr'>mentitur</span> <span class='ocrx_word' id='word_1_433' title='bbox 474 2531 642 2569; x_wconf 84' lang='lat' dir='ltr'>Apostolus</span> <span class='ocrx_word' id='word_1_434' title='bbox 653 2533 752 2563; x_wconf 86' lang='lat' dir='ltr'>etiam</span> <span class='ocrx_word' id='word_1_435' title='bbox 767 2534 830 2564; x_wconf 91' lang='lat' dir='ltr'>alio</span> 
     </span>
     <span class='ocr_line' id='line_1_70' title="bbox 134 2574 829 2617; baseline 0.012 -16"><span class='ocrx_word' id='word_1_436' title='bbox 134 2574 202 2603; x_wconf 82' lang='lat' dir='ltr'>loeo</span> <span class='ocrx_word' id='word_1_437' title='bbox 227 2574 429 2605; x_wconf 79' lang='lat' dir='ltr'>manifestius</span> <span class='ocrx_word' id='word_1_438' title='bbox 453 2583 640 2607; x_wconf 80' lang='lat' dir='ltr'>asseverans</span> <span class='ocrx_word' id='word_1_439' title='bbox 663 2579 746 2608; x_wconf 90' lang='lat' dir='ltr'>scire</span> <span class='ocrx_word' id='word_1_440' title='bbox 775 2588 829 2617; x_wconf 85' lang='lat' dir='ltr'>se,</span> 
     </span>
     <span class='ocr_line' id='line_1_71' title="bbox 133 2621 829 2657; baseline 0.011 -10"><span class='ocrx_word' id='word_1_441' title='bbox 133 2622 284 2657; x_wconf 75' lang='lat' dir='ltr'>Quoniam</span> <span class='ocrx_word' id='word_1_442' title='bbox 309 2621 498 2655; x_wconf 64' lang='lat' dir='ltr'>diligentibus</span> <span class='ocrx_word' id='word_1_443' title='bbox 512 2624 611 2652; x_wconf 77' lang='lat' dir='ltr'>Deum</span> <span class='ocrx_word' id='word_1_444' title='bbox 626 2625 730 2654; x_wconf 81' lang='lat' dir='ltr'>omnia</span> <span class='ocrx_word' id='word_1_445' title='bbox 759 2634 829 2655; x_wconf 88' lang='lat' dir='ltr'>coo-</span> 
     </span>
     <span class='ocr_line' id='line_1_72' title="bbox 130 2665 825 2706; baseline 0.007 -12"><span class='ocrx_word' id='word_1_446' title='bbox 130 2672 278 2702; x_wconf 69' lang='lat' dir='ltr'>perantur</span> <span class='ocrx_word' id='word_1_447' title='bbox 301 2665 333 2694; x_wconf 76' lang='lat' dir='ltr'>in</span> <span class='ocrx_word' id='word_1_448' title='bbox 360 2666 472 2696; x_wconf 77' lang='lat' dir='ltr'>bonum</span> <span class='ocrx_word' id='word_1_449' title='bbox 497 2668 561 2704; x_wconf 61' lang='lat' dir='ltr'>his,</span> <span class='ocrx_word' id='word_1_450' title='bbox 591 2671 643 2706; x_wconf 72' lang='lat' dir='ltr'>qni</span> <span class='ocrx_word' id='word_1_451' title='bbox 666 2672 825 2699; x_wconf 75' lang='lat' dir='ltr'>secundum</span> 
     </span>
    </p>
   </div>
   <div class='ocr_carea' id='block_1_6' title="bbox 854 1184 859 1306">
    <p class='ocr_par' dir='ltr' id='par_1_9' title="bbox 854 1184 859 1306">
     <span class='ocr_line' id='line_1_73' title="bbox 854 1184 859 1306; baseline 0 1767"><span class='ocrx_word' id='word_1_452' title='bbox 854 1184 859 1306; x_wconf 95' lang='lat' dir='ltr'> </span> 
     </span>
    </p>
   </div>
   <div class='ocr_carea' id='block_1_7' title="bbox 854 1307 858 1394">
    <p class='ocr_par' dir='ltr' id='par_1_10' title="bbox 854 1307 858 1394">
     <span class='ocr_line' id='line_1_74' title="bbox 854 1307 858 1394; baseline 0 1679"><span class='ocrx_word' id='word_1_453' title='bbox 854 1307 858 1394; x_wconf 95' lang='lat' dir='ltr'> </span> 
     </span>
    </p>
   </div>
   <div class='ocr_carea' id='block_1_8' title="bbox 853 1410 857 1510">
    <p class='ocr_par' dir='ltr' id='par_1_11' title="bbox 853 1410 857 1510">
     <span class='ocr_line' id='line_1_75' title="bbox 853 1410 857 1510; baseline 0 1563"><span class='ocrx_word' id='word_1_454' title='bbox 853 1410 857 1510; x_wconf 95' lang='lat' dir='ltr'> </span> 
     </span>
    </p>
   </div>
   <div class='ocr_carea' id='block_1_9' title="bbox 852 1514 856 1615">
    <p class='ocr_par' dir='ltr' id='par_1_12' title="bbox 852 1514 856 1615">
     <span class='ocr_line' id='line_1_76' title="bbox 852 1514 856 1615; baseline 0 1458"><span class='ocrx_word' id='word_1_455' title='bbox 852 1514 856 1615; x_wconf 95' lang='lat' dir='ltr'> </span> 
     </span>
    </p>
   </div>
   <div class='ocr_carea' id='block_1_10' title="bbox 855 1181 1576 2712">
    <p class='ocr_par' dir='ltr' id='par_1_13' title="bbox 863 1181 1576 2712">
     <span class='ocr_line' id='line_1_77' title="bbox 873 1181 1576 1219; baseline 0.003 -10"><span class='ocrx_word' id='word_1_456' title='bbox 873 1181 959 1210; x_wconf 84' lang='lat' dir='ltr'>batio</span> <span class='ocrx_word' id='word_1_457' title='bbox 969 1202 978 1218; x_wconf 90' lang='lat'><strong>‚</strong></span> <span class='ocrx_word' id='word_1_458' title='bbox 994 1181 1054 1210; x_wconf 88' lang='lat' dir='ltr'>hoc</span> <span class='ocrx_word' id='word_1_459' title='bbox 1068 1181 1239 1219; x_wconf 83' lang='lat' dir='ltr'>potestatis</span> <span class='ocrx_word' id='word_1_460' title='bbox 1264 1181 1395 1211; x_wconf 87' lang='lat' dir='ltr'>initium</span> <span class='ocrx_word' id='word_1_461' title='bbox 1406 1203 1415 1214; x_wconf 82' lang='lat'>.</span> <span class='ocrx_word' id='word_1_462' title='bbox 1431 1182 1465 1211; x_wconf 85' lang='lat' dir='ltr'>et</span> <span class='ocrx_word' id='word_1_463' title='bbox 1480 1182 1576 1211; x_wconf 84' lang='lat' dir='ltr'>arrha</span> 
     </span>
     <span class='ocr_line' id='line_1_78' title="bbox 872 1226 1575 1264; baseline 0.003 -10"><span class='ocrx_word' id='word_1_464' title='bbox 872 1226 1017 1263; x_wconf 84' lang='lat' dir='ltr'>quaedam</span> <span class='ocrx_word' id='word_1_465' title='bbox 1032 1228 1176 1264; x_wconf 78' lang='lat' dir='ltr'>paternae</span> <span class='ocrx_word' id='word_1_466' title='bbox 1189 1227 1401 1256; x_wconf 63' lang='lat' dir='ltr'>haereditatis·</span> <span class='ocrx_word' id='word_1_467' title='bbox 1417 1227 1575 1257; x_wconf 81' lang='lat' dir='ltr'>Caeterum</span> 
     </span>
     <span class='ocr_line' id='line_1_79' title="bbox 873 1271 1576 1308; baseline 0.003 -10"><span class='ocrx_word' id='word_1_468' title='bbox 873 1278 945 1299; x_wconf 89' lang='lat' dir='ltr'>cum</span> <span class='ocrx_word' id='word_1_469' title='bbox 966 1271 1096 1300; x_wconf 78' lang='lat' dir='ltr'>venerit</span> <span class='ocrx_word' id='word_1_470' title='bbox 1116 1271 1201 1308; x_wconf 89' lang='lat' dir='ltr'>quod</span> <span class='ocrx_word' id='word_1_471' title='bbox 1216 1271 1398 1308; x_wconf 86' lang='lat' dir='ltr'>perfectum</span> <span class='ocrx_word' id='word_1_472' title='bbox 1415 1272 1481 1308; x_wconf 88' lang='lat' dir='ltr'>est,</span> <span class='ocrx_word' id='word_1_473' title='bbox 1498 1279 1576 1300; x_wconf 89' lang='lat' dir='ltr'>eva-</span> 
     </span>
     <span class='ocr_line' id='line_1_80' title="bbox 872 1315 1575 1353; baseline 0.001 -9"><span class='ocrx_word' id='word_1_474' title='bbox 872 1315 1022 1345; x_wconf 86' lang='lat' dir='ltr'>cuabitur</span> <span class='ocrx_word' id='word_1_475' title='bbox 1036 1316 1122 1353; x_wconf 89' lang='lat' dir='ltr'>quod</span> <span class='ocrx_word' id='word_1_476' title='bbox 1138 1324 1180 1345; x_wconf 86' lang='lat' dir='ltr'>ex</span> <span class='ocrx_word' id='word_1_477' title='bbox 1203 1315 1296 1353; x_wconf 86' lang='lat' dir='ltr'>parte</span> <span class='ocrx_word' id='word_1_478' title='bbox 1312 1317 1382 1353; x_wconf 86' lang='lat' dir='ltr'>est,</span> <span class='ocrx_word' id='word_1_479' title='bbox 1397 1317 1434 1345; x_wconf 85' lang='lat' dir='ltr'>ut</span> <span class='ocrx_word' id='word_1_480' title='bbox 1456 1315 1496 1345; x_wconf 90' lang='lat' dir='ltr'>ad</span> <span class='ocrx_word' id='word_1_481' title='bbox 1517 1325 1575 1346; x_wconf 90' lang='lat' dir='ltr'>vo-</span> 
     </span>
     <span class='ocr_line' id='line_1_81' title="bbox 871 1360 1575 1398; baseline 0 -9"><span class='ocrx_word' id='word_1_482' title='bbox 871 1360 939 1389; x_wconf 89' lang='lat' dir='ltr'>tum</span> <span class='ocrx_word' id='word_1_483' title='bbox 955 1360 1109 1398; x_wconf 88' lang='lat' dir='ltr'>deinceps</span> <span class='ocrx_word' id='word_1_484' title='bbox 1123 1361 1230 1390; x_wconf 89' lang='lat' dir='ltr'>omnia</span> <span class='ocrx_word' id='word_1_485' title='bbox 1244 1360 1473 1398; x_wconf 87' lang='lat' dir='ltr'>disponantur,</span> <span class='ocrx_word' id='word_1_486' title='bbox 1490 1361 1575 1398; x_wconf 77' lang='lat' dir='ltr'>quod</span> 
     </span>
     <span class='ocr_line' id='line_1_82' title="bbox 855 1395 1575 1443; baseline -0.001 -8.977"><span class='ocrx_word' id='word_1_487' title='bbox 855 1395 1087 1435; x_wconf 84' lang='lat' dir='ltr'>indissolubili</span> <span class='ocrx_word' id='word_1_488' title='bbox 1103 1406 1236 1435; x_wconf 82' lang='lat' dir='ltr'>vinculo</span> <span class='ocrx_word' id='word_1_489' title='bbox 1251 1406 1400 1443; x_wconf 85' lang='lat' dir='ltr'>copulata</span> <span class='ocrx_word' id='word_1_490' title='bbox 1415 1406 1477 1435; x_wconf 89' lang='lat' dir='ltr'>sibi</span> <span class='ocrx_word' id='word_1_491' title='bbox 1492 1405 1575 1435; x_wconf 70' lang='lat' dir='ltr'>utilt.</span> 
     </span>
     <span class='ocr_line' id='line_1_83' title="bbox 871 1451 1576 1489; baseline 0.001 -9"><span class='ocrx_word' id='word_1_492' title='bbox 871 1451 904 1480; x_wconf 90' lang='lat' dir='ltr'>et</span> <span class='ocrx_word' id='word_1_493' title='bbox 921 1451 1124 1489; x_wconf 85' lang='lat' dir='ltr'>jucundum,</span> <span class='ocrx_word' id='word_1_494' title='bbox 1146 1452 1288 1489; x_wconf 82' lang='lat' dir='ltr'>separari</span> <span class='ocrx_word' id='word_1_495' title='bbox 1304 1451 1388 1480; x_wconf 89' lang='lat' dir='ltr'>ultra</span> <span class='ocrx_word' id='word_1_496' title='bbox 1412 1459 1477 1480; x_wconf 91' lang='lat' dir='ltr'>non</span> <span class='ocrx_word' id='word_1_497' title='bbox 1499 1459 1576 1489; x_wconf 89' lang='lat' dir='ltr'>pos-</span> 
     </span>
     <span class='ocr_line' id='line_1_84' title="bbox 871 1496 1574 1535; baseline -0.001 -9"><span class='ocrx_word' id='word_1_498' title='bbox 871 1496 946 1526; x_wconf 89' lang='lat' dir='ltr'>sint.</span> <span class='ocrx_word' id='word_1_499' title='bbox 977 1498 1044 1526; x_wconf 87' lang='lat' dir='ltr'>Hoc</span> <span class='ocrx_word' id='word_1_500' title='bbox 1072 1505 1191 1535; x_wconf 89' lang='lat' dir='ltr'>nempe</span> <span class='ocrx_word' id='word_1_501' title='bbox 1218 1496 1281 1526; x_wconf 90' lang='lat' dir='ltr'>erit</span> <span class='ocrx_word' id='word_1_502' title='bbox 1305 1496 1387 1526; x_wconf 90' lang='lat' dir='ltr'>illud</span> <span class='ocrx_word' id='word_1_503' title='bbox 1416 1497 1574 1526; x_wconf 81' lang='lat' dir='ltr'>aeternum</span> 
     </span>
     <span class='ocr_line' id='line_1_85' title="bbox 870 1542 1575 1581; baseline 0.001 -10"><span class='ocrx_word' id='word_1_504' title='bbox 870 1542 977 1579; x_wconf 78' lang='lat' dir='ltr'>gloriae</span> <span class='ocrx_word' id='word_1_505' title='bbox 1001 1543 1144 1581; x_wconf 84' lang='lat' dir='ltr'>pondus,</span> <span class='ocrx_word' id='word_1_506' title='bbox 1160 1543 1200 1572; x_wconf 89' lang='lat' dir='ltr'>de</span> <span class='ocrx_word' id='word_1_507' title='bbox 1229 1550 1292 1580; x_wconf 87' lang='lat' dir='ltr'>quo</span> <span class='ocrx_word' id='word_1_508' title='bbox 1316 1542 1498 1572; x_wconf 82' lang='lat' dir='ltr'>identidem</span> <span class='ocrx_word' id='word_1_509' title='bbox 1528 1542 1575 1572; x_wconf 84' lang='lat' dir='ltr'>ait</span> 
     </span>
     <span class='ocr_line' id='line_1_86' title="bbox 870 1588 1575 1627; baseline 0.001 -10"><span class='ocrx_word' id='word_1_510' title='bbox 870 1589 1037 1625; x_wconf 82' lang='lat' dir='ltr'>Apostolus</span> <span class='ocrx_word' id='word_1_511' title='bbox 1053 1598 1061 1618; x_wconf 77' lang='lat' dir='ltr'><em>z</em></span> <span class='ocrx_word' id='word_1_512' title='bbox 1077 1591 1344 1624; x_wconf 77' lang='lat' dir='ltr'>Momentaneum,</span> <span class='ocrx_word' id='word_1_513' title='bbox 1370 1588 1494 1627; x_wconf 79' lang='lat' dir='ltr'>inquit,</span> <span class='ocrx_word' id='word_1_514' title='bbox 1518 1589 1575 1618; x_wconf 83' lang='lat' dir='ltr'>hoc</span> 
     </span>
     <span class='ocr_line' id='line_1_87' title="bbox 869 1635 1574 1673; baseline 0 -10"><span class='ocrx_word' id='word_1_515' title='bbox 869 1636 898 1663; x_wconf 84' lang='lat' dir='ltr'>et</span> <span class='ocrx_word' id='word_1_516' title='bbox 921 1635 979 1664; x_wconf 68' lang='lat' dir='ltr'>lece</span> <span class='ocrx_word' id='word_1_517' title='bbox 1003 1635 1212 1666; x_wconf 77' lang='lat' dir='ltr'>tribulationis</span> <span class='ocrx_word' id='word_1_518' title='bbox 1238 1637 1371 1671; x_wconf 65' lang='lat' dir='ltr'>nostrie,</span> <span class='ocrx_word' id='word_1_519' title='bbox 1387 1644 1483 1673; x_wconf 79' lang='lat' dir='ltr'>supra</span> <span class='ocrx_word' id='word_1_520' title='bbox 1505 1644 1574 1664; x_wconf 79' lang='lat' dir='ltr'>mo-</span> 
     </span>
     <span class='ocr_line' id='line_1_88' title="bbox 870 1680 1574 1719; baseline 0.003 -12"><span class='ocrx_word' id='word_1_521' title='bbox 870 1680 942 1709; x_wconf 81' lang='lat' dir='ltr'>dum</span> <span class='ocrx_word' id='word_1_522' title='bbox 956 1681 988 1710; x_wconf 81' lang='lat' dir='ltr'>in</span> <span class='ocrx_word' id='word_1_523' title='bbox 1002 1680 1188 1711; x_wconf 80' lang='lat' dir='ltr'>sublimitate</span> <span class='ocrx_word' id='word_1_524' title='bbox 1215 1683 1364 1711; x_wconf 80' lang='lat' dir='ltr'>aelcrnwm</span> <span class='ocrx_word' id='word_1_525' title='bbox 1380 1681 1484 1719; x_wconf 75' lang='lat' dir='ltr'>qloriae</span> <span class='ocrx_word' id='word_1_526' title='bbox 1497 1689 1574 1718; x_wconf 83' lang='lat' dir='ltr'>pon-</span> 
     </span>
     <span class='ocr_line' id='line_1_89' title="bbox 870 1726 1573 1764; baseline 0.001 -10"><span class='ocrx_word' id='word_1_527' title='bbox 870 1726 926 1755; x_wconf 81' lang='lat' dir='ltr'>dus</span> <span class='ocrx_word' id='word_1_528' title='bbox 953 1728 1098 1763; x_wconf 82' lang='lat' dir='ltr'>operatur</span> <span class='ocrx_word' id='word_1_529' title='bbox 1124 1728 1158 1755; x_wconf 80' lang='lat' dir='ltr'>in</span> <span class='ocrx_word' id='word_1_530' title='bbox 1185 1727 1284 1757; x_wconf 68' lang='lat' dir='ltr'>nobis.</span> <span class='ocrx_word' id='word_1_531' title='bbox 1308 1727 1340 1763; x_wconf 84' lang='grc' dir='ltr'>Ι,</span> <span class='ocrx_word' id='word_1_532' title='bbox 1369 1733 1468 1764; x_wconf 80' lang='lat' dir='ltr'>perge</span> <span class='ocrx_word' id='word_1_533' title='bbox 1497 1734 1573 1763; x_wconf 80' lang='lat' dir='ltr'>ergo</span> 
     </span>
     <span class='ocr_line' id='line_1_90' title="bbox 870 1771 1570 1809; baseline 0.003 -11"><span class='ocrx_word' id='word_1_534' title='bbox 870 1778 1093 1807; x_wconf 82' lang='lat' dir='ltr'>murmurare,</span> <span class='ocrx_word' id='word_1_535' title='bbox 1117 1772 1150 1800; x_wconf 87' lang='lat' dir='ltr'>et</span> <span class='ocrx_word' id='word_1_536' title='bbox 1173 1771 1283 1801; x_wconf 87' lang='lat' dir='ltr'>dicere</span> <span class='ocrx_word' id='word_1_537' title='bbox 1305 1779 1313 1799; x_wconf 75' lang='lat' dir='ltr'><em>z</em></span> <span class='ocrx_word' id='word_1_538' title='bbox 1335 1772 1479 1809; x_wconf 83' lang='lat' dir='ltr'>Longum</span> <span class='ocrx_word' id='word_1_539' title='bbox 1503 1772 1570 1807; x_wconf 88' lang='lat' dir='ltr'>est,</span> 
     </span>
     <span class='ocr_line' id='line_1_91' title="bbox 870 1816 1573 1853; baseline 0.003 -9"><span class='ocrx_word' id='word_1_540' title='bbox 870 1823 966 1852; x_wconf 82' lang='lat' dir='ltr'>grave</span> <span class='ocrx_word' id='word_1_541' title='bbox 982 1816 1048 1852; x_wconf 85' lang='lat' dir='ltr'>est,</span> <span class='ocrx_word' id='word_1_542' title='bbox 1062 1824 1130 1845; x_wconf 87' lang='lat' dir='ltr'>non</span> <span class='ocrx_word' id='word_1_543' title='bbox 1144 1824 1273 1853; x_wconf 89' lang='lat' dir='ltr'>possum</span> <span class='ocrx_word' id='word_1_544' title='bbox 1287 1816 1353 1845; x_wconf 88' lang='lat' dir='ltr'>tam</span> <span class='ocrx_word' id='word_1_545' title='bbox 1370 1816 1525 1845; x_wconf 87' lang='lat' dir='ltr'>immania</span> <span class='ocrx_word' id='word_1_546' title='bbox 1540 1819 1573 1846; x_wconf 73' lang='lat' dir='ltr'>et</span> 
     </span>
     <span class='ocr_line' id='line_1_92' title="bbox 870 1859 1574 1898; baseline 0.001 -10"><span class='ocrx_word' id='word_1_547' title='bbox 870 1861 935 1888; x_wconf 87' lang='lat' dir='ltr'>tam</span> <span class='ocrx_word' id='word_1_548' title='bbox 964 1859 1116 1889; x_wconf 87' lang='lat' dir='ltr'>diuturna</span> <span class='ocrx_word' id='word_1_549' title='bbox 1144 1860 1283 1897; x_wconf 85' lang='lat' dir='ltr'>portare.</span> <span class='ocrx_word' id='word_1_550' title='bbox 1307 1860 1476 1898; x_wconf 88' lang='lat' dir='ltr'>Apostolus</span> <span class='ocrx_word' id='word_1_551' title='bbox 1502 1869 1574 1889; x_wconf 87' lang='lat' dir='ltr'>mo-</span> 
     </span>
     <span class='ocr_line' id='line_1_93' title="bbox 870 1905 1573 1944; baseline 0.003 -11"><span class='ocrx_word' id='word_1_552' title='bbox 870 1906 1079 1935; x_wconf 87' lang='lat' dir='ltr'>mentaneum</span> <span class='ocrx_word' id='word_1_553' title='bbox 1095 1905 1130 1935; x_wconf 82' lang='lat' dir='ltr'>et</span> <span class='ocrx_word' id='word_1_554' title='bbox 1144 1906 1217 1935; x_wconf 86' lang='lat' dir='ltr'>leve</span> <span class='ocrx_word' id='word_1_555' title='bbox 1232 1906 1386 1944; x_wconf 88' lang='lat' dir='ltr'>perhibet</span> <span class='ocrx_word' id='word_1_556' title='bbox 1402 1914 1471 1935; x_wconf 87' lang='lat' dir='ltr'>esse</span> <span class='ocrx_word' id='word_1_557' title='bbox 1486 1907 1573 1944; x_wconf 79' lang='lat' dir='ltr'>quod</span> 
     </span>
     <span class='ocr_line' id='line_1_94' title="bbox 869 1950 1573 1989; baseline 0.003 -11"><span class='ocrx_word' id='word_1_558' title='bbox 869 1950 995 1979; x_wconf 85' lang='lat' dir='ltr'>tolerat.</span> <span class='ocrx_word' id='word_1_559' title='bbox 1011 1951 1050 1979; x_wconf 84' lang='lat' dir='ltr'>Et</span> <span class='ocrx_word' id='word_1_560' title='bbox 1064 1950 1151 1980; x_wconf 89' lang='lat' dir='ltr'>certe</span> <span class='ocrx_word' id='word_1_561' title='bbox 1165 1950 1305 1980; x_wconf 85' lang='lat' dir='ltr'>necdum</span> <span class='ocrx_word' id='word_1_562' title='bbox 1317 1958 1333 1979; x_wconf 85' lang='lat' dir='ltr'>a</span> <span class='ocrx_word' id='word_1_563' title='bbox 1347 1951 1467 1980; x_wconf 83' lang='lat' dir='ltr'>Judaeis</span> <span class='ocrx_word' id='word_1_564' title='bbox 1477 1951 1573 1989; x_wconf 87' lang='lat' dir='ltr'>quin-</span> 
     </span>
     <span class='ocr_line' id='line_1_95' title="bbox 868 1995 1569 2035; baseline 0.003 -11"><span class='ocrx_word' id='word_1_565' title='bbox 868 1995 959 2032; x_wconf 85' lang='lat' dir='ltr'>quies</span> <span class='ocrx_word' id='word_1_566' title='bbox 970 1995 1190 2034; x_wconf 79' lang='lat' dir='ltr'>quadragenas</span> <span class='ocrx_word' id='word_1_567' title='bbox 1202 2003 1266 2025; x_wconf 88' lang='lat' dir='ltr'>una</span> <span class='ocrx_word' id='word_1_568' title='bbox 1276 1998 1385 2026; x_wconf 89' lang='lat' dir='ltr'>minus</span> <span class='ocrx_word' id='word_1_569' title='bbox 1397 1996 1548 2035; x_wconf 83' lang='lat' dir='ltr'>accepisti</span> <span class='ocrx_word' id='word_1_570' title='bbox 1560 2006 1569 2033; x_wconf 92' lang='grc'>;</span> 
     </span>
     <span class='ocr_line' id='line_1_96' title="bbox 867 2040 1572 2079; baseline 0.001 -10"><span class='ocrx_word' id='word_1_571' title='bbox 867 2040 1006 2069; x_wconf 87' lang='lat' dir='ltr'>necdum</span> <span class='ocrx_word' id='word_1_572' title='bbox 1020 2041 1115 2071; x_wconf 87' lang='lat' dir='ltr'>nocte</span> <span class='ocrx_word' id='word_1_573' title='bbox 1131 2048 1168 2071; x_wconf 85' lang='lat' dir='ltr'>ac</span> <span class='ocrx_word' id='word_1_574' title='bbox 1183 2041 1235 2070; x_wconf 87' lang='lat' dir='ltr'>die</span> <span class='ocrx_word' id='word_1_575' title='bbox 1247 2041 1282 2071; x_wconf 90' lang='lat' dir='ltr'>in</span> <span class='ocrx_word' id='word_1_576' title='bbox 1301 2040 1461 2079; x_wconf 83' lang='lat' dir='ltr'>profundo</span> <span class='ocrx_word' id='word_1_577' title='bbox 1473 2042 1572 2071; x_wconf 82' lang='lat' dir='ltr'>maris</span> 
     </span>
     <span class='ocr_line' id='line_1_97' title="bbox 867 2084 1571 2126; baseline 0.003 -12"><span class='ocrx_word' id='word_1_578' title='bbox 867 2084 975 2123; x_wconf 83' lang='lat' dir='ltr'>suisti,</span> <span class='ocrx_word' id='word_1_579' title='bbox 990 2085 1129 2115; x_wconf 83' lang='lat' dir='ltr'>necdum</span> <span class='ocrx_word' id='word_1_580' title='bbox 1144 2087 1217 2124; x_wconf 87' lang='lat' dir='ltr'>plus</span> <span class='ocrx_word' id='word_1_581' title='bbox 1232 2087 1382 2117; x_wconf 88' lang='lat' dir='ltr'>omnihus</span> <span class='ocrx_word' id='word_1_582' title='bbox 1397 2087 1571 2126; x_wconf 85' lang='lat' dir='ltr'>laborasti,</span> 
     </span>
     <span class='ocr_line' id='line_1_98' title="bbox 866 2131 1570 2170; baseline 0.004 -11"><span class='ocrx_word' id='word_1_583' title='bbox 866 2131 1026 2167; x_wconf 87' lang='lat' dir='ltr'>postremo</span> <span class='ocrx_word' id='word_1_584' title='bbox 1051 2131 1192 2161; x_wconf 87' lang='lat' dir='ltr'>necdum</span> <span class='ocrx_word' id='word_1_585' title='bbox 1203 2139 1306 2169; x_wconf 89' lang='lat' dir='ltr'>usque</span> <span class='ocrx_word' id='word_1_586' title='bbox 1321 2131 1362 2161; x_wconf 89' lang='lat' dir='ltr'>ad</span> <span class='ocrx_word' id='word_1_587' title='bbox 1377 2132 1570 2170; x_wconf 81' lang='lat' dir='ltr'>sanguinem</span> 
     </span>
     <span class='ocr_line' id='line_1_99' title="bbox 866 2176 1571 2215; baseline 0.004 -10"><span class='ocrx_word' id='word_1_588' title='bbox 866 2176 1026 2207; x_wconf 84' lang='lat' dir='ltr'>restitisti.</span> <span class='ocrx_word' id='word_1_589' title='bbox 1039 2177 1122 2206; x_wconf 87' lang='lat' dir='ltr'>Vide</span> <span class='ocrx_word' id='word_1_590' title='bbox 1135 2185 1210 2215; x_wconf 81' lang='lat' dir='ltr'>ergo</span> <span class='ocrx_word' id='word_1_591' title='bbox 1221 2185 1318 2215; x_wconf 86' lang='lat' dir='ltr'>quam</span> <span class='ocrx_word' id='word_1_592' title='bbox 1330 2186 1394 2208; x_wconf 89' lang='lat' dir='ltr'>non</span> <span class='ocrx_word' id='word_1_593' title='bbox 1406 2178 1482 2208; x_wconf 86' lang='lat' dir='ltr'>sunt</span> <span class='ocrx_word' id='word_1_594' title='bbox 1493 2187 1571 2208; x_wconf 91' lang='lat' dir='ltr'>con-</span> 
     </span>
     <span class='ocr_line' id='line_1_100' title="bbox 865 2220 1570 2261; baseline 0.006 -12"><span class='ocrx_word' id='word_1_595' title='bbox 865 2220 971 2258; x_wconf 81' lang='lat' dir='ltr'>dignae</span> <span class='ocrx_word' id='word_1_596' title='bbox 998 2221 1039 2251; x_wconf 87' lang='lat' dir='ltr'>ad</span> <span class='ocrx_word' id='word_1_597' title='bbox 1061 2222 1195 2260; x_wconf 85' lang='lat' dir='ltr'>gloriam</span> <span class='ocrx_word' id='word_1_598' title='bbox 1210 2223 1386 2261; x_wconf 84' lang='lat' dir='ltr'>passiones.</span> <span class='ocrx_word' id='word_1_599' title='bbox 1403 2223 1494 2260; x_wconf 84' lang='lat' dir='ltr'>Quod</span> <span class='ocrx_word' id='word_1_600' title='bbox 1508 2224 1570 2253; x_wconf 86' lang='lat' dir='ltr'>tri-</span> 
     </span>
     <span class='ocr_line' id='line_1_101' title="bbox 866 2265 1569 2305; baseline 0.006 -10"><span class='ocrx_word' id='word_1_601' title='bbox 866 2265 1039 2297; x_wconf 85' lang='lat' dir='ltr'>bulationis</span> <span class='ocrx_word' id='word_1_602' title='bbox 1068 2268 1139 2305; x_wconf 85' lang='lat' dir='ltr'>est,</span> <span class='ocrx_word' id='word_1_603' title='bbox 1166 2268 1431 2299; x_wconf 87' lang='lat' dir='ltr'>momentaneum</span> <span class='ocrx_word' id='word_1_604' title='bbox 1459 2269 1509 2299; x_wconf 88' lang='lat' dir='ltr'>est</span> <span class='ocrx_word' id='word_1_605' title='bbox 1535 2271 1569 2299; x_wconf 82' lang='lat' dir='ltr'>et</span> 
     </span>
     <span class='ocr_line' id='line_1_102' title="bbox 865 2310 1569 2352; baseline 0.007 -12"><span class='ocrx_word' id='word_1_606' title='bbox 865 2310 938 2341; x_wconf 80' lang='lat' dir='ltr'>leve</span> <span class='ocrx_word' id='word_1_607' title='bbox 955 2321 963 2341; x_wconf 91' lang='lat'>:</span> <span class='ocrx_word' id='word_1_608' title='bbox 987 2312 1074 2350; x_wconf 92' lang='lat' dir='ltr'>quod</span> <span class='ocrx_word' id='word_1_609' title='bbox 1099 2313 1225 2352; x_wconf 81' lang='lat' dir='ltr'>gloriae,</span> <span class='ocrx_word' id='word_1_610' title='bbox 1252 2314 1410 2344; x_wconf 80' lang='lat' dir='ltr'>aeternum</span> <span class='ocrx_word' id='word_1_611' title='bbox 1438 2314 1504 2352; x_wconf 87' lang='lat' dir='ltr'>est,</span> <span class='ocrx_word' id='word_1_612' title='bbox 1535 2315 1569 2345; x_wconf 87' lang='lat' dir='ltr'>et</span> 
     </span>
     <span class='ocr_line' id='line_1_103' title="bbox 865 2356 1568 2396; baseline 0.006 -11"><span class='ocrx_word' id='word_1_613' title='bbox 865 2356 989 2393; x_wconf 87' lang='lat' dir='ltr'>pondus</span> <span class='ocrx_word' id='word_1_614' title='bbox 1004 2358 1102 2387; x_wconf 90' lang='lat' dir='ltr'>etiam</span> <span class='ocrx_word' id='word_1_615' title='bbox 1119 2366 1214 2396; x_wconf 89' lang='lat' dir='ltr'>supra</span> <span class='ocrx_word' id='word_1_616' title='bbox 1226 2359 1357 2389; x_wconf 89' lang='lat' dir='ltr'>modum</span> <span class='ocrx_word' id='word_1_617' title='bbox 1370 2360 1403 2389; x_wconf 87' lang='lat' dir='ltr'>in</span> <span class='ocrx_word' id='word_1_618' title='bbox 1419 2360 1568 2389; x_wconf 86' lang='lat' dir='ltr'>sublimi-</span> 
     </span>
     <span class='ocr_line' id='line_1_104' title="bbox 864 2402 1568 2440; baseline 0.007 -10"><span class='ocrx_word' id='word_1_619' title='bbox 864 2402 943 2431; x_wconf 82' lang='lat' dir='ltr'>tate.</span> <span class='ocrx_word' id='word_1_620' title='bbox 959 2402 1046 2440; x_wconf 80' lang='lat' dir='ltr'>Qum</span> <span class='ocrx_word' id='word_1_621' title='bbox 1061 2411 1100 2433; x_wconf 82' lang='lat' dir='ltr'>IN</span> <span class='ocrx_word' id='word_1_622' title='bbox 1114 2411 1295 2434; x_wconf 74' lang='lat' dir='ltr'><strong>INCERTUM</strong></span> <span class='ocrx_word' id='word_1_623' title='bbox 1312 2405 1372 2434; x_wconf 86' lang='lat' dir='ltr'>tibi</span> <span class='ocrx_word' id='word_1_624' title='bbox 1384 2405 1453 2435; x_wconf 88' lang='lat' dir='ltr'>dies</span> <span class='ocrx_word' id='word_1_625' title='bbox 1465 2405 1498 2435; x_wconf 88' lang='lat' dir='ltr'>et</span> <span class='ocrx_word' id='word_1_626' title='bbox 1512 2413 1568 2434; x_wconf 86' lang='lat' dir='ltr'>an-</span> 
     </span>
     <span class='ocr_line' id='line_1_105' title="bbox 864 2448 1566 2488; baseline 0.007 -12"><span class='ocrx_word' id='word_1_627' title='bbox 864 2454 921 2476; x_wconf 89' lang='lat' dir='ltr'>nos</span> <span class='ocrx_word' id='word_1_628' title='bbox 943 2448 1114 2478; x_wconf 74' lang='lat' dir='ltr'>numeras?</span> <span class='ocrx_word' id='word_1_629' title='bbox 1137 2450 1290 2479; x_wconf 61' lang='lat' dir='ltr'>Tamsrr</span> <span class='ocrx_word' id='word_1_630' title='bbox 1309 2457 1427 2488; x_wconf 79' lang='lat' dir='ltr'>HORA,</span> <span class='ocrx_word' id='word_1_631' title='bbox 1452 2450 1566 2481; x_wconf 87' lang='lat' dir='ltr'>transit</span> 
     </span>
     <span class='ocr_line' id='line_1_106' title="bbox 864 2492 1566 2534; baseline 0.004 -13"><span class='ocrx_word' id='word_1_632' title='bbox 864 2492 897 2521; x_wconf 92' lang='lat' dir='ltr'>et</span> <span class='ocrx_word' id='word_1_633' title='bbox 912 2501 1095 2530; x_wconf 77' lang='lat' dir='ltr'>poen33nec</span> <span class='ocrx_word' id='word_1_634' title='bbox 1111 2495 1269 2525; x_wconf 89' lang='lat' dir='ltr'>accedunt</span> <span class='ocrx_word' id='word_1_635' title='bbox 1283 2495 1345 2526; x_wconf 89' lang='lat' dir='ltr'>sibi</span> <span class='ocrx_word' id='word_1_636' title='bbox 1355 2518 1364 2534; x_wconf 85' lang='lat'>,</span> <span class='ocrx_word' id='word_1_637' title='bbox 1376 2496 1432 2526; x_wconf 91' lang='lat' dir='ltr'>sed</span> <span class='ocrx_word' id='word_1_638' title='bbox 1446 2495 1566 2525; x_wconf 86' lang='lat' dir='ltr'>cedunt</span> 
     </span>
     <span class='ocr_line' id='line_1_107' title="bbox 863 2538 1564 2578; baseline 0.003 -11"><span class='ocrx_word' id='word_1_639' title='bbox 863 2538 970 2574; x_wconf 89' lang='lat' dir='ltr'>potius</span> <span class='ocrx_word' id='word_1_640' title='bbox 985 2540 1018 2568; x_wconf 91' lang='lat' dir='ltr'>et</span> <span class='ocrx_word' id='word_1_641' title='bbox 1033 2540 1220 2570; x_wconf 86' lang='lat' dir='ltr'>succedunt.</span> <span class='ocrx_word' id='word_1_642' title='bbox 1230 2541 1298 2570; x_wconf 80' lang='lat' dir='ltr'>Non</span> <span class='ocrx_word' id='word_1_643' title='bbox 1309 2540 1354 2570; x_wconf 88' lang='lat' dir='ltr'>sic</span> <span class='ocrx_word' id='word_1_644' title='bbox 1369 2540 1467 2578; x_wconf 80' lang='lat' dir='ltr'>gloria</span> <span class='ocrx_word' id='word_1_645' title='bbox 1478 2562 1486 2577; x_wconf 83' lang='lat'>,</span> <span class='ocrx_word' id='word_1_646' title='bbox 1501 2549 1564 2569; x_wconf 85' lang='lat' dir='ltr'>non</span> 
     </span>
     <span class='ocr_line' id='line_1_108' title="bbox 863 2582 1564 2624; baseline 0.006 -13"><span class='ocrx_word' id='word_1_647' title='bbox 863 2582 909 2612; x_wconf 90' lang='lat' dir='ltr'>sic</span> <span class='ocrx_word' id='word_1_648' title='bbox 933 2585 1169 2624; x_wconf 81' lang='lat' dir='ltr'>remuneratio,</span> <span class='ocrx_word' id='word_1_649' title='bbox 1184 2594 1248 2615; x_wconf 91' lang='lat' dir='ltr'>non</span> <span class='ocrx_word' id='word_1_650' title='bbox 1277 2586 1323 2616; x_wconf 91' lang='lat' dir='ltr'>sic</span> <span class='ocrx_word' id='word_1_651' title='bbox 1347 2593 1470 2615; x_wconf 82' lang='lat' dir='ltr'>merces</span> <span class='ocrx_word' id='word_1_652' title='bbox 1494 2585 1564 2623; x_wconf 81' lang='lat' dir='ltr'>ipsa</span> 
     </span>
     <span class='ocr_line' id='line_1_109' title="bbox 863 2628 1563 2668; baseline 0.006 -11"><span class='ocrx_word' id='word_1_653' title='bbox 863 2628 992 2659; x_wconf 85' lang='lat' dir='ltr'>laboris.</span> <span class='ocrx_word' id='word_1_654' title='bbox 1021 2631 1130 2661; x_wconf 77' lang='lat' dir='ltr'>Nescit</span> <span class='ocrx_word' id='word_1_655' title='bbox 1156 2631 1412 2661; x_wconf 80' lang='lat' dir='ltr'>vicissitudinem</span> <span class='ocrx_word' id='word_1_656' title='bbox 1429 2653 1438 2668; x_wconf 94' lang='lat'>,</span> <span class='ocrx_word' id='word_1_657' title='bbox 1460 2633 1563 2662; x_wconf 86' lang='lat' dir='ltr'>nescit</span> 
     </span>
     <span class='ocr_line' id='line_1_110' title="bbox 863 2672 1562 2712; baseline 0.009 -12"><span class='ocrx_word' id='word_1_658' title='bbox 863 2672 960 2702; x_wconf 85' lang='lat' dir='ltr'>finem</span> <span class='ocrx_word' id='word_1_659' title='bbox 973 2696 982 2712; x_wconf 87' lang='lat'>,</span> <span class='ocrx_word' id='word_1_660' title='bbox 1004 2676 1114 2705; x_wconf 87' lang='lat' dir='ltr'>manet</span> <span class='ocrx_word' id='word_1_661' title='bbox 1130 2676 1196 2706; x_wconf 85' lang='lat' dir='ltr'>tota</span> <span class='ocrx_word' id='word_1_662' title='bbox 1219 2675 1332 2708; x_wconf 75' lang='lat' dir='ltr'>simul.</span> <span class='ocrx_word' id='word_1_663' title='bbox 1354 2676 1386 2705; x_wconf 82' lang='lat' dir='ltr'>et</span> <span class='ocrx_word' id='word_1_664' title='bbox 1406 2676 1513 2706; x_wconf 83' lang='lat' dir='ltr'>manet</span> <span class='ocrx_word' id='word_1_665' title='bbox 1528 2676 1562 2706; x_wconf 88' lang='lat' dir='ltr'>in</span> 
     </span>
    </p>
   </div>
  </div>
 </body>
</html>
