1846 3078
562 238 784 267 OFFICIUM
815 238 847 266 S.
878 238 1105 268 VICTORIS.
1485 249 1546 279 [455

163 294 194 325 5.
209 292 356 325 Proficiat
370 301 447 332 ergo
470 299 561 324 nunc
572 315 582 331 ,
602 293 740 323 Domine
751 314 760 331 ,
787 292 820 323 et
853 292 911 323 sed
923 293 1001 323 offer
1015 292 1098 323 mihi
1112 293 1305 336 portionem,
1321 307 1392 337 quoe
1402 309 1453 332 me
1470 311 1546 333 con-

123 340 159 371 in
174 340 329 370 extremis
343 339 443 376 meis,
465 339 611 378 plenaria
621 360 630 376 ,
645 339 746 369 immo
770 347 822 369 su·
852 338 971 377 tingit,
987 339 1023 369 in
1034 339 1215 370 subsidium
1229 341 1291 371 tuae
1305 344 1457 377 videlicet
1472 356 1547 385 pre-

122 386 249 425 perssua
276 385 472 422 satisfactio,
502 384 705 414 amarissima
735 393 822 415 mors
836 421 838 426 ·
852 384 944 414 tiosae
966 383 1145 422 passionis,
1165 392 1224 422 pro
1251 393 1314 422 qua
1336 389 1466 419 voluisti
1489 391 1547 421 ho-

121 433 178 461 tua
189 452 199 468 ‚
215 431 248 460 et
261 430 405 468 pretium
421 431 648 461 inaestimabile
669 430 732 460 fusi
752 439 823 460 san·
852 431 975 460 minem
990 430 1111 461 hahere
1126 429 1188 461 tibi
1203 429 1402 461 cohaeredem
1414 434 1448 463 in
1461 436 1547 466 terra

121 475 228 514 guinis
243 476 306 513 tui,
319 477 581 506 commemoratio
593 475 822 507 satisfactionis
855 475 1050 506 viventium.

122 523 186 552 tuae
198 543 208 560 ,
220 522 410 552 venerabile
425 523 617 560 mysterium
628 522 775 560 Corporis
790 522 823 551 et
891 519 923 550 Ιι.
937 521 981 550 Te
996 520 1114 558 igitur,
1126 519 1263 550 Domine
1273 541 1283 559 ,
1298 520 1428 550 moveat
1448 521 1480 550 et
1500 523 1550 553 in-

121 566 294 605 Sanguinis
310 568 378 605 tui,
393 567 479 605 quod
494 567 555 597 tibi
570 567 716 605 quotidie
729 567 823 597 offer·
838 605 839 609 Ἰ
853 566 955 597 clinet
969 566 1009 596 ad
1020 565 1277 596 misericordiam
1289 566 1439 596 humanae
1453 566 1552 605 fragi-

121 613 175 642 tur
189 613 224 642 in
239 612 381 642 Ecclesia
396 620 454 650 pro
468 612 574 642 salute
592 612 739 642 fidelium
754 621 823 643 ser·
837 639 839 646 ,
852 612 954 642 litatis
981 611 1214 650 consideratio,
1243 612 1299 650 qui
1314 611 1399 643 nosti
1421 620 1496 650 quae
1512 614 1553 643 sit

121 666 236 688 vorum
250 659 382 688 tuorum
404 666 412 687 ε
431 658 464 687 in
483 666 546 695 quo
562 666 597 687 es
618 659 656 688 tu
676 658 746 696 ipse
772 667 823 689 sa·
852 658 994 688 hominis
1015 658 1213 696 substantia,
1229 659 1262 688 et
1283 658 1369 696 quod
1388 666 1454 688 non
1468 666 1553 688 vane

121 703 234 733 cerdos
259 703 292 733 et
319 702 534 740 sacrificium3
564 702 623 732 ille
652 703 709 741 qui
729 703 819 733 offert
853 702 1059 733 constitueris
1070 702 1236 732 hominem
1251 711 1349 740 super
1363 703 1483 733 terram
1498 711 1506 732 z
1521 704 1554 733 et

119 748 244 787 pariter
259 749 292 778 et
313 748 366 778 cui
391 748 542 787 offertur,
568 749 602 778 et
628 747 690 778 hoc
715 748 820 787 ipsum
853 755 1007 778 conserva
1021 755 1073 778 me
1095 755 1176 786 opus
1191 748 1255 777 tuae
1276 748 1428 786 pietatis,
1447 756 1489 778 ne
1504 748 1554 778 in-

120 793 207 832 quod
222 794 373 832 offertur3
386 793 426 823 ad
437 793 685 833 promerendam
698 793 731 823 in
744 802 822 831 prae·
836 796 839 799 '
853 802 978 824 cassum
993 793 1079 823 circa
1102 793 1211 830 ipsum
1233 793 1433 824 laboraveris
1444 815 1453 832 ,
1467 801 1553 823 neve

121 839 205 869 senti
221 839 360 877 gratiam
373 860 382 877 ,
406 847 502 878 quam
522 847 588 869 non
607 847 756 877 mereor3
783 840 822 869 ad
852 839 1052 870 infructuosa
1060 838 1208 869 sitinme
1220 838 1421 869 immaculati
1431 839 1555 869 cruoris

120 883 329 914 obtinendam
342 884 376 914 in
391 884 536 915 futurum
552 884 701 924 requiem
713 885 745 915 et
757 886 822 924 glo·
836 874 838 885 ¹
852 885 902 917 tui
917 884 1040 915 effusio.
1056 885 1104 914 Tu
1117 884 1174 923 qui
1186 893 1220 914 cs
1235 884 1493 923 purificationem
1508 884 1555 914 fa-

119 929 202 959 riam
213 952 222 968 ,
238 939 336 969 quam
362 931 418 961 tua
436 931 639 961 amarissima
659 939 745 962 mors
758 931 821 962 im·
836 914 839 976 ἕ
852 932 942 962 ciens
953 931 1177 970 peccatorum,
1192 931 1325 969 praesta,
1342 931 1378 960 ut
1394 930 1554 961 emunda-

119 976 274 1013 petravit.
292 976 521 1015 Imperfectum
541 985 669 1014 meum,
685 977 821 1008 Domine
836 1002 839 1030 Ι
852 978 896 1009 tis
909 986 967 1016 per
979 979 1013 1008 te
1036 978 1245 1016 peccatorum
1269 976 1437 1013 sordibus,
1459 976 1552 1006 illus-

119 1022 213 1060 Jesu,
229 1023 315 1052 oculi
330 1023 380 1052 tui
405 1023 559 1054 viderunt
574 1031 583 1053 t
607 1023 665 1053 sed
689 1023 726 1053 tu
745 1023 800 1062 pie
812 1045 820 1061 ‚
836 1025 1000 1081 'irataque
1024 1023 1144 1053 mentis
1176 1022 1260 1052 facie
1284 1030 1473 1060 cognoscam
1500 1022 1552 1060 te,

119 1068 303 1098 misericors
318 1069 350 1098 et
362 1069 555 1107 praestabilis
571 1077 668 1107 super
681 1069 820 1107 malitia,
836 1069 950 1107 2teque
978 1076 1153 1107 agnoscens
1179 1068 1214 1097 in
1230 1067 1408 1098 ditectione
1430 1066 1554 1105 Jugiter

118 1121 161 1143 ne
184 1122 290 1151 quaeso
319 1114 459 1152 imputes
487 1114 570 1144 mihi
595 1114 636 1144 ad
663 1115 820 1145 aeternum
836 1109 839 1136 Γ
853 1114 893 1143 ad
901 1115 934 1144 te
948 1114 1098 1152 tendam,
1113 1114 1150 1144 ut
1160 1112 1247 1143 felici
1263 1112 1394 1143 tandem
1405 1112 1500 1142 exitu
1512 1111 1553 1141 ad

118 1158 314 1196 supplicium
325 1180 334 1196 ,
350 1159 406 1197 qui
421 1159 530 1188 omnia
546 1159 586 1189 ad
599 1167 763 1190 summum
788 1161 821 1190 et
852 1161 885 1190 te
896 1168 1024 1190 merear
1034 1159 1207 1198 pervenire
1217 1180 1226 1196 ,
1239 1159 1317 1189 Jesu
1328 1157 1454 1188 Christe
1464 1158 1552 1187 Deus

118 1203 301 1241 perfectum
325 1205 445 1235 bonum
467 1205 609 1244 optime,
638 1206 672 1236 et
694 1205 822 1244 perfec·
852 1214 944 1235 meus
960 1206 992 1235 et
1006 1204 1162 1235 Dominus
1174 1211 1265 1233 meus
1276 1224 1285 1241 ‚
1301 1203 1357 1242 qui
1369 1211 1442 1233 cum
1457 1203 1552 1232 Patre

118 1249 261 1289 tissime,
278 1251 310 1280 et
326 1251 563 1289 sapientissime
575 1251 816 1290 praeordinasti3
854 1251 887 1282 et
901 1251 1024 1290 Spiritu
1039 1250 1150 1280 saneto
1164 1248 1267 1287 vivis,
1283 1250 1347 1278 etc.

120 1296 151 1324 et
162 1303 204 1325 ne
216 1295 386 1334 permittas
394 1304 447 1326 me
459 1296 563 1327 deleri
579 1296 618 1327 de
631 1297 713 1327 libro
725 1298 817 1334 vitae3

263 1463 546 1503 OFFICIUM
573 1463 652 1503 DE
682 1462 728 1501 S.
759 1462 1009 1503 VICTORE
1043 1461 1403 1502 CONFESSORE

116 1571 140 1595 A
155 1570 286 1596 SANCTO
301 1572 491 1597 BERNARDO
501 1572 662 1604 ‚ROGATU
677 1572 839 1596 GUIDONIS
856 1571 1000 1596 ABBATIS
1014 1570 1300 1603 ARREMARENSIS,
1311 1570 1548 1595 COMPOSITUM.

290 1706 347 1738 AD
368 1706 394 1737 1.
421 1706 631 1737 VESPERAS.
852 1705 1033 1744 triumphos
1049 1714 1057 1735 :
1072 1706 1119 1736 Da
1133 1704 1227 1736 nobis
1242 1705 1280 1735 ut
1297 1703 1381 1735 sicut
1394 1703 1461 1735 tuis
1479 1702 1548 1733 ani-

852 1760 976 1781 mamur
988 1751 1150 1789 victoriis,
1163 1750 1348 1781 muniamur
1363 1749 1397 1779 et
1411 1748 1519 1779 armis.

889 1805 924 1826 v.
938 1798 980 1827 ct
1000 1797 1159 1835 possimus
1174 1796 1324 1827 resistere
1340 1795 1374 1826 in
1396 1794 1448 1824 die
1463 1795 1548 1824 malo

155 1837 301 1868 wei-mx
330 1836 438 1867 anima
449 1858 459 1875 ,
486 1846 558 1876 quae
590 1838 675 1869 sicut
705 1845 816 1876 passer
851 1842 933 1874 etin
947 1843 1097 1873 omnibus
1107 1842 1246 1882 perfecti
1261 1842 1358 1873 stare.
1379 1841 1426 1870 Da
1441 1840 1545 1871 nobis⁴

114 1883 327 1920 transvolans,
334 1883 466 1922 laqueos
474 1884 663 1914 venantium
672 1884 816 1922 evasisti3

115 1928 155 1958 da
168 1929 205 1958 ut
219 1928 274 1958 tuo
288 1927 327 1958 ab
339 1928 390 1958 his
398 1928 577 1966 patrocinio
587 1937 753 1959 eruamur.

154 1975 179 2005 0
193 1975 288 2005 miles
313 1974 469 2013 emerite,
495 1974 551 2013 qui
579 1974 724 2005 debitam
743 1974 815 2013 post

115 2020 279 2051 certamen
294 2020 441 2058 requiem
451 2019 624 2058 accepisti,
637 2019 763 2058 respice
778 2020 814 2049 in

113 2073 171 2095 nos
183 2088 191 2104 ‚
208 2066 265 2104 qui
293 2066 326 2096 et
348 2065 436 2095 inter
455 2065 592 2096 hostiles
607 2064 732 2103 gladios
748 2065 812 2097 tuis

112 2111 262 2141 laudibus
283 2119 490 2149 occupamur.

255 1774 428 1807 Antiphonae
447 1782 531 1807 super
551 1776 679 1801 Psalmos

1108 1918 1264 1943 HYMNUS.

878 1977 944 2001 Vita
957 1976 1080 2001 Victoris
1091 1976 1199 2000 meritis
1208 1975 1345 2007 praeclara
1354 1993 1362 2005 ‚

851 2013 999 2037 Hominem
1011 2012 1096 2036 terris
1108 2012 1158 2042 qui
1171 2018 1227 2035 non
1239 2012 1272 2035 sit
1285 2011 1319 2035 de
1330 2013 1422 2041 terra,

852 2049 935 2073 Velut
947 2056 961 2073 e
973 2049 1040 2072 coelo
1055 2048 1154 2071 datum
1167 2049 1345 2078 repraesentat

968 2084 1013 2108 Ad
1024 2083 1207 2108 imitandum.

877 2119 1005 2145 Christus
1016 2119 1047 2142 in
1060 2119 1108 2142 illo
1120 2119 1204 2147 vixit,
1216 2119 1243 2142 et
1254 2123 1311 2141 non
1326 2117 1397 2148 ipse,

153 2157 177 2187 O
189 2157 299 2187 Victor
308 2157 326 2186 J
330 2165 387 2187 esu
394 2179 404 2195 ‚
413 2164 511 2195 quem
525 2156 559 2187 in
568 2157 675 2187 nostro
683 2157 812 2188 Victore
848 2151 1380 2219 ἓξὲξἓέεὲξρξιὲἔὲῗῗδὲῑξυωῗᾱο
1389 2168 1397 2181 ,

111 2204 230 2234 *icisse
244 2203 483 2242 cognoscimus,
496 2202 537 2233 da
552 2204 584 2233 ei
596 2203 642 2234 sic
662 2203 724 2234 sibi
737 2204 812 2234 inte
968 2225 1078 2249 similes
1094 2229 1235 2255 quaerens.

112 2249 261 2288 gloriari,
281 2250 320 2280 ut
341 2256 407 2279 non
421 2248 538 2280 subeat
556 2248 680 2280 oblivio
697 2250 810 2280 nostri.
876 2260 994 2291 Anqujd
1006 2266 1121 2291 quoque
1132 2257 1412 2289 sanctiusprofessus.

847 2295 955 2320 Exstitit
966 2294 1066 2319 Victor
1076 2295 1170 2319 forma
1180 2294 1344 2324 sanctitatis,

847 2333 999 2363 Integrum
1012 2337 1123 2355 servans
1136 2333 1219 2361 atque
1229 2329 1431 2360 incorruptum
1440 2345 1448 2358 ‚

966 2368 1058 2391 Decus
1073 2367 1191 2391 honesti.

877 2400 959 2426 Unde
970 2404 997 2425 et
1009 2401 1082 2424 vidit
1096 2401 1212 2425 visiones
1222 2399 1289 2429 Dei,

213 2460 219 2465 .
259 2460 266 2466 .
353 2459 361 2465 .
512 2459 518 2465 .
553 2459 559 2465 .
674 2460 680 2466 .
828 2437 830 2440 ’
847 2436 927 2461 Vidit
937 2440 965 2461 et
977 2437 1055 2462 coelos
1068 2437 1173 2468 aperiri
1185 2437 1245 2460 sibi.

111 2461 161 2490 QSt
170 2482 179 2499 3
195 2459 337 2490 Slmllem
351 2460 446 2490 Illum
457 2459 537 2491 feclt
550 2467 586 2490 ln
601 2460 703 2499 gloria
719 2469 813 2492 sanc*
826 2466 829 2483 ⁴
845 2474 952 2505 Nempe
961 2473 1077 2504 puffi005
1090 2473 1156 2496 visio
1169 2471 1289 2496 coelgssssn

111 2508 230 2536 {Orum-
969 2508 1083 2539 Quaerit
1095 2509 1224 2538 aspectus.

156 2559 192 2582 R,
236 2551 382 2582 mlix-um,
407 2550 432 2581 Ο
446 2559 523 2581 vel-0
543 2550 655 2582 Victor
735 2551 745 2581 j
770 2560 812 2582 ex
877 2545 976 2570 Gloria
984 2552 1105 2570 summae
1117 2543 1251 2569 Trinitati
1263 2543 1336 2572 Deo,

212 2561 235 2591 P
661 2573 671 2589 ³
690 2560 733 2590 qu
847 2581 945 2606 Gloria
956 2581 1033 2605 trina
1043 2588 1101 2605 una
1111 2585 1294 2611 personarum
1304 2595 1311 2607 ‚

111 2605 175 2636 quo
202 2597 335 2636 vixisti,
362 2597 470 2627 vicisti
503 2596 543 2627 ab
581 2598 674 2628 utero
708 2605 811 2636 usque
851 2617 1135 2647 rotacujusquenon
1149 2615 1352 2643 divisamum,

112 2643 152 2673 ad
178 2643 338 2674 tumulum
359 2666 365 2679 ,
399 2643 566 2673 continuos
595 2643 809 2681 promerendo
968 2652 1126 2677 Tresenim
1141 2656 1241 2674 unum.

373 2313 549 2343 Capitulum.

152 2369 319 2399 Dm-:c'rus
333 2375 351 2398 a
362 2368 430 2399 Deo
446 2369 479 2399 et
490 2368 676 2400 hominibus
684 2369 813 2400 sanctus

111 2414 236 2451 Victor,
250 2413 341 2451 cuius
355 2413 512 2443 memoria
525 2414 560 2443 in
579 2414 812 2446 benedictione
