1846 3078
255 232 317 262 510

256 287 445 326 spirituale,
458 285 586 326 prodire
598 285 738 316 dixerim
753 285 792 315 de
808 285 888 315 cella
904 283 952 313 vi-

255 333 367 372 naria,
382 341 456 363 cum
469 333 536 362 sint
550 332 583 362 et
598 332 670 361 aliae
685 339 785 369 penes
801 335 951 367 sponsum

256 379 347 409 cellae
358 378 411 409 vel
420 378 586 416 apothecae
597 399 607 415 ,
615 377 742 407 diversa
755 376 787 404 in
797 382 830 403 se
842 380 953 402 recon-

255 424 324 455 dita
344 424 501 454 hahentes
522 423 603 453 dona
624 422 720 459 atque
742 418 950 454 charismata,

255 471 434 501 secundum
450 469 579 499 divitias
593 467 700 505 gloriae
713 465 783 502 ejus
799 473 807 493 :
825 464 864 493 de
879 463 952 501 qui-

253 517 316 548 hus
331 517 421 547 cellis
431 514 565 545 memini
580 521 632 543 me
645 511 722 541 alibi
735 510 832 540 latius
844 509 953 547 dispu-

253 563 352 593 tasse.
366 563 475 592 Nomze
489 560 552 589 Iiaec
572 558 692 588 condita
716 557 806 592 sunt,
828 555 952 594 inquit,

255 609 338 647 apud
360 617 407 638 me
417 629 426 645 ‚
441 608 469 636 et
492 606 613 643 siqnata
636 604 668 632 in
691 602 839 632 thesauris
860 601 953 631 meis?

254 654 334 691 Ergo
349 660 407 691 pro
422 649 609 681 diversitate
628 647 783 677 cellarum
793 668 803 684 ,
819 646 953 676 divisio-

253 707 313 730 nes
327 698 500 737 gratiarum
511 695 602 731 sunt,
618 694 651 723 et
662 692 839 731 unicuique
851 692 954 721 mani-

253 745 388 775 festatur
398 741 537 781 Spiritus
545 739 586 769 ad
594 739 782 769 utilitatem.
796 738 833 768 Et
843 746 953 776 quam-

253 799 350 829 quam
369 789 424 819 alii
443 785 575 825 quidem
593 786 687 816 detur
705 793 810 815 sermo
825 784 953 822 sapien-

254 836 309 867 tiae
317 858 327 873 ,
338 835 392 865 alii
406 834 513 863 autem
522 839 627 861 sermo
636 831 781 861 scientiae
790 852 799 868 ‚
809 830 866 860 alii
875 838 953 860 vero

252 879 424 919 prophetia
435 899 445 915 ‚
461 877 517 907 alii
537 877 640 916 gratia
658 877 860 906 curationum
871 897 881 913 ‚
896 875 953 905 alii

253 933 371 964 genera
380 924 563 961 linguarum
572 944 581 960 ,
591 922 646 952 alii
657 920 882 959 interpretatio
889 929 955 951 ser-

714 233 743 259 S.
774 232 888 260 BERN
899 231 956 258 AR
969 231 1017 257 Dl
1043 230 1233 259 ABBATis

986 283 1017 312 et
1025 283 1225 321 perniciosus
1236 284 1329 316 vaide
1338 284 1488 317 sentitur.
1499 282 1569 324 Quo
1579 284 1682 325 igitur

986 329 1072 359 zelus
1083 329 1249 368 fervidior,
1259 339 1295 361 36
1302 332 1527 363 vehementior
1534 333 1680 371 spiritus,

985 373 1210 412 profusiorque
1242 376 1358 406 caritas
1373 385 1382 415 3
1417 385 1455 407 eo
1483 377 1682 415 vigilantiori

985 427 1063 456 opus
1075 420 1208 450 scientia
1223 422 1282 458 est,
1294 430 1364 459 quae
1376 423 1481 452 zelum
1492 422 1683 461 supprimat,

985 464 1133 502 spiritum
1148 467 1309 504 temperet
1323 489 1333 504 ,
1349 467 1478 498 ordinet
1497 468 1679 498 caritatem.

984 510 1119 540 Proinde
1135 519 1210 541 sane
1226 520 1267 542 ne
1282 513 1445 551 tamquam
1458 513 1559 543 nimia
1574 514 1607 543 et
1619 513 1682 542 im-

983 556 1153 594 portabilis
1167 565 1225 595 pro
1245 557 1370 596 impetu
1387 558 1537 597 spiritus,
1552 567 1650 597 quem
1663 567 1683 589 e

985 602 1066 632 cella
1087 603 1220 633 videtur
1241 604 1365 633 vinaria
1387 604 1584 643 reportasse,
1598 613 1684 642 prae-

984 647 1096 677 sertim
1111 648 1151 678 ab
1166 649 1416 679 adolescentulis
1437 657 1551 687 sponsa
1566 649 1683 679 timea-

984 694 1055 731 tur3
1067 694 1178 732 jungit
1195 695 1281 733 quod
1299 694 1503 725 discretionis
1519 694 1568 724 est
1582 693 1682 724 etiam

984 747 1017 769 se
1032 740 1154 778 pariter
1165 741 1328 779 accepisse
1338 762 1347 778 ,
1362 739 1396 770 id
1409 740 1458 770 est
1469 739 1616 770 ordinem
1627 746 1683 770 63-

984 785 1100 816 1113115.
1116 786 1300 817 DISCRETIO
1315 786 1436 825 quippe
1458 785 1546 816 omni
1567 784 1684 815 virtuti

983 831 1129 862 ordinem
1150 833 1242 872 ponit
1254 854 1263 870 ,
1280 833 1357 863 ordo
1372 832 1503 862 modum
1518 831 1634 862 tribuit
1650 831 1682 861 et

968 893 969 901 1
983 876 1154 915 decorem,
1176 879 1274 908 etiam
1291 879 1324 908 et
1338 877 1604 917 perpetuitatem.
1618 878 1682 907 De-

984 921 1083 960 nique
1108 923 1154 953 ait
1176 932 1185 953 t
1207 924 1405 954 Ordinatione
1432 924 1488 953 tua
1513 924 1683 960 persei-erat

253 977 386 999 monum
398 989 408 1005 ,
424 968 552 1005 aliaque
568 966 642 996 aliis
659 966 711 996 his
728 965 849 996 similla
864 973 873 994 t
889 973 953 994 non
968 992 970 1007 Ι
984 968 1063 1004 dies,
1079 968 1165 997 diem
1179 967 1335 998 virtutem
1350 968 1527 1006 appellans.
1540 967 1592 996 Est
1607 975 1682 1005 ergo

252 1017 364 1045 tamen
385 1014 458 1053 quis
480 1013 597 1043 horum
617 1020 674 1051 pro
695 1009 884 1048 hujusmodi
903 1010 954 1039 di-
968 1011 970 1047 ξ
984 1013 1135 1043 discretio
1143 1022 1207 1043 non
1215 1015 1281 1043 tam
1294 1014 1416 1050 virtus,
1428 1020 1524 1051 quam
1535 1012 1682 1050 quaedam

254 1069 328 1091 cere
341 1059 481 1099 poterit,
493 1058 580 1097 quod
592 1057 796 1087 introductus
808 1055 908 1086 fuerit
920 1055 954 1084 in
983 1058 1183 1089 moderatrix
1195 1060 1227 1089 et
1242 1058 1351 1097 auriga
1367 1058 1524 1089 virtutum
1534 1079 1543 1095 ,
1555 1056 1684 1086 ordina.

253 1107 369 1136 cellam
384 1104 553 1135 vinariam.
570 1104 618 1133 Ex
633 1102 706 1132 aliis
724 1101 846 1141 quippe
862 1101 955 1132 cellis
969 1126 971 1139 :
984 1104 1115 1142 trixque
1131 1105 1304 1134 affectuum
1315 1127 1324 1142 ,
1341 1104 1376 1135 et
1393 1111 1519 1133 morum
1543 1101 1681 1132 doctrix.

252 1153 321 1183 sive
338 1151 498 1181 thesauris
512 1150 573 1180 ista
589 1148 771 1179 sumuntur.

293 1196 324 1226 [ι.
342 1196 406 1226 Sed
419 1195 446 1225 si
461 1195 534 1233 quis
549 1194 668 1224 orando
684 1192 829 1222 obtineat
844 1191 954 1222 mente

254 1243 414 1273 excedere
427 1241 507 1271 inid
521 1240 625 1271 divini
637 1239 766 1275 arcani,
782 1238 868 1268 unde
880 1246 954 1268 mox

983 1150 1073 1179 Tolle
1089 1150 1190 1188 11336,
1206 1151 1239 1179 61
1254 1150 1360 1181 virtus
1372 1149 1491 1179 vitium
1504 1148 1584 1186 6111,
1599 1148 1684 1185 ipsa-

985 1203 1048 1232 que
1060 1195 1186 1225 affectio
1196 1195 1354 1225 naturalis
1363 1195 1398 1224 in
1406 1192 1683 1232 perturbationem

984 1242 1087 1280 magis
1118 1242 1328 1272 convertetur
1342 1263 1352 1279 ‚
1388 1238 1684 1275 exterminiumque

252 1289 367 1320 redeat
391 1287 502 1318 divino
528 1294 638 1317 amore
665 1284 954 1316 vehementissime
969 1283 970 1312 ἶ
985 1289 1119 1318 naturae.
1135 1287 1293 1318 Orciinavit
1311 1288 1344 1317 in
1358 1295 1406 1316 me
1420 1285 1591 1315 caritatem.
1606 1283 1685 1312 Fac-

253 1334 408 1372 ssagrans,
421 1334 463 1362 -61
477 1332 616 1362 aestuans
628 1330 763 1368 justitiae
775 1330 861 1367 zelo,
877 1316 1055 1370 nec-{tum
1081 1333 1130 1362 est
1153 1332 1262 1362 autem
1285 1331 1366 1368 hoc,
1389 1338 1463 1360 cum
1484 1330 1518 1358 in
1543 1327 1685 1358 Ecclesia

253 1387 320 1409 nou
343 1379 375 1409 et
390 1379 424 1408 in
450 1377 576 1407 6336115
595 1375 820 1414 spiritualibus
840 1375 956 1406 studiis

254 1425 352 1463 atque
374 1423 490 1453 officiis
514 1422 713 1461 pernimium
737 1420 886 1459 fervens,
910 1421 956 1451 ita

253 1471 293 1501 ut
304 1469 403 1508 possit
414 1469 524 1499 dicere
535 1489 544 1505 ,
561 1468 722 1498 concaluit
733 1475 786 1496 cor
796 1475 898 1496 meum
909 1468 957 1497 in-

253 1519 307 1546 tra
324 1524 371 1545 me
380 1537 391 1552 ‚
406 1516 435 1545 et
455 1514 487 1544 in
501 1511 748 1543 meditationibus
768 1512 844 1542 ineis
861 1521 956 1542 exar-

254 1563 345 1592 descit
358 1562 436 1600 iqnz's
451 1570 462 1590 .·
479 1559 505 1590 is
519 1559 634 1598 plane,
650 1566 724 1588 cum
747 1566 789 1588 ex
811 1558 957 1589 caritatis

254 1607 453 1636 abundantia
476 1605 595 1635 bonam
623 1604 658 1634 et
682 1604 857 1636 salutatem
885 1604 957 1635 vini

253 1652 379 1682 laetitiae
403 1651 531 1681 ructare
556 1649 720 1687 crapulam
749 1648 902 1688 coeperit‚
922 1649 956 1679 in

254 1698 372 1728 cellam
393 1705 458 1728 3011
479 1695 641 1725 immerito
657 1694 886 1733 perhibebitur
907 1695 958 1725 vi-

254 1744 381 1774 nariam
402 1741 564 1772 introisse.
589 1741 666 1770 Cum
692 1741 780 1770 enim
804 1740 868 1770 duo
892 1741 957 1771 sint

969 1399 973 1441 k

254 1789 359 1819 heatae
371 1786 654 1826 contemplationis
670 1794 821 1817 excessus
831 1809 841 1825 ‚
857 1786 892 1817 in
907 1787 973 1825 in-⁴

252 1835 392 1865 ·161166111
406 1842 508 1871 31135,
527 1833 562 1863 61
576 1833 658 1862 31161·
672 1832 707 1862 in
722 1832 857 1871 affectu3
873 1842 957 1865 unus
971 1864 973 1875 ,

971 1880 973 1919 j
987 1886 1050 1908 non
1078 1879 1214 1908 rationis
1236 1877 1360 1916 judicio
1386 1876 1582 1913 convolarit3
1608 1875 1684 1905 dum

255 1881 292 1911 111
319 1881 464 1919 1313136,
485 1879 568 1910 alter
588 1878 624 1908 in
646 1877 792 1916 fervore3
815 1887 900 1910 unus
921 1880 956 1909 in

254 1926 421 1965 agnitione
438 1947 448 1964 ‚
477 1925 560 1956 alter
582 1924 618 1955 in
646 1924 818 1955 devotione
848 1934 857 1955 z

254 1981 333 2003 sane
348 1973 499 2009 affectus,
516 1973 548 2002 61
568 1970 681 2010 pectus
702 1978 810 2001 amore
831 1972 956 2010 calens,

258 2019 291 2048 et
311 2019 431 2048 sanctae
452 2017 635 2048 devotionis
650 2015 790 2054 infusio,
806 2017 906 2047 etiam
925 2018 958 2048 et

256 2063 435 2093 vehemens
460 2063 592 2101 spiritus
616 2062 761 2100 repletus
782 2063 870 2100 zelo,
892 2071 958 2093 non

256 2109 353 2146 plane
369 2109 498 2139 aliunde
509 2130 518 2147 ,
533 2116 630 2147 quam
645 2116 662 2138 e
676 2108 758 2138 cella
770 2108 895 2138 vinaria
905 2117 959 2140 re·-

257 2155 427 2191 portanlur
447 2163 455 2183 ε
478 2156 512 2185 61
533 2154 727 2192 cuicumque
746 2162 819 2184 cum
842 2154 959 2184 horum

258 2199 352 2236 copia
371 2208 502 2237 surgere
517 2200 557 2229 ab
572 2199 717 2230 oratione
732 2199 887 2238 donatur,
901 2209 959 2238 po-

257 2242 324 2272 test
346 2244 379 2272 in
401 2244 538 2274 veritate
558 2245 647 2283 loqui
664 2253 672 2273 :
691 2245 769 2284 quia
786 2246 960 2277 introduxit

258 2296 308 2318 me
318 2297 375 2318 rea:
386 2290 418 2318 in
431 2289 535 2319 cellam
546 2291 715 2321 vinariam.

301 2334 332 2364 5.
353 2334 504 2372 Sequitur
520 2343 528 2363 ε
543 2336 699 2368 Ονάῖηανίι
720 2338 753 2366 z'n
771 2345 820 2366 me
843 2337 959 2367 carita-

259 2381 332 2411 tem.
359 2380 492 2409 Omnino
518 2383 712 2412 necessarie.
743 2382 959 2420 Importabilis

260 2425 423 2464 siquidem
437 2426 558 2464 absque
573 2426 707 2457 scientia
723 2428 773 2458 est
784 2429 884 2459 zelus.
897 2429 958 2462 Ubi

260 2479 337 2509 ergo
353 2471 530 2501 vehemens
550 2472 732 2511 aemulatio,
752 2474 798 2504 ibi
815 2474 958 2506 maxime

261 2516 413 2546 discretio
429 2517 477 2546 est
493 2517 674 2547 necessaria
685 2539 693 2555 ‚
709 2527 779 2556 quae
804 2521 852 2550 651
871 2521 959 2550 ordi-

261 2562 350 2592 natio
371 2562 526 2606 caritatis.
549 2564 690 2593 SEMPER
713 2564 845 2601 quidem
870 2566 958 2596 zelus

262 2606 383 2646 absque
398 2608 533 2638 seientia
553 2608 660 2638 minus
675 2608 810 2647 efficax,
833 2610 958 2640 minus·

264 2659 325 2691 que
340 2652 428 2685 utilis
444 2654 629 2693 invenitur3
646 2654 835 2695 plerumque
848 2654 957 2686 autem

884 1926 958 1964 pius
971 1922 973 1960 J

985 1378 1138 1416 quosdam
1149 1377 1281 1416 quidem
1294 1377 1385 1407 dedit
1395 1374 1561 1413 Apostolos
1570 1395 1579 1411 ,
1592 1380 1685 1412 quos-

986 1424 1060 1453 dam
1071 1424 1180 1454 autem
1192 1423 1369 1462 Prophetas
1379 1443 1389 1459 ‚
1402 1421 1482 1451 alios
1493 1428 1570 1450 vero
1582 1421 1685 1449 Evan-

986 1468 1137 1507 genistas,
1159 1469 1240 1498 alios
1260 1468 1408 1498 Pastores
1429 1466 1463 1496 et
1477 1467 1630 1495 Doctores
1645 1464 1686 1494 ad

986 1514 1299 1544 consummationem
1326 1514 1523 1543 5336101313.
1552 1510 1687 1549 Oportet

987 1560 1095 1590 autem
1111 1560 1148 1590 ut
1163 1560 1221 1589 hos
1236 1567 1299 1589 una
1315 1566 1427 1588 omnes
1447 1557 1564 1587 caritas
1585 1557 1684 1595 ngt,

987 1605 1020 1634 et
1044 1604 1267 1643 contemperet
1292 1604 1326 1633 in
1354 1603 1514 1633 unitatem
1542 1601 1686 1639 eorporis

987 1650 1103 1680 Christi
1125 1658 1133 1680 ε
1155 1649 1242 1688 quod
1260 1649 1397 1679 minime
1423 1648 1553 1677 omnino
1578 1648 1685 1677 facere

987 1695 1123 1733 poterit,
1134 1695 1160 1724 si
1172 1695 1240 1733 ipsa
1252 1702 1316 1724 3011
1329 1693 1427 1724 fucrit
1439 1693 1596 1723 ordinata.
1606 1693 1685 1722 Nam

988 1741 1013 1769 si
1025 1749 1082 1770 530
1090 1740 1225 1779 quisque
1238 1740 1361 1770 feratur
1371 1739 1496 1777 impetu
1507 1738 1685 1768 secundum

987 1787 1138 1825 spiritum
1160 1795 1257 1825 quem
1277 1786 1422 1824 accepit,
1441 1785 1475 1815 et
1495 1784 1535 1814 ad
1549 1792 1685 1822 quaeque

987 1833 1075 1863 volet
1095 1832 1337 1868 indifferenter,
1359 1831 1455 1869 prout
1474 1830 1632 1867 afficitur,
1655 1831 1689 1860 61

987 1924 1051 1954 sibi
1075 1924 1233 1961 assignato
1260 1922 1365 1953 officio
1393 1930 1489 1952 nemo
1517 1920 1688 1951 contentus

988 1969 1069 2007 erit,
1085 1969 1141 2000 sed
1154 1977 1265 1999 omnes
1276 1969 1385 1998 omnia
1397 1968 1571 1997 indiscreta
1583 1966 1687 1995 admi-

972 2014 1178 2046 nistratione
1209 2014 1332 2053 pariter
1364 2012 1589 2049 attentabunt,
1622 2018 1685 2040 non

972 2061 1083 2100 *plane
1104 2060 1211 2091 unitas
1227 2059 1312 2097 erit,
1327 2058 1384 2089 sed
1404 2058 1505 2096 magis
1526 2056 1684 2087 confusio.

1028 2107 1058 2137 6.
1077 2107 1234 2138 Ordinavit
1258 2107 1291 2136 in
1306 2115 1353 2135 me
1368 2106 1540 2134 caritatem.
1556 2103 1686 2132 Utinam

989 2153 1069 2183 etin
1083 2160 1135 2182 me
1151 2151 1307 2181 Dominus
1318 2151 1410 2180 Jesus
1425 2150 1589 2180 tantillum
1602 2148 1688 2178 ordi-

988 2199 1045 2228 net
1068 2197 1210 2228 caritatis
1231 2195 1318 2235 quod
1341 2195 1447 2232 dedit3
1472 2195 1509 2224 ut
1532 2193 1580 2224 sic
1603 2192 1684 2222 mihi

989 2253 1074 2275 curae
1092 2244 1157 2274 sint
1171 2242 1322 2274 universa
1339 2250 1411 2280 quae
1425 2241 1499 2271 sunt
1513 2240 1614 2279 ipsius
1625 2261 1634 2277 ,
1650 2238 1686 2268 ut

988 2290 1097 2320 tamen
1118 2289 1203 2328 quod
1221 2288 1286 2318 mei
1307 2287 1511 2326 potissimum
1532 2283 1687 2323 propositi

989 2344 1047 2367 seu
1060 2335 1159 2366 officii
1180 2343 1250 2365 6556
1270 2332 1470 2369 601151116111,
1486 2332 1562 2361 3316
1577 2329 1687 2360 omnia

989 2389 1099 2412 curem
1116 2390 1124 2410 :
1142 2380 1198 2411 sed
1212 2388 1287 2410 sane
1302 2379 1346 2409 ita
1361 2378 1394 2408 id
1407 2379 1497 2416 prius
1507 2399 1516 2415 ,
1529 2377 1566 2406 ut
1578 2377 1687 2406 tamen

989 2428 1029 2458 ad
1044 2428 1162 2463 multa,
1176 2434 1248 2464 quae
1264 2425 1345 2455 311111
1359 2423 1546 2462 specialiter
1560 2430 1622 2451 nou
1638 2420 1686 2450 at-

989 2474 1115 2511 tinent,
1127 2472 1248 2503 afficiar
1259 2470 1410 2508 amplius.
1426 2469 1493 2498 Non
1505 2467 1592 2498 enim
1604 2474 1688 2496 sem-

989 2528 1048 2558 per
1063 2519 1148 2558 quod
1163 2517 1251 2556 prius
1267 2514 1444 2546 curandum
1455 2535 1465 2550 ‚
1477 2513 1512 2543 id
1528 2511 1624 2542 etiam
1639 2509 1689 2540 di-

990 2565 1156 2604 ligendum
1169 2563 1307 2601 amplius
1323 2561 1386 2591 erit
1401 2568 1410 2589 t
1423 2567 1496 2589 cum
1507 2565 1590 2595 saepe
1600 2554 1687 2593 quod

990 2611 1078 2649 prius
1090 2610 1139 2641 est
1149 2609 1190 2639 ad
1200 2607 1465 2643 sollicitudinem,
1475 2604 1582 2633 minus
1593 2602 1635 2632 sit
1647 2600 1684 2630 ad

990 2656 1186 2695 utilitatem,
1199 2662 1235 2684 ac
1248 2661 1306 2693 per
1320 2652 1381 2682 1106
1393 2650 1499 2682 minus
1511 2655 1580 2681 esse
1589 2655 1687 2687 opor-
