1846 3078
312 232 373 264 516

312 288 563 320 vestrae.Caritas
570 290 658 321 enim
665 299 736 329 quae
744 300 807 321 non
814 291 930 329 quaerit
937 298 1007 327 quae

310 341 368 363 sua
378 334 470 373 sunt,
485 334 520 364 id
531 336 612 364 mihi
624 336 814 373 jamdudum
830 335 925 364 facile
935 342 1008 372 per-

312 379 431 417 suasit,
442 380 489 409 nil
505 381 629 410 scilicet
641 380 907 410 desiderabilium
922 387 1008 408 meo-

312 432 384 453 rum
398 425 516 455 vestris
538 426 691 464 praeferre
707 425 914 454 utilitatibus.
931 424 1008 454 Ora-

311 477 365 507 re,
386 471 496 509 legere
511 493 520 508 ‚
545 471 707 507 scribere,
728 470 902 507 meditari,
927 470 960 500 et
981 470 1007 500 si

308 523 373 552 qua
393 518 468 545 sunt
488 517 549 545 alia
571 515 749 553 spiritualis
771 515 870 544 studii
900 516 1007 553 lucra,

311 559 380 590 haec
405 561 581 590 arbitratus
598 568 669 589 sum
684 560 818 598 propter
831 568 887 591 vos
905 561 1008 591 detri-

308 607 429 636 menta.

349 650 379 679 [ι.
396 651 510 680 Fulcz’te
525 659 572 679 me
585 649 713 687 floribus
724 671 734 687 ‚
750 651 858 689 stipate
872 660 920 681 me
937 661 1008 682 ma-

309 696 364 732 lis,
381 697 453 734 quia
468 704 572 724 amore
588 696 730 733 langueo.
747 696 814 725 Hoc
829 696 940 734 itaque
959 698 1007 726 lo-

309 742 383 770 cuta
400 740 447 769 est
458 748 571 778 sponsa
586 740 836 770 adolescentulis
851 741 886 770 in
898 742 1005 779 sponsi

308 784 452 814 absentia
465 806 474 822 ,
492 793 627 815 monens
647 793 700 815 eas
719 786 753 815 in
769 786 832 816 fide
849 787 1005 825 proficere

309 829 342 858 et
362 829 515 867 operibus
538 829 631 859 bonis
649 830 751 860 donec
776 832 911 870 veniat,
936 841 1007 862 sen—

307 873 392 904 tiens
407 874 441 903 in
451 882 488 904 eo
504 874 572 904 fore
585 876 618 904 et
629 875 871 914 beneplacitum
885 877 1004 916 sponsi,

307 920 340 949 et
366 919 508 949 filiarum
536 920 697 958 salutem,
723 920 758 950 et
780 929 871 951 suam
906 922 1004 960 ipsius

306 965 570 995 consolationem.
592 966 664 996 Scio
677 974 730 996 me
744 966 831 997 hunc
846 967 950 997 locum
972 968 1005 997 in

306 1010 391 1040 libro
410 1011 449 1041 de
469 1011 652 1041 Dilectione
675 1012 736 1041 Dei
757 1012 887 1050 plenius
902 1013 1006 1051 expli-

306 1055 410 1086 cuisse
421 1077 430 1093 ‚
443 1056 476 1086 et
485 1056 544 1086 sub
561 1056 624 1086 alio
637 1056 808 1086 intellectu
823 1067 831 1086 :
846 1057 1005 1095 potiorine

308 1108 351 1131 an
377 1101 550 1138 deteriori,
587 1102 702 1131 Lector
729 1102 871 1141 J‘udicet‚
900 1102 928 1132 si
954 1103 1005 1132 cui

305 1147 479 1185 utrumque
494 1147 606 1177 videre
621 1147 794 1186 placuerit.
806 1148 874 1177 Non
894 1156 969 1178 sane
988 1157 1006 1178 a

305 1193 465 1231 prudente
485 1193 524 1223 de
544 1193 733 1223 diversitate
750 1202 902 1223 sensuum
921 1193 1007 1230 judi-

305 1238 417 1275 cabor,
434 1237 608 1268 dummodo
623 1238 744 1268 veritas
758 1238 930 1277 utrobique
947 1248 1007 1269 no-

306 1283 356 1313 bis
371 1284 610 1322 patrocinetur3
628 1284 661 1314 et
677 1284 792 1314 caritas
804 1307 813 1322 ‚
827 1285 880 1314 cui
898 1285 1006 1323 Scrip-

304 1330 392 1359 turas
404 1330 527 1359 servire
551 1331 699 1369 oportet,
715 1339 753 1360 eo
767 1330 906 1361 :edificet
931 1332 1006 1370 plu-

304 1383 375 1413 res,
397 1383 459 1413 quo
483 1377 592 1414 plures
618 1385 660 1406 ex
686 1376 734 1406 eis
756 1376 789 1405 in
811 1386 890 1415 opus
911 1386 1004 1407 suum

305 1429 398 1450 veros
414 1422 537 1452 eruerit
552 1422 750 1452 intellectus.
764 1423 825 1452 Cur
841 1423 928 1452 enim
944 1424 1003 1453 hoc

305 1465 477 1504 displiceat
506 1466 539 1495 in
568 1467 716 1496 sensibus
749 1467 979 1505 scripturarum
993 1490 1003 1506 ‚

304 1511 391 1551 quod
415 1511 450 1541 in
464 1512 575 1541 usibus
595 1520 705 1542 rerum
725 1512 853 1542 assidue
873 1514 1004 1550 experi-

305 1556 398 1587 mur?
426 1558 463 1586 In
490 1558 627 1596 quantos
656 1556 769 1597 (verbi
798 1557 915 1597 causa)
938 1560 1003 1588 sola

306 1609 388 1640 aqua
413 1602 595 1631 nostrorum
629 1602 803 1634 assumitur
837 1611 1003 1640 corporum

306 1645 405 1675 usus?
429 1646 476 1675 Ita
491 1654 574 1675 unus
595 1647 738 1684 ,quilibet
753 1646 881 1676 divinus
899 1655 1003 1677 sermo

305 1699 368 1721 non
391 1691 453 1721 erit
469 1692 508 1721 ab
520 1700 554 1721 re
564 1713 574 1730 ,
588 1692 615 1721 si
632 1692 776 1721 diversos
789 1692 894 1729 pariat
909 1693 1004 1723 intel-

304 1736 425 1773 iectus,
442 1737 578 1767 diversis
600 1738 781 1766 animarum
801 1739 1005 1768 necessitati-

304 1781 364 1812 bus
378 1783 411 1812 et
422 1783 533 1812 usibus
546 1782 841 1813 accommodandos.

351 1828 382 1858 5.
408 1828 561 1866 Sequitur
582 1837 591 1857 ε
618 1830 711 1858 Loeva
738 1828 804 1866 ejvs
827 1828 883 1859 sub
907 1830 1003 1868 capite

304 1881 370 1905 meo
383 1895 392 1912 ,
408 1875 436 1904 et
451 1874 579 1903 dextera
602 1874 666 1911 ejus
688 1873 917 1911 amplexabitur
942 1883 1001 1903 me.

303 1920 341 1950 Et
355 1921 487 1957 insuper
497 1919 558 1948 hoc
573 1927 699 1957 quoque
713 1919 747 1948 in
761 1918 893 1957 praefato
910 1927 1003 1957 opus-

303 1966 377 1996 culo
393 1964 529 1995 memini
545 1964 682 1995 uberius
697 1964 898 2002 disputatum
915 1973 923 1993 ι
947 1965 1002 1994 sed

305 2011 468 2050 signemus
508 2010 667 2040 sermonis
701 2009 859 2039 ordinem.
886 2010 1003 2048 Liquet

304 2057 409 2086 denuo
431 2056 542 2086 adesse
564 2064 734 2094 sponsum,
756 2055 851 2085 credo
865 2077 874 2093 ,
890 2056 926 2085 ut
945 2065 1001 2086 sua

304 2102 473 2141 praesentia
488 2102 698 2139 languentem
711 2101 824 2139 erigat.
837 2101 1002 2138 Quomodo

306 2151 393 2180 enim
413 2158 477 2180 non
498 2150 532 2179 in
548 2149 724 2188 praesentia
741 2150 811 2187 ejus
833 2150 1003 2179 convales-

306 2196 413 2233 ceret,
448 2204 544 2234 quam
577 2194 723 2225 absentia
757 2196 1002 2225 consternarat?

305 2242 384 2279 Ergo
398 2248 463 2270 non
485 2241 625 2271 sustinet
645 2241 773 2271 dilectae
793 2241 974 2270 molestiam
991 2250 999 2271 τ

304 2286 415 2323 adest,
437 2294 543 2324 neque
564 2286 652 2316 enim
674 2294 797 2316 moram
820 2286 925 2316 facere
946 2295 1002 2324 po—

304 2333 369 2363 test
382 2332 480 2362 tantis
498 2331 667 2362 desideriis
682 2333 846 2362 evocatus.
869 2333 909 2361 Et
923 2332 998 2370 quia

305 2379 395 2409 illam
420 2378 638 2415 compererat,
665 2378 768 2407 donec
795 2378 909 2407 absens
927 2377 999 2415 fuit,

305 2424 436 2455 fidelem
456 2422 496 2452 ad
517 2430 630 2460 opera,
652 2425 684 2453 et
705 2424 875 2453 sollicitam
894 2423 932 2453 ad
951 2424 1001 2453 lu-

305 2477 381 2507 era,
401 2469 438 2499 in
459 2476 497 2498 eo
517 2467 691 2506 nimirum,
706 2469 791 2507 quod
815 2469 910 2499 flores
936 2469 998 2498 sibi

307 2516 341 2546 et
361 2514 485 2545 tructus
504 2514 701 2551 praeceperat
724 2515 879 2552 adunari;
903 2515 1000 2544 etiam

307 2569 381 2592 cum
406 2558 609 2599 propensiori
633 2558 693 2588 hac
717 2558 790 2588 vice
815 2568 1002 2589 remunera-

306 2606 394 2637 tione
408 2605 518 2644 gratiae
532 2604 580 2635 est
601 2611 760 2635 reversus.
775 2604 921 2642 Denique
936 2613 1001 2634 uno

308 2651 510 2682 brachiorum
547 2657 676 2681 suorum
708 2649 865 2680 sustentat
906 2649 1000 2687 caput

776 239 807 267 S.
829 236 1064 266 BERNARm
1092 239 1286 269 ABBATIS

1039 289 1178 326 jacentis
1190 314 1200 330 ,
1215 293 1352 324 alterum
1363 294 1403 325 ad
1417 294 1666 333 amplexandum
1680 302 1741 332 pa-

1041 342 1133 373 rans,
1148 336 1185 366 ut
1205 337 1279 367 sinu
1297 338 1414 369 foveat.
1438 339 1530 369 Felix
1546 338 1651 368 anima
1666 347 1736 376 quae

1041 379 1076 408 in
1097 381 1215 411 Christi
1237 384 1400 414 recumbit
1424 386 1574 423 pectore,
1597 385 1631 414 et
1651 383 1737 413 inter

1041 425 1138 454 Verbi
1151 426 1282 456 brachia
1293 429 1479 466 requiescit.
1498 431 1590 460 Loeca
1604 429 1668 466 ejus
1681 427 1736 458 snb

1041 472 1136 509 capite
1152 481 1234 508 meo,
1249 474 1276 502 et
1289 474 1415 504 dextera
1430 475 1494 513 ejus
1509 473 1737 513 amplexabitur

1041 523 1098 544 me.
1111 516 1178 545 Non
1189 517 1234 546 ait
1243 539 1252 555 ,
1262 518 1465 555 amplexatur
1473 541 1483 557 ,
1494 520 1562 557 sed,
1574 518 1736 557 amplexa-

1042 559 1123 590 bitur
1136 570 1184 591 me
1199 571 1210 591 .·
1225 562 1263 592 ut
1276 564 1405 593 noveris
1418 564 1518 601 priori
1532 564 1641 602 gratiae
1656 562 1737 592 adeo

1041 613 1104 635 non
1120 605 1278 644 ingratam
1288 629 1297 646 ,
1313 608 1350 638 ut
1366 608 1539 639 secundam
1559 608 1733 648 gratiarum

1039 651 1167 682 actione
1180 653 1389 690 praevenerit.
1538 670 1543 671 ν

1079 696 1108 726 6.
1122 697 1254 727 Discein
1266 697 1436 728 referendo
1448 696 1583 736 gratiam
1593 704 1658 727 non
1666 703 1736 726 esse

1039 741 1148 773 tardus
1163 744 1218 773 aut
1229 744 1349 782 segnis,
1365 744 1452 774 disee
1465 743 1505 773 ad
1519 743 1643 781 singula
1654 741 1736 772 dona

1039 788 1156 825 gratias
1166 797 1272 827 agere.
1284 791 1453 828 Diliqenter
1465 811 1474 828 ,
1488 789 1614 827 inquit,
1637 788 1736 818 consi-

1037 834 1110 864 dera
1136 843 1203 872 quoe
1217 835 1272 865 tibi
1291 836 1487 873 apponuntur
1499 845 1509 865 .·
1525 834 1562 864 ut
1584 833 1674 864 nulla
1688 832 1736 863 vi-

1038 877 1156 909 delicet
1170 880 1230 909 Dei
1255 881 1336 910 dona
1362 880 1471 910 debita
1495 879 1670 919 gratiarum
1685 886 1735 908 ac-

1038 924 1125 954 tione
1152 925 1347 955 frustrentur
1358 948 1368 964 ,
1392 934 1458 955 non
1484 925 1618 964 grandia
1633 946 1643 962 ,
1670 932 1735 953 non

1038 970 1231 1008 mediocria,
1251 979 1316 1000 non
1331 971 1461 1009 pusilla.
1475 970 1623 1009 Denique
1642 969 1735 1007 jube-

1038 1022 1110 1044 mur
1124 1015 1276 1054 colligere
1293 1016 1471 1054 fragmenta
1485 1024 1527 1045 ne
1535 1016 1690 1054 pereant,
1702 1014 1735 1043 id

1038 1060 1086 1090 est
1118 1068 1180 1090 nec
1217 1061 1353 1090 minima
1377 1060 1538 1091 beneficia
1572 1059 1732 1089 oblivisci.

1036 1104 1197 1143 Numquid
1220 1113 1285 1135 non
1308 1105 1394 1144 perit
1418 1105 1503 1143 quod
1528 1104 1664 1133 donatur
1687 1103 1736 1133 in-

1037 1150 1136 1186 grato.
1149 1151 1388 1181 INGRATITUDO
1398 1149 1530 1179 inimica
1545 1149 1594 1179 est
1608 1148 1734 1185 animae,

1038 1195 1216 1225 exinanitio
1228 1195 1428 1233 meritorum,
1440 1194 1598 1224 virtutum
1610 1193 1735 1231 disper-

1037 1240 1100 1278 sio,
1116 1240 1346 1270 beneficiorum
1362 1240 1514 1278 perditio.
1532 1238 1732 1277 Ingratitudo

1038 1285 1153 1316 ventus
1167 1295 1282 1325 urens,
1298 1286 1420 1316 siccans
1434 1285 1495 1316 sibi
1522 1285 1644 1315 fontem
1666 1284 1736 1323 pie-

1036 1331 1128 1368 tatis,
1144 1339 1251 1360 rorem
1266 1330 1495 1360 misericordiae
1506 1352 1515 1368 ,
1530 1329 1651 1359 fluenta
1663 1337 1735 1366 gra-

1037 1376 1241 1415 tiae.Propter
1253 1377 1312 1406 hoc
1328 1376 1468 1413 denique
1480 1383 1594 1414 sponsa
1608 1383 1684 1404 mox
1699 1374 1735 1404 ut

1036 1422 1169 1459 gratiam
1193 1422 1233 1452 de
1254 1423 1334 1452 laeva
1360 1421 1479 1458 sensit,
1505 1420 1623 1459 gratias
1651 1419 1735 1458 egit,

1036 1475 1100 1496 non
1122 1467 1313 1505 exspectans
1341 1465 1582 1505 plenitudinem
1605 1473 1676 1503 quae
1698 1464 1733 1494 in

1036 1511 1171 1541 dextera
1186 1513 1246 1542 est.
1258 1513 1368 1549 Neque
1383 1511 1470 1541 enim
1484 1510 1541 1540 ubi
1556 1510 1734 1540 memorata

1036 1558 1083 1587 est
1107 1558 1222 1587 laevam
1244 1558 1310 1594 jam
1335 1565 1404 1586 esse
1431 1557 1490 1586 sub
1515 1556 1621 1594 capite
1650 1563 1708 1584 suo
1722 1577 1730 1592 ,

1036 1602 1133 1632 etiam
1148 1603 1258 1633 secuta
1274 1603 1322 1632 est
1336 1610 1353 1631 a
1369 1602 1505 1632 dextera
1535 1609 1569 1631 se
1584 1600 1735 1631 similiter

1035 1649 1251 1686 amplexatam
1261 1669 1270 1686 ,
1286 1647 1343 1677 sed
1356 1646 1585 1687 amplexabitur
1598 1655 1646 1677 me
1654 1667 1665 1684 ,
1678 1645 1729 1675 in-

1035 1694 1117 1731 quit.

1076 1740 1105 1768 7.
1139 1738 1296 1769 Caeterum
1324 1737 1403 1776 quid
1441 1737 1593 1776 putamus
1625 1735 1732 1766 Verbo

1035 1793 1148 1822 sponso
1163 1786 1269 1815 loeram
1285 1792 1367 1820 esse,
1379 1784 1449 1813 sive
1460 1784 1619 1812 dexteram
1628 1781 1641 1810 ἒ
1651 1781 1732 1810 Num

1036 1831 1068 1860 id
1079 1830 1164 1868 quod
1180 1829 1297 1859 dicitur
1312 1829 1451 1858 hominis
1471 1828 1609 1857 verbum
1624 1826 1735 1857 istius·

1035 1876 1121 1905 modi
1137 1883 1303 1913 corporeas
1318 1874 1425 1912 partes
1436 1873 1535 1903 habet
1549 1874 1582 1902 in
1598 1881 1632 1902 se
1649 1872 1734 1902 divi-

1035 1929 1083 1950 sas
1095 1943 1104 1958 ,
1128 1921 1160 1950 et
1171 1919 1367 1949 lineamenta
1383 1919 1532 1949 distincta
1543 1940 1552 1956 ,
1569 1926 1605 1947 ac
1618 1917 1731 1947 distin-

1034 1966 1165 2004 guentia
1188 1966 1274 1995 inter
1295 1964 1458 1994 sinistram
1483 1964 1515 1993 et
1531 1963 1701 1993 dexteram
1718 1962 1731 1992 ἓ

1034 2012 1157 2049 Quanto
1173 2010 1274 2048 magis
1296 2010 1322 2040 is
1335 2032 1344 2049 ,
1366 2010 1420 2048 qui
1435 2009 1495 2038 Dei
1512 2010 1545 2039 et
1565 2011 1651 2039 Deus
1663 2009 1730 2046 est,

1034 2058 1144 2087 Sermo
1159 2056 1350 2086 varietatem
1363 2063 1494 2094 prorsus
1512 2055 1653 2093 aliquam
1667 2063 1731 2084 non

1034 2103 1192 2139 admittit,
1202 2101 1258 2131 sed
1270 2103 1311 2132 cst
1323 2102 1376 2139 qui
1388 2102 1449 2137 est,
1466 2099 1498 2128 in
1510 2108 1565 2130 sua
1578 2100 1730 2129 nimirum

1034 2151 1145 2179 natura
1158 2150 1223 2178 tam
1241 2148 1381 2184 simplex
1395 2146 1432 2175 ut
1445 2153 1509 2175 non
1521 2145 1640 2175 habeat
1655 2153 1730 2182 par-

1033 2196 1098 2234 tes,
1115 2196 1179 2223 tam
1196 2201 1277 2223 unus
1297 2192 1333 2221 ut
1348 2199 1412 2220 non
1427 2190 1546 2220 habeat
1565 2198 1729 2220 numeros.

1033 2242 1084 2271 Est
1100 2241 1186 2270 enim
1208 2238 1268 2268 Dei
1293 2236 1476 2275 Sapientia,
1497 2235 1538 2265 de
1553 2243 1616 2273 qua
1630 2236 1729 2274 scrip-

1033 2287 1100 2316 tum
1115 2287 1182 2315 est:
1199 2286 1235 2314 Et
1250 2283 1404 2322 sapientiae
1419 2282 1485 2319 ejus
1500 2282 1611 2310 nonest
1624 2289 1731 2310 ‘nume-

1032 2341 1096 2362 rns.
1114 2331 1152 2360 At
1166 2330 1193 2359 si
1217 2328 1302 2367 quod
1323 2325 1516 2356 invariabile
1531 2325 1598 2362 est,
1624 2324 1658 2354 id
1679 2325 1730 2354 in-

1033 2373 1338 2416 comprehensibile,
1351 2381 1386 2402 ac
1398 2380 1455 2410 per
1467 2372 1526 2401 hoc
1537 2371 1634 2400 etiam
1646 2370 1731 2400 inef-

1033 2423 1131 2452 fabile
1149 2429 1217 2452 esse
1233 2426 1364 2450 necesse
1387 2418 1435 2447 est
1452 2426 1459 2445 ε
1476 2416 1534 2446 ubi
1555 2424 1664 2454 quaeso
1678 2416 1730 2444 in—

1033 2468 1144 2499 venias
1158 2466 1274 2501 verba,
1290 2463 1408 2502 quibus
1424 2462 1511 2491 illam
1526 2460 1725 2497 majestatem

1033 2514 1086 2543 vel
1101 2512 1196 2550 digne
1216 2510 1356 2547 assignes
1369 2530 1378 2546 ,
1392 2508 1447 2537 vel
1472 2506 1601 2545 proprie
1622 2505 1728 2542 prolo-

1033 2557 1143 2598 quaris
1150 2578 1161 2594 ,
1181 2556 1233 2587 vel
1254 2552 1474 2593 competenter
1489 2550 1627 2581 diffinias
1641 2548 1653 2577 ἓ
1667 2550 1728 2580 Ta-

1034 2613 1109 2634 men
1123 2605 1299 2640 utcumque
1313 2601 1480 2638 loquamur
1488 2619 1497 2634 ,
1507 2595 1592 2634 quod
1602 2594 1729 2623 utcum-

1034 2658 1096 2688 que
1109 2648 1148 2679 de
1170 2655 1206 2678 ea
1219 2645 1339 2686 Spiritu
1354 2644 1462 2674 sancto
1477 2640 1640 2671 revelante
1656 2647 1729 2670 sen-
