1830 3073
264 213 305 242 [10

731 217 762 245 S.
794 218 1029 247 BERNARDI
1048 220 1240 250 ABBATIS

264 275 339 296 nero
356 267 418 304 tui,
433 267 461 298 si
471 275 533 297 non
543 276 726 307 proposuero
741 270 912 300 Jerusalem
934 270 965 299 in
1000 269 1090 299 sum?
1102 271 1139 300 Et
1151 272 1282 309 quidem
1294 273 1395 305 restat
1406 273 1510 307 adhue
1526 285 1588 315 quo
1600 279 1698 316 possi-

262 314 414 352 prt'ncipt'o
430 314 540 344 loetitiae
553 323 640 344 meoe.
655 315 740 345 Vere
756 316 790 344 in
803 315 965 352 principio
1000 323 1071 344 mus
1095 316 1261 347 humiliari
1278 328 1285 347 :
1302 321 1359 350 sed
1377 322 1433 359 qui
1455 322 1510 352 illo
1527 323 1697 360 ceciderit,

264 357 406 397 laetitiae,
421 359 497 397 quia
518 358 592 390 finis
606 359 674 390 illic
688 359 848 397 repositus
863 360 923 389 est.

306 403 337 433 7.
351 404 484 442 Quando
499 405 686 435 conscindes
701 413 828 434 saccum
842 412 963 442 meum,

263 448 400 479 Domine
412 451 490 480 Jesu
502 450 761 481 etcircumdabis
770 458 822 479 me
837 450 962 487 laetitia,

263 494 302 523 ut
316 494 425 524 cantet
438 495 499 525 tibi
515 494 615 533 gloria
631 502 704 523 mea
715 516 723 531 ,
739 494 773 524 et
794 502 859 523 11011
877 502 964 523 com-

259 546 385 578 pungar
396 540 408 569 ἓ
419 540 618 578 Principium
631 539 738 576 gaudii
756 539 844 568 illius
855 560 863 575 ,
878 539 964 577 quod

259 584 315 614 hic
327 585 518 623 quandoque
528 585 684 614 sentimus
693 605 702 620 ,
715 583 801 613 stilla
814 584 878 621 est,
892 585 963 621 gut-

261 630 331 659 tula
356 631 404 659 est
425 630 465 659 de
494 629 627 658 flumine
657 628 714 657 illo
744 628 961 668 descendens,

260 674 354 711 cujus
373 674 513 711 impetus
537 672 680 702 laetificat
695 673 862 703 civitatem
887 675 960 704 Dei.

258 720 392 756 Quando
412 719 523 748 veniet
546 719 691 755 tempus,
711 720 747 749 ut
763 720 962 757 perennibus

257 764 384 802 gaudiis
401 764 433 792 in
450 765 518 800 ipso
533 761 713 793 divinitatis
725 763 812 794 fonte
829 765 962 803 profun-

257 809 331 839 dius
361 809 590 845 immergamur
607 829 617 846 ,
644 809 700 838 ubi
727 809 813 839 unda
841 812 960 841 undam

258 855 329 884 sine
364 853 609 891 intercapedine
646 855 679 884 et
707 854 959 894 interpolatione

259 899 444 930 continuet?
459 899 590 936 Quando
603 900 734 929 veniam
751 902 785 931 et
799 903 960 940 apparebo

256 947 332 975 aute
357 945 474 975 faciem
495 946 793 984 Domini3Quando
816 949 959 979 transibo

256 993 291 1020 in
304 991 411 1020 locum
425 991 628 1021 tabernaculi
643 992 843 1023 admirabilis
856 1003 958 1032 usque

255 1037 295 1066 ad
318 1036 449 1067 domum
467 1037 548 1067 Dei?
562 1038 715 1076 Quando,
732 1039 817 1069 sicut
831 1040 959 1070 audivi-

252 1091 323 1112 mus
334 1105 343 1120 ,
359 1083 404 1112 sic
426 1083 610 1113 videbimus
626 1084 663 1113 in
677 1084 811 1114 civitate
825 1085 955 1116 Domini

253 1128 414 1158 virtutum
428 1127 440 1157 ἓ
468 1129 525 1158 Ε13
554 1129 652 1167 igitur
663 1150 673 1166 ‚
699 1130 828 1160 Fratres
843 1151 852 1168 ,
878 1131 956 1161 huic

252 1173 342 1203 felici
367 1173 510 1203 ternario
531 1173 672 1204 fideliter
697 1174 898 1214 insistamus3
925 1178 957 1207 et

252 1226 384 1257 semper
408 1220 510 1249 simus
533 1227 695 1250 memores
721 1220 816 1250 verbi
844 1221 954 1252 illius:

251 1266 375 1302 Amice,
391 1266 431 1295 ad
445 1267 516 1304 quid
528 1265 657 1296 venisti?
671 1266 753 1303 Quia
766 1275 830 1297 non
845 1267 955 1298 adhoc

254 1310 423 1348 venimus,
439 1312 477 1340 ut
491 1310 692 1341 simulatoria
709 1312 819 1349 specie
835 1313 955 1351 Regem

252 1353 487 1384 interficiamus
500 1363 508 1383 z
523 1355 580 1384 sed
594 1355 630 1384 ut
645 1355 676 1384 ei
691 1356 887 1397 εει-1111111115,
899 1357 955 1397 qui

254 1399 510 1431 estbenedictus
524 1400 560 1430 in
574 1401 709 1439 saecula,
723 1409 830 1433 amen.

460 1520 629 1553 SERMO
657 1520 744 1555 XX.

251 1589 288 1612 De
300 1588 380 1612 verbis
393 1589 510 1616 Domini,
525 1589 624 1614 Omnis
635 1590 685 1620 qui
695 1597 720 1614 se
731 1588 848 1618 exaltat,
859 1588 956 1613 humi-

282 1625 401 1648 liabitur
415 1633 421 1649 :
437 1628 461 1648 et
477 1626 527 1655 qui
539 1632 566 1649 se
579 1625 729 1654 humiliat,
744 1626 924 1649 exaltabitur.

292 1681 322 1709 1.
338 1680 372 1710 St
397 1680 638 1710 consideremus
661 1680 854 1718 diligenter,
879 1681 955 1710 Fra-

249 1727 316 1755 tres
325 1747 333 1762 ,
346 1725 460 1763 gradus
472 1725 641 1755 hominum
652 1726 791 1764 quatuor
806 1726 956 1756 invenie·

252 1780 325 1800 111115
340 1780 348 1800 t
365 1772 437 1801 dico
460 1772 568 1801 autem
588 1780 747 1801 summam
764 1771 954 1802 feIIcitatem

251 1816 286 1846 111
302 1817 383 1846 coelo
394 1839 403 1853 ,
417 1817 456 1846 ad
471 1824 568 1854 quam
584 1817 798 1855 suspiramus;
814 1817 953 1847 mediam

250 1862 444 1892 felicitatem
471 1862 506 1891 in
527 1861 694 1900 paradiso,
718 1862 805 1892 unde
834 1863 955 1893 cecidi-

249 1916 340 1945 1nus3
356 1907 500 1946 itemque
513 1907 655 1937 mediam
672 1906 901 1938 infelicitatem
921 1908 954 1937 in

247 1953 310 1982 hoc
337 1953 474 1990 mundo,
491 1961 549 1991 pro
574 1961 638 1991 qua
664 1953 841 1990 gemimus;
864 1955 897 1982 et
921 1954 954 1983 111

249 1999 378 2028 inferno
394 2000 575 2029 extremam
593 1998 822 2029 infelicitatem
833 2021 842 2036 ,
859 2008 953 2037 quam

250 2044 369 2074 merito
385 2044 605 2074 formidamus.
622 2044 758 2075 Brevius
774 2045 885 2074 tamen
905 2046 954 2075 (11-

252 2097 327 2118 eere
343 2098 470 2127 possum
483 2112 492 2127 ,
507 2091 609 2121 vitam
622 2112 631 2128 ,
649 2092 681 2120 et
696 2091 844 2120 umbram
860 2091 952 2128 vitae,

248 2133 396 2162 umbram
412 2135 524 2164 mortis
535 2157 545 2172 ,
561 2137 594 2165 et
606 2136 756 2165 mortem.
770 2136 882 2173 Itaque
894 2144 953 2166 nec

250 2179 284 2208 in
301 2187 442 2216 5111111110,
458 2188 518 2209 nec
533 2181 567 2209 in
587 2181 651 2210 imo
673 2180 791 2218 positi,
803 2180 955 2210 timemus

251 2223 450 2253 descendere
467 2246 476 2261 ,
502 2226 676 2256 ascendere
712 2226 860 2264 cupimus
876 2247 886 2263 ,
916 2235 953 2256 eo

251 2269 352 2307 magis
377 2269 489 2306 anxii,
516 2279 578 2308 quo
603 2271 755 2301 videmur
781 2271 954 2301 Vlciniores

248 2314 388 2352 infimis,
409 2323 507 2352 quam
532 2317 709 2353 supremi53
727 2317 759 2346 et
776 2325 850 2347 ecce
873 2317 954 2347 dici-

248 2361 303 2389 tur
316 2360 413 2390 nobis
431 2369 438 2389 :
457 2361 561 2391 Omnis
582 2363 635 2398 qui
657 2371 687 2391 se
702 2363 839 2398 exultat,
856 2362 955 2392 humi-

248 2406 392 2443 liabitur-,²
408 2407 437 2436 et
449 2407 501 2444 qui
515 2416 545 2436 se
570 2407 711 2436 humiliat
722 2429 729 2443 ‚
753 2408 952 2438 exultabitur.

253 2450 412 2486 Quidnam
431 2450 493 2480 sibi
508 2450 579 2479 vult
594 2452 769 2481 cancellata
786 2452 855 2481 haec
873 2462 955 2482 con-

253 2496 351 2525 nexio
390 2495 597 2526 exaltationis
632 2497 666 2525 et
699 2497 955 2528 humiliationis?

251 2542 346 2571 itane
362 2549 476 2579 parum
492 2542 558 2578 est,
575 2541 728 2579 Domine,
744 2542 828 2579 quod
847 2543 881 2571 in
897 2552 955 2573 vc-

253 2587 348 2616 ritate
374 2588 429 2617 tua
456 2587 636 2616 humiliasti
662 2595 736 2625 nos,
763 2587 817 2625 qui
847 2588 953 2618 adhuc

255 2632 358 2671 exigis
370 2634 406 2664 ut
422 2633 560 2672 apponat
571 2633 666 2664 homo
680 2633 852 2663 humiliare
867 2633 954 2672 seip-

996 359 1063 396 jam
1087 369 1152 390 non
1174 361 1326 402 adjiciet,
1351 366 1389 395 ut
1410 368 1571 405 resurgat,
1596 369 1629 398 et
1643 369 1698 406 qui

999 405 1188 436 humiliatus
1213 407 1315 439 fuerit
1337 419 1439 449 usque
1469 413 1565 451 illuc,
1581 413 1698 443 frustra

997 452 1107 488 speret
1132 453 1363 484 exaltationem
1381 465 1390 485 t
1408 457 1567 496 siquidem
1590 459 1699 488 humi-

998 496 1083 526 liasti
1098 505 1155 528 nos
1169 498 1202 527 in
1228 499 1298 529 loco
1312 500 1497 532 afflictionis
1508 526 1516 541 ,
1533 505 1566 534 et
1581 512 1699 542 coope-

997 542 1061 571 ruit
1077 551 1135 572 1105
1150 544 1263 574 umbra
1278 546 1400 576 mortis.
1416 548 1522 586 Usque
1535 549 1614 578 adeo
1629 549 1696 579 vita

996 589 1101 617 nostra
1115 589 1240 619 inferno
1256 592 1546 630 appropinquavit:
1560 603 1622 632 quo
1639 602 1697 624 nos

996 632 1240 665 humiliabimus
1264 637 1349 666 ultra
1365 636 1376 666 ἓ
1403 638 1481 674 Quae
1511 639 1635 669 utilitas
1662 638 1696 668 in

995 679 1148 717 sanguine
1173 682 1280 711 nostro
1292 704 1301 719 ,
1328 682 1355 712 si
1374 682 1637 714 descenderimus
1661 685 1694 713 in

995 726 1252 763 corruptionem?
1276 728 1359 758 Sane
1384 729 1467 758 nihil
1492 730 1581 759 aliud
1609 729 1696 759 infra

995 778 1050 800 nos
1066 772 1131 808 est,
1147 781 1242 810 quam
1258 774 1477 811 irreparabilis
1489 775 1544 804 illa
1560 783 1696 813 corrup-

995 816 1049 845 tio.
1062 818 1136 847 Post
1151 819 1298 849 umbram
1316 821 1427 849 mortis
1439 829 1502 850 non
1518 821 1616 850 restat
1631 821 1695 852 nisi

993 871 1093 901 morsg
1110 864 1182 901 post
1201 865 1308 894 locum
1324 865 1527 904 afflictionis,
1543 867 1628 897 solus
1640 875 1696 897 su-

992 910 1101 945 perest
1116 909 1204 939 locus
1215 911 1339 940 mortis.

1031 954 1061 983 2.
1074 956 1133 993 Qui
1142 964 1191 991 se,
1204 955 1322 993 inquit,
1334 956 1478 987 humiliat
1490 956 1692 987 exallabitur.

991 999 1023 1029 Si
1036 1000 1191 1038 dixisset,
1201 1001 1264 1038 Qui
1276 1001 1467 1032 humiliatus
1479 1002 1591 1040 fuerit,
1605 1003 1695 1032 exal-

992 1045 1131 1082 tabitur3
1148 1047 1364 1076 exsultassem
1378 1047 1511 1084 utique,
1527 1048 1694 1085 tamquam

992 1090 1171 1120 certissime
1186 1091 1394 1129 humiliatus,
1418 1093 1452 1122 et
1467 1092 1692 1122 vehementer.

990 1135 1079 1165 Nunc
1094 1144 1171 1165 vero
1191 1144 1266 1166 cum
1290 1136 1394 1175 dicat,
1410 1138 1471 1175 Qui
1481 1146 1511 1167 se
1523 1137 1670 1167 ‘humiliat
1681 1159 1693 1174 ,

990 1182 1198 1218 eaealtabitnr,
1225 1182 1382 1220 angustiae
1403 1181 1485 1211 mihi
1505 1184 1580 1212 sunt
1600 1182 1696 1211 undi-

989 1234 1069 1265 que;
1085 1235 1145 1257 nec
1161 1227 1272 1265 ignoro
1287 1227 1367 1265 quid
1389 1228 1506 1265 eligam
1517 1250 1527 1265 ,
1542 1227 1599 1257 sed
1613 1228 1692 1265 quid

990 1280 1092 1309 agam.
1109 1272 1253 1302 Exaltari
1268 1272 1364 1311 cupio
1375 1293 1384 1310 ,
1399 1273 1476 1310 quia
1487 1280 1693 1310 summopere

990 1318 1022 1347 id
1041 1318 1262 1348 necessarium
1286 1327 1295 1347 ε
1323 1318 1486 1355 siquidem
1505 1326 1612 1355 neque
1638 1317 1696 1347 hie

989 1364 1174 1394 manentem
1189 1364 1293 1394 habeo
1309 1364 1474 1393 civitatem
1485 1372 1561 1401 ,nec
1571 1364 1692 1393 bonum

990 1410 1072 1438 esset
1082 1410 1135 1439 hic
1148 1417 1280 1438 manere
1291 1431 1300 1447 ,
1312 1409 1440 1439 etiamsi
1456 1409 1583 1438 liceret.
1596 1410 1695 1438 Porro

991 1454 1125 1484 inferius
1138 1454 1242 1484 adhuc
1256 1454 1304 1484 ire
1313 1476 1322 1491 ,
1334 1454 1443 1492 perire
1453 1454 1513 1483 est.
1522 1454 1592 1482 Jam
1604 1454 1690 1483 enim

990 1501 1094 1530 locum
1118 1502 1215 1530 teneo
1237 1500 1445 1538 inferiorem,
1461 1501 1496 1530 et
1514 1500 1570 1538 qui
1585 1500 1689 1529 solum

989 1545 1107 1575 habeat
1122 1545 1204 1575 infra
1219 1554 1253 1575 se
1269 1545 1414 1575 intimum
1426 1567 1435 1582 ,
1454 1545 1514 1574 hoc
1530 1546 1578 1575 est
1594 1545 1693 1574 infer-

988 1598 1076 1619 num.
1093 1590 1126 1619 Si
1151 1599 1203 1619 me
1219 1590 1298 1620 illuc
1315 1590 1550 1626 humiliavero,
1563 1598 1627 1618 11011
1643 1590 1691 1619 est

989 1644 1061 1673 spes
1077 1636 1304 1673 exaltationis3
1320 1637 1347 1665 si
1369 1644 1422 1665 me
1448 1643 1515 1664 non
1537 1635 1692 1664 humilia-

991 1689 1066 1711 vero
1077 1704 1086 1719 ,
1102 1681 1285 1711 identidem
1301 1680 1484 1718 desperatio
1499 1680 1547 1709 est
1564 1681 1691 1709 exalta-

990 1726 1085 1757 tionis
1102 1736 1109 1756 :
1124 1729 1200 1765 quia
1215 1728 1308 1765 quise
1324 1726 1548 1762 humiliaverit,
1568 1727 1684 1756 exalta-

990 1772 1089 1809 bitur,
1106 1773 1137 1802 et
1153 1773 1180 1802 is
1194 1773 1332 1802 tantum.
1353 1771 1386 1800 Si
1402 1771 1462 1800 hoc
1477 1779 1588 1808 egerO,
1607 1780 1693 1800 mors

988 1817 1069 1846 mihi
1085 1818 1133 1848 est
1147 1826 1155 1846 :
1173 1818 1198 1847 si
1217 1819 1326 1847 autem
1340 1825 1404 1846 non
1418 1824 1531 1854 egero,
1544 1816 1582 1845 ab
1599 1817 1690 1845 exal-

989 1864 1109 1893 tatione
1124 1864 1274 1901 repulsus
1287 1885 1296 1901 ,
1312 1870 1372 1892 nec
1389 1861 1434 1891 sic
1456 1862 1606 1899 effugiam
1622 1870 1691 1890 ma-

987 1917 1047 1937 nus
1062 1909 1187 1938 mortis.
1213 1908 1275 1937 Sed
1290 1908 1317 1937 si
1343 1908 1403 1936 hoc
1424 1906 1558 1936 difficile
1574 1907 1690 1944 paret,

987 1953 1103 1983 saltem
1122 1952 1209 1992 quod
1222 1952 1426 1992 praemissum
1442 1952 1491 1981 est
1506 1952 1689 1984 considere—

987 2006 1071 2027 mus.

1027 2044 1057 2073 5.
1072 2044 1178 2074 Omnis
1191 2045 1283 2082 quise
1294 2044 1431 2080 exaltat,
1443 2042 1500 2079 ait,
1517 2041 1691 2072 lutmiliabi-

988 2091 1050 2120 tur.
1066 2090 1169 2126 Quem
1184 2090 1273 2119 enim
1287 2089 1416 2119 Veritas
1428 2087 1580 2118 humiliat
1592 2109 1600 2124 ,
1620 2087 1689 2124 ipse

988 2135 1146 2174 quomodo
1162 2143 1196 2165 se
1209 2134 1354 2165 exaltat?
1366 2133 1537 2172 Nequehic
1552 2132 1692 2162 dicimus

988 2189 1070 2218 quo,
1087 2184 1143 2210 sed
1159 2180 1317 2219 quomodo
1334 2189 1341 2209 :
1358 2180 1434 2218 quia
1450 2188 1512 2208 non
1537 2179 1626 2208 locus
1640 2179 1690 2207 vi-

988 2226 1083 2255 detur
1096 2225 1206 2255 deesse
1220 2247 1230 2263 ,
1246 2225 1302 2255 sed
1315 2225 1430 2255 virtus.
1444 2226 1523 2261 Non,
1537 2224 1666 2261 inquam
1679 2245 1689 2260 ,

988 2271 1077 2301 deest
1091 2271 1214 2300 1101111111
1229 2278 1291 2309 quo
1305 2271 1448 2300 exaltare
1460 2278 1494 2299 se
1510 2269 1620 2307 possit,
1633 2269 1689 2298 sed

988 2317 1079 2347 deest
1104 2317 1234 2346 omnino
1261 2316 1319 2355 qui
1342 2316 1454 2354 possit.
1479 2316 1531 2345 Est
1557 2315 1686 2352 quidem

987 2363 1135 2392 voluntas
1173 2362 1276 2392 multa
1287 2383 1296 2399 ,
1328 2361 1386 2391 sed
1419 2361 1509 2390 nulla
1539 2360 1688 2390 facultas.

987 2409 1129 2445 Nempe,
1146 2408 1268 2445 velint,
1292 2407 1397 2437 nolint
1412 2407 1579 2442 homines,
1600 2414 1690 2434 coni-

989 2454 1096 2482 111111115
1117 2453 1217 2482 totius
1237 2452 1335 2490 Adae,
1357 2452 1457 2482 totius
1482 2450 1688 2486 1111111301ςο-

988 2499 1075 2528 neris
1089 2507 1153 2527 vox
1169 2499 1217 2528 est
1234 2507 1242 2526 2
1257 2500 1293 2527 1η
1310 2499 1434 2527 veritate
1453 2499 1505 2526 tua
1521 2495 1689 2525 humiliasti

990 2554 1046 2573 me.
1063 2543 1214 2581 Quisquis
1236 2545 1345 2573 autem
1360 2544 1394 2572 in
1418 2541 1555 2571 veritate
1581 2539 1690 2568 humi-

990 2589 1106 2626 liatur,
1127 2589 1288 2618 veraciter
1310 2587 1518 2620 humiliatur,
1542 2592 1602 2613 nec.
1624 2585 1686 2614 nisi

991 2634 1149 2664 fallaciter
1165 2633 1337 2663 exaltatur.
1347 2630 1429 2668 Quid
1445 2630 1492 2660 est
1509 2631 1614 2659 autem
1631 2630 1690 2658 sal-
