1846 3078
544 203 588 230 IN
614 201 814 232 CANTICA
836 199 986 228 SERMO
1012 201 1111 229 XLV.

128 262 190 301 cit,
206 261 289 293 sicut
307 261 340 292 et
353 266 437 297 saepe
452 258 548 297 facit,
561 257 605 289 ita
621 258 657 288 ut
682 257 822 296 plerum-

127 317 190 347 que
213 315 306 346 cogar
326 304 530 343 imperfectas
547 303 607 344 (ut
628 304 689 342 ipsi
712 301 821 343 scitis)

127 353 309 390 relinquere
346 349 598 388 disputationes,
631 347 823 386 residuaque

127 397 340 436 capitulorum
352 395 387 425 in
397 395 483 425 diem
495 395 633 425 alterum
643 402 821 425 reservare.

126 443 188 472 Sed
203 441 300 480 quid‘}>
311 442 374 479 Ego
390 441 423 470 in
448 441 574 479 flagella
589 441 720 478 paratus
734 449 823 476 sum,

125 487 229 517 sciens
239 495 291 517 me
303 487 408 516 adhuc
423 487 567 525 recipere
580 487 675 524 longe
689 486 824 524 imparia

124 532 260 562 meritis.
296 532 454 570 Vapulem
479 540 554 561 sanc
566 553 575 569 ‚
599 531 751 569 vapulem
789 532 825 561 ut

123 577 208 606 male
221 585 373 615 operans,
387 577 411 606 si
423 577 503 607 forte
515 577 652 607 verbera
666 577 700 606 in
710 577 824 606 merita

123 623 319 660 reputentur
340 632 348 651 ι
371 622 512 652 fortassis
533 622 741 652 miserebitur
766 621 826 651 ssa-

122 668 261 705 gellam,
277 668 333 706 qui
346 669 466 698 bonum
491 668 593 697 inme
616 675 680 696 non
698 667 825 697 invenit

122 712 211 751 quod
225 714 430 751 remuneret,
446 720 579 750 sponsus
594 711 745 741 Ecclesiae
771 712 825 741 Je—

124 766 177 787 sus
204 758 347 787 Christus
372 758 527 787 Dominus
551 757 676 794 noster,
692 756 748 794 qui
777 758 826 787 est

124 811 221 841 super
232 803 339 833 omnia
349 804 436 833 Deus
445 801 637 833 benedictus
649 801 684 832 in
696 802 824 841 saecula,

125 857 230 878 amen.

313 948 484 986 SERMO
523 953 640 986 XLV.

125 1030 164 1055 De
181 1030 287 1061 duplici
304 1030 501 1060 pulcritudine
521 1031 641 1059 animae;
658 1032 684 1054 et
702 1029 826 1061 qualiter

153 1067 247 1090 anima
266 1067 396 1097 loquitur
414 1066 448 1089 ad
467 1066 517 1090 Dei
538 1066 684 1093 Verbum,
704 1069 730 1090 el
747 1066 825 1090 Ver-

153 1103 225 1126 bum
234 1102 268 1126 ad
276 1103 400 1126 animam
410 1110 416 1126 :
426 1104 451 1126 et
460 1109 525 1133 quae
533 1103 586 1127 sint
597 1109 699 1126 eorum
708 1103 824 1133 linguae.

166 1167 275 1197 l.Ecce
290 1169 323 1197 tu
335 1167 446 1205 pulcra
461 1176 490 1197 es
502 1168 604 1197 amica
614 1175 701 1203 mea,
715 1176 780 1197 ecce
793 1168 825 1197 tu

122 1213 231 1251 pulcra
238 1223 249 1251 ,-
265 1214 346 1242 oculi
374 1214 419 1242 tui
441 1213 664 1242 columbarum.
691 1213 823 1251 Pulcre‚

125 1258 246 1295 optime
263 1267 271 1287 ε
292 1266 335 1287 ex
357 1266 484 1296 amore,
501 1266 624 1296 sponsae
647 1267 826 1297 praesump-

123 1303 187 1341 ti03
201 1311 243 1333 ex
269 1312 378 1334 amore
391 1326 400 1341 ,
416 1303 595 1342 indignatio
622 1304 741 1342 sponsi.
759 1305 824 1335 Hoc

124 1349 173 1379 rei
189 1349 296 1379 exitus
310 1350 436 1387 probat.
451 1350 579 1379 Etenim
599 1351 826 1388 praesumptio-

124 1401 201 1423 nem
216 1395 396 1432 correptio,
413 1395 651 1432 correptionem
675 1397 826 1426 emenda-

125 1439 190 1477 tio,
206 1440 467 1470 emendationem
481 1442 699 1470 remuneratio
715 1443 824 1472 secuta

125 1485 184 1515 est.
200 1485 299 1515 Adest
313 1485 470 1523 dilectus,
480 1486 648 1515 amovetur
658 1487 823 1526 magister,

124 1539 184 1560 rex
205 1531 366 1569 disparet,
393 1531 533 1569 dignitas
560 1532 713 1570 exuitur,
729 1541 825 1563 reve-

124 1576 231 1606 rentia
259 1576 404 1614 ponitur.
427 1577 531 1607 Cl-:mr
556 1577 678 1616 quippe
707 1577 824 1618 fastus,

122 1621 181 1650 uhi
209 1621 381 1652 invalescit
395 1622 541 1652 affectus.
558 1624 594 1653 Et
615 1624 699 1653 sicut
722 1632 825 1662 quon—

124 1666 198 1696 dam
218 1667 310 1705 quasi
338 1668 463 1698 amicus
488 1669 528 1698 ad
543 1669 683 1698 amIcum
703 1670 825 1707 Moyses

123 1711 367 1750 loquebatur,et
375 1713 531 1742 Dominus
539 1714 770 1751 respondebat:
780 1715 824 1744 ita

125 1758 158 1786 et
173 1765 257 1786 nunc
274 1757 359 1787 inter
370 1758 514 1787 Verbum
533 1760 566 1788 et
577 1758 718 1787 animam
729 1781 737 1796 ,
747 1767 783 1788 ac
798 1760 824 1789 si

124 1803 212 1833 inter
226 1803 305 1833 duos
318 1804 456 1841 vicinos,
471 1803 638 1833 familiaris
653 1804 824 1834 admodum

125 1849 310 1878 celebratur
318 1849 546 1880 confabulatio.
559 1851 622 1879 Nec
638 1851 767 1881 mirum.
778 1854 825 1882 Ex

123 1903 188 1925 uno
200 1895 317 1924 amoris
329 1895 417 1925 fonte
428 1896 557 1933 utrIque
570 1896 677 1926 influit
690 1897 825 1936 diligere

124 1940 287 1978 invicem,
314 1940 477 1970 confoveri
499 1942 632 1979 pariter.
651 1943 731 1981 Ergo
753 1944 826 1974 dul-

126 1986 214 2015 ciora
235 1986 333 2016 melle
362 1986 474 2016 volant
503 1986 579 2016 hinc
602 1986 679 2017 inde
705 1989 823 2027 verba,

124 2031 228 2061 mutui
244 2031 278 2061 in
300 2039 333 2061 se
354 2032 454 2061 totius
479 2032 648 2062 suavitatis
677 2033 825 2064 seruntur

125 2077 274 2116 aspectus
285 2099 294 2114 ,
310 2078 412 2107 sancti
434 2077 558 2107 indices
573 2078 702 2108 amoris.
728 2080 825 2110 Deni-

124 2132 189 2162 que
220 2123 245 2153 is
271 2123 359 2153 illam
386 2124 524 2153 amicam
552 2125 735 2162 nuncupat,
752 2127 825 2164 pul-

124 2176 211 2197 cram
222 2168 422 2206 pronuntiat,
430 2169 577 2206 pulcram
589 2169 704 2207 iterat,
713 2171 824 2200 eadem

125 2213 166 2242 ab
190 2214 247 2243 illa
268 2213 413 2243 vicissim
438 2214 612 2252 recipiens.
629 2215 694 2244 Nec
724 2216 825 2246 otiosa

125 2259 254 2289 iteratio
265 2268 354 2296 ,quae
368 2259 486 2289 amoris
502 2260 703 2291 confirmatio
719 2262 784 2300 est,
794 2263 825 2292 et

125 2304 268 2335 fortassis
293 2304 415 2342 aliquid
437 2305 546 2335 innuit
577 2306 824 2344 requirendum.

166 2350 198 2379 2.
207 2350 393 2387 Quaeramus
404 2351 564 2387 geminam
580 2352 694 2381 animae
705 2354 827 2390 pulcri—

126 2396 274 2426 tudinem
292 2403 300 2424 :
320 2395 380 2424 hoc
402 2395 490 2424 enirn
515 2396 596 2425 mihi
622 2397 754 2427 videtur
776 2398 827 2428 in-

126 2449 240 2471 nuere.
257 2442 362 2470 Decor
375 2441 490 2472 animae
505 2442 673 2472 humilitas
688 2443 747 2473 est.
759 2445 826 2474 Non

127 2495 146 2516 a
159 2487 284 2525 meipso
300 2487 359 2516 hoc
372 2486 444 2517 dico
454 2509 463 2525 ‚
479 2495 552 2517 cum
567 2488 726 2526 Propheta
740 2489 827 2528 prior

127 2532 250 2562 dixerit
266 2541 274 2561 ε
292 2532 439 2571 Asperqes
453 2542 501 2562 me
516 2533 661 2572 hyssopo,
685 2536 713 2564 et
734 2543 828 2564 mun-

127 2578 241 2616 dabor,-
257 2578 374 2607 humili
390 2578 490 2608 herba
506 2579 539 2608 et
554 2579 695 2617 pectoris
708 2589 824 2619 purga-

130 2622 200 2658 tiva
227 2623 446 2655 humilitatem
473 2624 666 2663 significans.
693 2626 759 2658 Hac
792 2635 825 2657 se

857 255 929 293 post
942 262 1073 294 gravem
1081 255 1207 294 lapsum
1214 256 1286 285 Rex
1300 257 1496 298 etPropheta
1510 263 1556 292 la-

857 301 925 331 vari
936 301 1082 338 confidit,
1091 300 1177 331 etsie
1186 301 1320 331 niveum
1329 306 1499 340 quemdam
1508 308 1557 336 in-

858 347 1014 378 nocentiae
1029 355 1223 386 recuperare
1236 348 1420 379 candorem.
1434 352 1556 383 Verum

859 393 891 422 in
904 393 1006 431 coqui
1017 393 1158 432 graviter
1169 393 1328 431 peccavit,
1338 394 1397 423 etsi
1408 398 1555 435 amanda,

860 447 922 468 non
938 440 1050 469 tamen
1066 439 1255 469 admiranda
1277 439 1456 469 humilitas.
1477 442 1515 470 At
1531 443 1557 472 si

857 485 928 522 quis
943 485 1163 514 innocentiam
1175 485 1320 522 retinet,
1337 484 1371 514 et
1392 485 1559 514 nihilomi-

859 537 918 558 nus
935 529 1157 559 humilitatem
1171 529 1297 568 jungit,
1322 536 1430 558 nonne
1446 529 1474 558 is
1496 530 1558 559 tibi

858 574 987 604 videtur
1002 575 1168 613 geminum
1185 575 1301 605 animae
1323 573 1489 612 possidere
1504 573 1559 603 de—

858 620 1108 651 corem?Sancta
1119 621 1218 651 Maria
1233 620 1479 651 sanctimoniam
1494 627 1560 649 non

858 666 984 703 amisit,
1001 667 1034 696 et
1062 666 1249 696 humilitate
1277 674 1342 695 non
1365 665 1470 695 caruit
1495 674 1503 694 τ
1527 666 1560 694 et

860 711 931 741 ideo
946 711 1134 750 concupivit
1144 712 1216 741 Rex
1231 711 1380 741 decorem
1393 711 1475 748 ejus,
1485 711 1561 748 quia

859 756 1076 787 humilitatem
1092 756 1287 787 innocentiae
1301 756 1447 787 sociavit.
1463 756 1562 785 Deni-

858 809 920 839 que
932 803 1065 840 rcspeoez‘t
1074 824 1083 840 ‚
1093 802 1211 840 inquit,
1223 802 1425 832 humilitatem
1442 802 1561 831 ancillae

857 856 931 877 suae.
949 849 1028 885 Ergo
1055 848 1144 878 beati
1165 848 1223 886 qui
1250 847 1436 877 custodiunt
1460 846 1561 877 vesti-

858 894 966 923 menta
984 902 1040 923 sua
1058 893 1198 932 munda,
1224 893 1381 923 videlicet
1402 892 1562 930 simplici-

860 939 934 969 tatis
947 939 1196 976 etinnocentiae,
1208 939 1234 969 si
1244 939 1353 968 tamen
1368 939 1402 969 et
1411 939 1560 968 decorem

859 984 994 1015 induere
1018 985 1216 1015 humilitatis
1231 984 1398 1022 adjiciant.
1414 983 1560 1013 Profecto

859 1029 969 1060 audiet
983 1039 1054 1069 quae
1076 1029 1262 1067 hujusmodi
1279 1029 1466 1059 invenitur:
1482 1030 1560 1058 Ecce

860 1076 890 1103 lu
905 1076 1014 1113 pulcra
1030 1085 1060 1106 es
1075 1077 1175 1106 amica
1189 1084 1257 1105 mea
1268 1097 1277 1112 ‚
1293 1084 1357 1104 ecce
1383 1077 1415 1104 lu
1434 1075 1556 1112 pulcra.

859 1120 986 1150 Utinam
1013 1122 1067 1151 vel
1092 1120 1193 1150 semel
1221 1120 1308 1150 dicas
1329 1119 1443 1148 animae
1459 1127 1560 1157 meae,

859 1167 996 1196 Domine
1007 1167 1082 1197 Jesu
1093 1168 1189 1196 :Ecce
1205 1168 1237 1196 ἰιι
1251 1167 1359 1204 pulcra
1373 1174 1414 1195 es.
1430 1164 1559 1194 Utinam

859 1213 939 1242 mihi
955 1213 1177 1242 humilitatem
1194 1211 1375 1242 custodias!
1399 1220 1473 1240 nam
1492 1211 1560 1249 pri-

860 1267 943 1288 mam
957 1259 1083 1289 vestem
1099 1267 1157 1296 ego
1172 1258 1257 1287 male
1283 1257 1422 1287 servavi.
1440 1257 1560 1286 Servus

859 1305 931 1335 tuus
947 1313 1017 1334 sum
1030 1313 1099 1342 ego.
1112 1305 1176 1334 Nec
1193 1303 1280 1333 enim
1296 1303 1399 1333 audeo
1414 1303 1560 1342 profiteri

858 1350 1017 1388 amicum,
1034 1351 1091 1388 qui
1107 1349 1332 1379 testimonium
1352 1348 1479 1378 decoris
1493 1348 1560 1377 mei

859 1405 931 1425 cum
943 1395 1139 1433 repetitione
1149 1403 1214 1424 non
1227 1392 1560 1423 audio.Sufficitmihi

858 1442 883 1471 si
899 1441 1001 1471 semel
1024 1441 1165 1470 audiam.
1185 1439 1248 1470 Sed
1263 1439 1341 1477 quid
1355 1439 1382 1468 si
1402 1439 1435 1468 et
1450 1438 1510 1468 hoc
1525 1438 1560 1467 in

858 1486 1033 1524 quaestione
1058 1485 1120 1515 sit?
1136 1486 1208 1515 Scio
1229 1484 1308 1523 quid
1326 1484 1443 1514 faciam
1466 1492 1475 1512 t
1499 1491 1559 1514 ve-

857 1532 994 1562 nerabor
1008 1531 1145 1561 amicam
1162 1539 1293 1569 servus,
1310 1530 1509 1561 cumulatum
1525 1529 1560 1559 in

858 1587 895 1608 ea
906 1578 1057 1608 decorem
1070 1576 1224 1607 deformis
1236 1577 1450 1606 homunculus
1458 1575 1561 1605 admi-

858 1625 952 1653 rabor
971 1633 978 1652 :
996 1623 1142 1661 gaudebo
1158 1622 1198 1652 ad
1212 1630 1325 1652 vocem
1341 1621 1468 1659 sponsi,
1486 1621 1560 1650 tan-

858 1671 923 1699 tam
947 1668 1162 1698 nihilominus
1183 1667 1441 1706 pulcritudinem
1457 1666 1560 1696 admi-

859 1714 969 1744 rantis.
990 1714 1068 1751 Quis
1084 1714 1162 1750 scit,
1180 1713 1207 1742 si
1231 1714 1346 1743 saltem
1368 1720 1410 1741 ex
1426 1711 1487 1742 hoc
1507 1712 1559 1741 in—

859 1762 1015 1790 venturus
1029 1760 1090 1789 sim
1108 1759 1245 1796 gratiam
1261 1759 1296 1788 in
1310 1757 1413 1788 oculis
1427 1757 1558 1795 amicae,

859 1807 893 1835 ut
908 1806 1010 1844 gratia
1038 1805 1139 1843 ipsius
1164 1806 1198 1835 et
1217 1805 1286 1842 ipse
1310 1803 1459 1833 inveniar
1474 1802 1559 1833 inter

859 1850 998 1880 amicos?
1012 1851 1161 1889 Denique
1177 1850 1301 1879 amicus
1312 1848 1419 1888 sponsi
1433 1849 1509 1886 stat,
1525 1849 1560 1878 et

858 1896 973 1933 gaudio
999 1896 1118 1934 gaudet
1138 1896 1271 1933 propter
1295 1903 1410 1924 vocem
1435 1893 1557 1932 sponsi.

859 1943 905 1971 En
922 1951 986 1972 vox
1002 1942 1071 1979 ejus
1086 1941 1120 1971 in
1132 1941 1264 1970 auribus
1278 1940 1406 1970 dilectae
1421 1949 1429 1969 :
1447 1940 1560 1970 audia-

860 1997 929 2018 mus
955 1988 988 2018 et
1013 1987 1221 2025 gaudeamus.
1244 1986 1369 2016 Adsunt
1400 1986 1462 2015 sibi
1475 2008 1485 2024 ,
1512 1987 1560 2016 lo-

858 2035 999 2071 quuntur
1019 2033 1162 2071 pa1-iter3
1184 2033 1306 2062 stemus
1321 2032 1418 2062 simul
1438 2040 1446 2060 ι
1468 2032 1559 2062 nulla

859 2088 914 2109 nos
924 2080 998 2109 huic
1007 2079 1165 2109 subducat
1177 2077 1335 2117 colloquio
1347 2077 1456 2108 saeculi
1469 2086 1558 2116 cura,

859 2125 948 2155 nulla
965 2124 1119 2155 illecebra
1141 2124 1294 2162 corporis.

897 2172 928 2200 5.
937 2172 1025 2207 Ecce,
1034 2171 1154 2208 inquit,
1165 2171 1310 2208 tupulcra
1320 2180 1350 2201 es
1361 2171 1463 2200 amica
1471 2178 1559 2210 mea,-

858 2226 921 2246 ecce
946 2219 978 2246 tu
1001 2217 1120 2255 pulcra.
1137 2218 1215 2246 Ecce
1243 2216 1466 2246 admirationis
1493 2225 1559 2246 vox

859 2262 919 2300 est,
928 2261 1089 2300 reliquum
1103 2261 1220 2291 laudis.
1230 2262 1344 2291 Merito
1357 2261 1558 2300 admiranda,

859 2307 911 2336 cui
927 2307 1081 2337 sanctitas
1107 2307 1223 2337 amissa
1244 2307 1466 2337 humilitatem
1491 2315 1557 2336 non

858 2353 984 2391 attulit,
1000 2353 1057 2382 sed
1068 2353 1194 2383 servata
1210 2352 1350 2383 admisit.
1360 2353 1472 2382 Merito
1487 2353 1558 2390 pul-

860 2407 912 2429 cra
933 2399 1113 2438 repetitur,
1136 2399 1189 2429 cui
1212 2399 1328 2428 neutra
1351 2398 1456 2428 defuit
1483 2398 1557 2435 pul-

860 2445 996 2476 critudo.
1006 2446 1108 2475 ΒΑΕΔ
1119 2451 1196 2475 AVIs
1206 2453 1243 2475 IN
1255 2444 1454 2482 TERR13‚aut
1468 2450 1557 2472 sanc-

860 2491 986 2521 titatem
1002 2499 1065 2521 non
1082 2491 1222 2530 perdere
1235 2512 1244 2529 ‚
1263 2490 1319 2520 aut
1337 2487 1555 2518 humilitatem

859 2537 1070 2567 sanctimonia
1085 2545 1148 2567 non
1165 2536 1294 2567 excludi
1309 2544 1317 2564 ε
1335 2534 1450 2564 ntideo
1462 2532 1555 2562 beata

859 2591 931 2620 quoe
951 2581 1125 2620 utramque
1149 2582 1298 2612 retinuit.
1314 2579 1460 2616 Denique
1481 2585 1556 2616 pro-

861 2627 971 2658 batum
989 2628 1037 2659 est
1054 2637 1062 2657 ι
1078 2627 1161 2658 nihil
1188 2626 1250 2657 sibi
1278 2623 1403 2655 conscia
1429 2623 1497 2661 est,
1524 2622 1557 2653 et
