1830 3073
495 222 552 251 1³13
575 216 789 252 DlVERSIS
816 218 969 250 SERMO
993 221 1080 251 XLI.

87 281 163 313 boni
179 279 318 319 malique
340 285 458 310 nomen
474 277 656 309 assumunt.
678 275 781 307 Media

82 328 158 357 sunt
169 325 332 356 ambulare
345 345 354 362 ,
374 322 488 353 sedere
498 343 507 360 ,
523 322 633 361 loqui,
647 322 758 352 tacere
771 341 781 358 ,

85 373 268 410 comedere,
287 370 451 409 jejunare,
463 369 611 407 vigilare,
628 367 780 404 dormire,

83 420 116 448 et
130 419 156 449 si
170 425 232 456 qua
246 416 321 447 sunt
335 414 456 445 similia
473 423 481 444 :
504 423 576 453 quae
597 413 624 443 si
642 411 780 450 pastoris

83 463 212 494 licentia
227 461 324 499 fiant,
339 468 500 491 summam
516 458 707 497 exspectant
726 465 780 488 re-

81 509 303 539 tributionem.
325 507 362 537 111
382 506 433 536 his
448 506 550 544 igitur
569 504 686 535 mediis
706 503 780 534 suh-

80 554 139 584 diti
156 562 224 584 esse
238 554 271 584 et
284 552 474 584 obedientes
492 551 648 582 debemus
659 549 699 580 ad
719 557 780 579 nu—

80 602 148 631 tum
161 599 417 638 praepositorum,
432 597 517 628 nihil
531 595 779 634 interrogantes,

79 646 213 685 propter
225 643 455 675 conscientiam
469 651 477 672 :
493 641 569 680 quia
584 641 618 671 in
639 641 691 671 his
705 641 780 671 nul-

79 692 149 722 lum
171 690 311 729 praefixit
335 697 415 728 opus
435 689 541 726 DeuS,
557 687 613 718 sed
628 686 780 725 praelato-

80 745 150 767 rum
159 733 476 774 dereliquitimperio
488 733 699 771 disponenda.
712 733 779 762 Non

79 783 189 812 autem
205 783 237 811 te
259 779 389 811 moveat
413 778 566 817 magister
590 778 778 818 imperitus,

79 828 253 858 indiscreta
268 825 411 865 potestas
425 833 433 854 τ
446 825 505 855 sed
518 824 687 855 memento
702 825 779 864 quia

79 881 142 903 non
158 873 206 903 est
221 872 360 911 potestas
375 871 439 901 nisi
455 878 473 900 a
490 871 577 909 De03
594 871 627 901 et
648 870 703 909 qui
726 879 780 901 re-

79 919 164 950 sistit
178 917 349 957 potestati,
360 917 485 948 resistit
494 917 555 947 Dei
570 916 778 947 ordinationi.

79 966 154 995 llaec
176 964 224 994 est
245 963 376 1002 propria
404 962 550 993 hominis
573 962 779 1002 obedientia,

79 1019 175 1048 quarn
189 1009 694 1047 hominidebemuS,quihomini
708 1010 782 1040 sub-

80 1056 139 1087 ‹liti
152 1064 272 1086 sumus.
288 1054 474 1086 Communis
489 1055 539 1085 est
550 1055 649 1085 etiam
661 1055 722 1086 ista
734 1056 782 1085 in-

80 1106 130 1132 ter
150 1103 253 1132 Deum
266 1102 300 1131 et
318 1100 485 1131 hominem
502 1109 510 1130 ε
532 1101 608 1139 quia
627 1101 782 1140 quicquid

79 1148 273 1178 obedientiae
283 1146 427 1177 Praelatis
443 1146 630 1185 exhibetur,
643 1146 674 1177 ei
687 1148 782 1177 exhi—

79 1194 174 1223 betur
182 1193 238 1231 qui
254 1193 334 1222 dicit
349 1200 358 1221 t
374 1193 496 1231 Quivos
507 1193 612 1229 audit,
625 1201 672 1222 me
684 1194 779 1224 audit.

77 1240 155 1268 Cum
183 1245 297 1276 magna
313 1237 413 1275 igitur
426 1237 555 1267 cautela
570 1237 630 1267 hoc
650 1238 781 1268 tramite

79 1284 216 1314 dicimus
248 1282 465 1314 incedendum
491 1290 499 1311 ε
523 1282 599 1320 quia
631 1283 665 1313 et
686 1283 780 1314 multi

78 1330 193 1369 gradus
219 1328 342 1359 ibidem
357 1327 564 1366 delitescunt,
576 1336 713 1366 quorum
725 1330 780 1368 qui

79 1383 181 1406 uuum
194 1373 383 1413 reliquerit,
399 1373 531 1404 caeteros
554 1373 623 1404 sine
639 1375 781 1406 retribu-

79 1422 167 1452 tione
188 1419 330 1450 tenebit.

119 1466 149 1497 ίι.
167 1465 292 1496 Primus
312 1465 421 1496 autem
444 1464 561 1504 gradus
577 1465 627 1496 est
647 1465 779 1497 obedire

78 1513 232 1543 libenter.
255 1511 367 1542 Omnis
390 1510 466 1541 aetas
491 1511 532 1541 ab
557 1511 779 1543 adolescentia

80 1567 135 1589 sua
156 1566 257 1598 prona
273 1558 323 1588 est
343 1557 378 1587 in
398 1558 520 1587 malum
533 1579 542 1596 ,
557 1557 591 1587 et
605 1558 779 1596 unusquis·

79 1613 140 1643 que
156 1604 357 1635 voluntatem
375 1602 469 1642 pravi
483 1603 589 1634 cordis
609 1603 660 1634 sui
675 1604 779 1634 secta-

79 1652 143 1681 tur.
153 1651 198 1680 Ab
211 1651 267 1680 illa
279 1649 367 1680 enim
378 1649 491 1689 primae
500 1649 779 1687 praevaricationis

78 1696 227 1735 angustia
241 1695 372 1725 innatus
391 1697 439 1725 est
453 1694 578 1724 homini
594 1702 684 1725 amor
703 1704 779 1734 pro-

78 1743 156 1781 priae
183 1740 382 1778 voluntatis,
402 1748 474 1778 quae
495 1739 700 1770 voluntatem
728 1742 778 1772 sui

78 1785 443 1823 Creatorisrelinquens,
454 1784 501 1814 ibi
514 1785 642 1815 subdita
655 1787 704 1817 est
711 1794 779 1817 ser-

80 1831 257 1869 vituti,ubi
269 1830 374 1861 voluit
386 1829 557 1860 dominari.
573 1830 714 1862 Difficile
731 1834 780 1864 est

80 1887 153 1916 ergo
181 1886 272 1908 suam
297 1876 485 1914 relinquere
517 1876 720 1908 voluntatem
746 1879 780 1909 et

79 1924 212 1954 alterius
227 1922 386 1953 voluntati
402 1921 578 1953 deservire.
594 1923 779 1960 Quamlibet

78 1970 185 1998 autem
200 1974 297 2005 grave
312 1966 364 2005 sit,
386 1974 451 1996 non
466 1966 573 2004 potest
586 1967 695 1999 tamen
710 1971 778 2009 pri-

79 2023 166 2043 mum
178 2012 373 2043 obedientiae
382 2012 557 2042 ascendere
566 2013 710 2054 gradum,
722 2018 777 2055 qui

79 2060 278 2090 voluntatem
300 2058 519 2097 praecipientis
536 2068 626 2090 suam
647 2070 712 2092 non
732 2063 778 2094 fe-

79 2106 171 2136 cerit.
188 2106 223 2134 In
234 2104 401 2135 voluntate
423 2112 480 2134 sua
493 2104 599 2142 ,iustus
622 2108 779 2145 gloriatur

78 2160 147 2182 sese
159 2150 294 2181 Domino
303 2150 460 2182 confiteri.
473 2151 564 2182 Unde
582 2153 613 2183 V
612 2154 775 2195 oluntarz'e,

78 2198 194 2236 inquit,
210 2197 389 2235 sacrificabo
402 2197 467 2228 tibi.
484 2196 557 2227 Sola
570 2205 644 2236 ergo
661 2201 777 2232 volun-

77 2244 123 2272 tas
139 2242 198 2280 est,
214 2251 287 2281 quae
302 2242 401 2274 totius
423 2243 531 2281 operis
555 2245 648 2274 ornat
674 2246 777 2278 effec-

77 2290 159 2325 tum,
174 2288 245 2318 sine
267 2296 331 2326 qua
345 2296 405 2319 nec
420 2288 503 2319 bene
521 2289 644 2328 aliquid
659 2292 775 2332 agitur,

78 2333 204 2363 etiamsi
230 2333 351 2363 bonum
375 2342 444 2365 esse
469 2335 630 2367 videatur.
660 2339 707 2368 Ex
721 2348 776 2370 vo-

76 2380 200 2409 luntate
217 2379 317 2417 igitur
331 2380 536 2418 suscipienda
551 2383 625 2413 sunt
640 2383 776 2422 imperia

80 2425 299 2462 praelatorum,
315 2426 347 2455 et
360 2427 465 2464 ipsum
480 2435 535 2457 cor
548 2436 566 2458 a
581 2428 648 2459 suis
663 2431 777 2461 volun-

77 2471 168 2501 tariis
183 2470 413 2501 reflexionibus
425 2472 663 2512 abducendum,
675 2475 775 2507 donec

77 2518 204 2555 propria
215 2517 362 2547 voluntas
377 2519 516 2548 mactata
531 2520 716 2551 mandatum
729 2522 776 2552 di-

78 2562 154 2600 ligat
169 2563 372 2600 imperantis.
388 2564 454 2594 Hoc
470 2564 519 2594 est
534 2573 609 2604 ergo
634 2566 777 2599 libenter

78 2606 222 2646 obedire,
233 2608 439 2639 Praelatorum
450 2610 652 2643 voluntatem
665 2613 776 2644 volun-

80 2651 218 2684 Iuni-arie
240 2653 430 2693 adinqilere.

1473 228 1514 259 85¹

856 276 886 307 5.
904 276 1073 307 Secundus
1095 275 1212 315 gradus
1227 279 1276 310 est
1284 273 1514 320 obtemperare

815 322 1020 361 simpliciter.
1036 323 1098 362 Qui
1107 323 1437 364 ambulatsimplicioer,
1449 337 1516 359 am-

815 367 900 399 balat
914 368 1108 406 confidenter.
1126 368 1163 398 In
1187 367 1395 408 simplicitate
1411 373 1516 403 cordis

813 413 864 445 sui
880 414 972 445 laetus
986 414 1106 446 obtulit
1127 414 1278 445 Salomon
1292 415 1460 455 universa3
1482 419 1517 448 et

813 460 848 491 in
872 460 1085 499 simplicitate
1111 460 1216 491 cordis
1235 468 1383 499 quaerere
1407 461 1517 492 Domi-

812 514 890 536 num
904 505 1070 545 Scriptura
1082 506 1323 545 praemonstrat.
1339 506 1454 537 Multos
1470 507 1519 537 vi-

812 552 924 583 demus
931 552 1005 592 post
1015 552 1238 591 praecipientis
1249 551 1425 590 imperium
1434 553 1519 583 mul-

811 598 859 628 tas
867 597 974 630 facere
983 598 1178 638 quaestiones
1187 606 1196 637 ς
1207 606 1276 637 cur,
1284 606 1397 637 quare,
1406 606 1519 637 quam-

812 644 943 684 obrem,
981 644 1099 683 saepius
1134 644 1333 683 interrogare
1346 665 1356 682 ,
1388 645 1519 675 crebras

812 690 1015 729 ingeminare
1030 691 1199 730 querelas3
1229 698 1376 730 quaerere
1387 712 1396 730 ,
1411 691 1517 728 Quare

812 736 872 766 hoc
887 736 1057 775 praecipit,
1072 737 1160 767 unde
1174 736 1235 767 hoc
1250 735 1355 774 venit,
1369 736 1442 775 quis
1457 736 1518 766 hoc

812 782 982 814 adinvenit
992 781 1183 814 consilium?
1195 782 1274 813 Inde
1290 781 1518 820 murmuratio,

811 827 890 858 inde
905 828 1006 860 verba
1021 828 1312 859 murmurationem
1327 828 1359 858 et
1373 827 1520 867 indigna·

812 874 937 905 tionem
948 875 1109 913 sonantia,
1123 874 1157 905 et
1168 873 1351 905 redolentia
1365 874 1519 905 amaritu-

813 920 936 951 dinem.
953 921 1032 951 lnde
1049 920 1205 959 frequens
1219 919 1402 958 excusatio,
1417 919 1518 951 simu—

813 966 890 996 latio
906 966 1197 1005 impossibilitatis,
1214 966 1383 997 advocatio
1397 966 1519 996 amico-

814 1020 897 1041 rum.
926 1013 996 1042 Non
1021 1012 1068 1043 sic
1106 1012 1280 1043 Abrabam.
1316 1011 1402 1043 Audi
1440 1011 1520 1051 quid

813 1057 971 1088 Dominus
992 1058 1032 1088 de
1052 1057 1194 1096 simplici
1216 1057 1335 1096 populo
1359 1057 1519 1095 proteste-

814 1104 878 1133 tur.
889 1105 925 1133 1η
933 1105 1053 1140 auditu,
1061 1103 1180 1142 inquit,
1193 1104 1279 1134 auris
1287 1102 1519 1140 obedivitmihz':

815 1150 850 1179 ut
865 1149 1023 1180 videlicet
1038 1149 1246 1187 ostenderet,
1261 1157 1326 1180 uno
1338 1150 1519 1188 eodemque

815 1196 980 1225 momento
995 1195 1190 1234 processisse
1205 1195 1240 1226 et
1251 1195 1444 1234 imperantis
1456 1195 1521 1225 im-

815 1240 954 1278 perium,
969 1241 1002 1271 et
1013 1241 1206 1280 obsequium
1219 1241 1439 1280 obsequentis.
1455 1242 1520 1272 No—

815 1286 863 1315 Ie‘tc
878 1295 985 1317 errare
997 1307 1007 1324 ‚
1022 1288 1106 1318 Deus
1119 1295 1183 1317 non
1201 1288 1359 1318 irridetur.
1375 1287 1519 1317 Murmu—

814 1340 864 1362 ras
891 1333 1002 1362 contra
1038 1333 1209 1363 Praelatum
1245 1333 1281 1363 in
1307 1332 1519 1363 tabernaculo

814 1378 956 1417 corporis
980 1378 1051 1410 tui?
1072 1379 1181 1409 elevat
1202 1387 1334 1409 manum
1362 1385 1453 1409 suam
1478 1379 1519 1409 ad

813 1425 1086 1462 prosternendum
1101 1426 1133 1456 te
1149 1425 1285 1456 dextera
1301 1424 1375 1455 Dei.
1397 1425 1518 1456 Incede

813 1470 913 1509 igitur
926 1470 1120 1510 simpliciter
1135 1471 1170 1505 in
1183 1471 1343 1502 mandatis
1361 1470 1521 1502 obedien-

812 1516 884 1554 tiae,
911 1513 1034 1548 addens
1065 1517 1228 1549 voluntati
1251 1516 1497 1557 simplicitatem
1508 1541 1517 1556 ‚

812 1561 989 1593 intentioni
1024 1562 1314 1594 illuminationem.
1348 1563 1518 1594 Fortitudo

812 1607 901 1637 enim
922 1608 1083 1647 simplicis
1101 1609 1156 1640 via
1177 1609 1328 1647 Domini,
1342 1618 1416 1648 quae
1441 1610 1518 1640 obe-

812 1653 935 1685 dientia
943 1655 1003 1686 est.
1016 1655 1256 1686 Fortitudinem
1264 1654 1366 1694 igitur
1377 1655 1519 1686 induunt

812 1698 868 1737 qui
883 1699 1074 1732 obedientes
1090 1701 1184 1738 sunt,
1208 1701 1243 1731 et
1256 1700 1453 1740 simpliciter
1467 1701 1518 1733 in-

813 1745 946 1775 cedunt.

852 1790 883 1819 6.
909 1790 1039 1823 Tertius
1061 1791 1178 1830 gradus
1193 1791 1243 1822 est
1259 1790 1412 1824 hilariter
1437 1791 1518 1823 ohe-

812 1833 893 1864 dire.
906 1835 1046 1866 Hilarem
1060 1837 1141 1866 enim
1153 1837 1293 1867 datorem
1311 1838 1408 1876 diliqit
1421 1839 1517 1869 Deus.

813 1882 883 1910 Non
894 1890 934 1911 ez·
947 1882 1083 1918 tristitia,
1097 1881 1205 1920 inquit
1218 1882 1399 1921 Apostolus,
1411 1885 1467 1914 aut
1478 1893 1518 1913 ex

812 1928 998 1958 necessitate.
1016 1928 1182 1958 Serenitas
1196 1928 1232 1958 in
1246 1928 1361 1967 vultu,
1377 1928 1516 1959 dulcedo

813 1973 846 2002 in
863 1973 1085 2012 sermonibus,
1108 1975 1248 2005 multum
1269 1975 1416 2005 colorant
1437 1975 1518 2005 obe-

813 2018 969 2049 dientiam
985 2020 1206 2058 obsequentis.
1224 2019 1316 2051 Unde
1332 2020 1365 2051 et
1383 2020 1518 2060 gentilis

812 2063 869 2093 ille
885 2066 981 2103 poeta
1003 2066 1050 2096 sic
1064 2066 1110 2097 ait
1126 2074 1134 2095 :
1150 2066 1256 2105 Super
1280 2066 1390 2096 omnia
1406 2063 1531 2098 vultus>

811 2119 976 2142 accessere
998 2112 1090 2142 boni.
1112 2112 1192 2149 Quis
1213 2111 1302 2142 enim
1322 2113 1414 2144 locus
1438 2113 1517 2144 obe-

811 2157 954 2195 dientiae,
966 2157 1023 2187 ubi
1033 2157 1175 2189 tristitiae
1185 2157 1330 2189 cernitur
1341 2158 1518 2197 aegritudo?

811 2204 989 2235 Ostendunt
997 2204 1190 2243 plerumque
1199 2204 1403 2237 voluntatem
1413 2205 1514 2236 animi

811 2250 900 2288 signa
916 2250 1097 2288 exteriora,
1114 2251 1148 2281 et
1163 2249 1296 2282 difficile
1313 2251 1363 2281 est
1387 2252 1425 2283 ut
1441 2253 1516 2282 vul-

811 2295 880 2325 tum
895 2304 959 2326 non
975 2296 1125 2332 mutent,
1140 2296 1197 2334 qui
1218 2296 1348 2327 mutant
1365 2297 1516 2328 volunta·

811 2342 888 2371 tem.
911 2342 1063 2371 Nubilosa
1087 2341 1230 2379 corporis
1256 2342 1464 2381 compositio,
1481 2344 1516 2373 et

812 2387 909 2418 facies
924 2387 1071 2417 tenebris
1090 2387 1234 2418 tristitiae
1257 2387 1442 2427 obfuscata,
1459 2388 1515 2419 de-

811 2433 973 2463 votionem
989 2433 1028 2462 ab
1045 2432 1153 2462 animo
1173 2433 1347 2464 recessisse
1369 2434 1512 2472 signant.

811 2478 946 2517 Respice
962 2478 1065 2508 David
1081 2479 1155 2509 ante
1179 2487 1287 2509 arcam
1313 2479 1443 2509 Domini
1464 2480 1514 2509 hi-

810 2524 921 2554 lariter
931 2525 1118 2562 saltantem,
1131 2525 1164 2555 et
1177 2533 1273 2564 quam
1286 2524 1451 2563 sapienter
1461 2534 1514 2556 su-

810 2570 990 2608 perbientis
1019 2570 1151 2601 feminae
1182 2571 1342 2609 reprimat
1366 2570 1513 2608 indigna-

810 2616 945 2646 tionem.
962 2618 1081 2647 Luciam
1097 2639 1106 2654 ,
1123 2617 1247 2655 inquit,
1269 2618 1297 2646 ct
1313 2617 1402 2646 vilior
1417 2625 1468 2646 ero
1480 2618 1513 2647 in

793 2659 971 2698 leonsmctu
994 2664 1131 2693 Domini.
1161 2663 1272 2692 Cernis
1296 2661 1393 2698 igitur
1415 2670 1511 2700 quam
