1846 3078
292 286 393 327 mihi,
408 286 502 326 iuxta
523 286 692 326 Prophetae
720 287 908 322 consilium,
930 291 988 321 ap-

293 333 496 371 prehendere
539 332 743 371 disciplinam
758 354 768 369 ,
816 328 987 367 nequando

293 378 450 409 irascatur
468 379 643 415 Dominus,
666 379 699 408 et
721 383 853 415 peream
870 375 910 403 de
933 373 986 403 via

290 423 387 461 justa.
400 426 493 455 voro
503 430 686 454 missenus
700 429 799 458 mim,
813 420 907 449 Pater
927 418 988 447 mi-

293 470 541 500 sericordiarum
558 478 566 498 2
581 468 637 498 sed
651 468 704 496 illa
725 467 790 502 ira,
806 472 869 503 qua
885 464 986 494 corri-

292 514 340 552 gis
355 515 486 545 devium
497 536 506 552 ,
526 521 590 543 non
610 520 672 550 qua
689 510 835 541 extrudis
850 509 890 539 de
918 508 983 538 via.

292 560 377 590 Illud
399 561 455 590 tua
479 559 570 589 nobis
591 557 729 593 benigna
751 554 985 584 animadversio

290 605 394 642 parit,
417 604 476 633 hoc
492 601 696 632 formidolosa
717 599 819 629 nutrit
834 599 986 628 dissimu-

291 649 382 679 latio.
404 649 470 678 Non
487 647 574 677 enim
593 653 666 674 cum
684 645 816 681 nescio,
835 645 892 673 sed
913 651 985 673 cum

291 692 394 722 sentio
410 693 442 721 te
454 691 569 720 iratum
580 711 589 726 ,
604 690 681 719 tunc
695 688 838 718 maxime
861 687 984 717 confido

292 737 467 776 propitium
484 744 492 764 ε
509 734 631 764 etenim
647 742 720 764 curn
743 733 844 763 iratus
866 733 983 770 fueris,

291 781 520 812 misericordiae
544 778 776 809 recordaberis.
800 780 882 808 Deus
899 800 907 815 ,
934 779 985 807 in-

291 829 379 866 quit,
401 829 433 857 tu
451 827 602 864 propinus
617 825 703 862 fuisti
719 825 778 860 eis,
801 826 829 853 et
843 825 985 854 ulciscens

291 875 322 902 in
342 881 443 902 omnes
465 872 691 901 adinventiones
712 877 831 899 eorum.
853 869 983 906 Moysen

291 918 431 956 loquitur
453 917 486 945 et
508 916 631 952 Aaron,
661 915 756 952 atque
782 914 983 951 Samuelem,

290 971 367 1001 quos
385 962 478 992 modo
502 961 723 999 praemiserat,·
752 960 785 989 et
807 959 868 989 1100
892 961 985 989 vocat

289 1008 568 1047 propitiationem,
584 1005 672 1044 quod
687 1013 799 1035 eorum
816 1005 904 1035 Deus
918 1013 982 1034 11011

288 1054 437 1092 pepercit
461 1051 659 1082 excessibus.
681 1052 694 1079 1
718 1058 805 1080 nunc
827 1052 865 1080 tu
888 1058 982 1088 ergo,

288 1100 385 1137 atque
398 1100 480 1128 hanc
496 1097 557 1128 tibi
570 1096 738 1127 excludito
754 1096 787 1125 in
803 1096 960 1126 aeternum
975 1119 983 1134 ,

289 1143 490 1174 defendendo
502 1150 643 1173 errorem
654 1163 663 1179 ,
679 1143 711 1171 et
726 1141 902 1171 accusando
916 1150 984 1171 cor—

288 1191 481 1228 reptionem.
498 1190 609 1218 Annon
625 1188 712 1218 istud
737 1188 785 1217 est
799 1188 919 1217 malum
935 1188 985 1217 di-

289 1244 362 1266 cere
378 1236 496 1265 bonum
506 1258 514 1273 ,
529 1236 560 1265 et
572 1235 690 1264 bonum
706 1232 907 1263 111311111κέΑο
920 1242 982 1263 non

289 1289 331 1311 ex
338 1282 397 1311 hac
405 1282 512 1311 odiosa
521 1279 720 1319 impudentia
730 1279 901 1317 pullulabit
909 1288 982 1309 mox

292 1327 531 1364 impoenitentia
548 1348 558 1363 ,
586 1327 691 1355 mater
720 1325 952 1363 desperationis
973 1325 984 1354 ἓ

289 1373 392 1409 Quem
409 1372 497 1401 enim
512 1372 669 1410 poeniteat
684 1379 779 1409 super
794 1371 876 1400 hono
900 1372 981 1409 quod

290 1417 401 1456 putat?
417 1419 471 1448 Voe
483 1419 541 1447 illis
552 1439 562 1453 ,
579 1417 694 1454 inquit.
719 1418 773 1447 Voe
790 1416 874 1446 istud
889 1418 978 1446 33101·-

289 1472 368 1494 1111111
394 1463 452 1493 051.
470 1463 564 1492 Α1111(1
581 1464 629 1492 est
643 1470 804 1499 quemque
824 1462 942 1491 tentari
965 1471 980 1491 3

289 1509 418 1548 propria
441 1508 703 1545 concupiscentia
733 1507 925 1537 abstractum
949 1510 979 1538 et

289 1555 453 1590 illectum3
471 1554 505 1582 et
520 1553 607 1582 aliud
622 1553 734 1590 sponte
751 1554 902 1590 appetere
915 1562 982 1583 ma—

289 1601 355 1630 lum
370 1600 533 1637 tamquam
547 1598 677 1636 bonum,
692 1597 730 1627 ad
742 1599 876 1635 mortem
892 1600 979 1636 quasi

289 1645 329 1674 ad
344 1644 443 1673 vitam
460 1644 543 1672 male
559 1650 705 1672 securum
722 1651 906 1680 properare.
924 1645 980 1674 Pro

289 1688 488 1727 hujusmodi,
523 1688 613 1724 dico,
651 1688 781 1717 mallem
810 1689 981 1726 aliquando

288 1734 425 1765 tacuisse
448 1735 480 1763 et
499 1732 715 1763 dissimulasse
731 1733 815 1770 quod
831 1734 882 1771 agi
906 1743 980 1772 per-

288 1787 397 1819 peram
422 1778 642 1816 deprehendi,
667 1786 763 1815 quam
789 1778 829 1808 ad
855 1779 977 1810 tantam

288 1824 533 1863 reprehendisse
548 1823 739 1861 perniciem.

328 1871 358 1899 5.
378 1869 472 1898 Dicas
498 1868 602 1897 forsan
629 1868 731 1905 mihi,
753 1868 838 1906 quod
857 1869 977 1900 bonum

287 1923 396 1945 meum
413 1914 453 1943 ad
468 1922 519 1943 1110
541 1913 735 1951 revertatur,
752 1915 783 1943 et
805 1914 881 1952 quia
896 1915 981 1946 libe-

288 1961 355 1991 ravi
379 1960 518 1990 animam
539 1967 643 1988 meam
655 1981 663 1996 ,
680 1960 712 1989 et
727 1959 864 1989 mundus
879 1968 949 1990 sum
962 1970 978 1992 a

287 2007 439 2044 sanguine
468 2004 625 2040 hominis,
651 2004 703 2033 cui
733 2005 922 2034 annuntiavi
948 2008 979 2035 et

286 2053 410 2081 locutus
431 2058 518 2086 suin,
547 2050 583 2079 ut
598 2050 800 2078 averteretur
823 2058 840 2079 a
856 2050 907 2079 via
924 2059 978 2080 sua

284 2097 368 2126 111313
398 2097 429 2126 01
460 2096 596 2124 viveret.
624 2095 686 2124 Sed
715 2095 776 2124 etsi
812 2095 978 2126 innumera

283 2142 361 2170 talia
375 2141 482 2177 addas,
494 2148 545 2169 1110
561 2142 668 2169 tamen
684 2139 818 2169 minime
835 2141 979 2170 15130011-

287 2187 489 2222 solabuntur,
518 2187 653 2214 mortem
687 2185 745 2213 filii
784 2185 976 2215 intuentem.

286 2231 381 2267 Quasi
407 2238 482 2259 vero
506 2239 609 2259 meam
639 2231 693 2259 illa
723 2231 975 2268 reprehensione

286 2276 508 2306 liberationem
535 2276 714 2312 quaesierim
725 2298 734 2313 ‚
747 2278 779 2305 et
795 2285 856 2305 non
879 2279 978 2315 magis

286 2320 389 2350 illius!
416 2321 490 2356 Quae
507 2321 591 2348 enim
613 2323 731 2358 mater,
761 2322 886 2351 etiamsi
913 2330 977 2351 om-

285 2375 359 2396 nem
373 2373 466 2403 quain
484 2366 587 2402 potuit
599 2374 706 2395 curam
723 2368 755 2396 et
770 2367 971 2405 diligentiam

285 2411 450 2449 :egrotanti
477 2410 542 2439 tilio
571 2411 752 2440 adhibuisse
781 2421 813 2441 se
837 2413 935 2450 sciat,
951 2414 975 2442 si

287 2457 416 2486 (1011111111
433 2455 612 2484 frustratam
629 2465 661 2485 se
674 2457 805 2494 viderit,
821 2459 851 2487 et
866 2467 977 2488 omnes

284 2503 409 2531 labores
433 2509 505 2530 suos
526 2508 593 2529 esse
620 2501 748 2537 penitus
776 2503 976 2541 inefficaces,

287 2546 342 2575 illo
366 2545 576 2575 nihilominus
608 2545 786 2583 moriente,
807 2549 976 2584 propterea

286 2599 436 2628 uinquam
453 2599 469 2620 a
485 2591 614 2621 fletibus
634 2592 849 2628 temperavit?
865 2594 900 2621 Et
924 2594 976 2623 illa

285 2637 412 2674 quidem
424 2637 481 2666 hoc
490 2645 546 2674 pro
554 2637 656 2665 morte
665 2637 832 2675 temporali
843 2640 977 2676 :quanto

756 235 788 263 S.
817 229 1056 262 BERNARDI
1079 231 1270 260 ABBATIS

1022 283 1123 320 magis
1143 292 1195 314 me
1219 293 1277 323 pro
1291 284 1396 315 morte
1423 282 1544 314 aeterna
1568 282 1633 313 mci
1660 279 1718 313 filii

1023 328 1131 359 manet
1144 330 1256 368 utique
1271 331 1412 368 ploratus
1427 330 1460 360 et
1474 327 1617 359 ululatus
1634 329 1718 358 mul-

1022 373 1094 411 tus,
1111 375 1238 405 etiamsi
1260 376 1343 405 nihil
1358 375 1440 405 mihi
1462 375 1610 405 conscius
1631 382 1716 412 sum,

1021 419 1195 456 quominus
1222 420 1486 451 annuntiaverim
1522 419 1592 450 illi?
1618 419 1718 449 Vides

1022 464 1119 493 etiam
1134 473 1151 494 a
1166 466 1294 503 quantis
1320 474 1339 495 e
1359 466 1489 504 regione
1510 466 1604 495 malis
1627 465 1659 495 et
1683 473 1718 495 se

1022 509 1054 538 et
1068 517 1125 539 nos
1142 511 1280 548 liberat,
1293 510 1349 548 qui
1364 511 1527 549 correptus
1547 511 1718 540 mansuete

1021 554 1212 592 respondet,
1240 554 1424 584 verecunde
1445 555 1719 593 acquiescit,mo-

1021 598 1110 628 deste
1125 600 1337 638 obtemperat,
1351 599 1518 629 humiliter
1533 599 1717 629 confitetur.

1021 643 1102 673 Huic
1118 652 1174 681 ego
1193 645 1310 674 animae
1332 645 1367 673 in
1384 644 1533 674 omnibus
1548 652 1599 673 me
1619 644 1716 681 profi-

1020 688 1090 718 tear
1104 689 1283 720 debitorem
1297 712 1307 729 ,
1322 690 1398 720 huic
1420 698 1472 720 me
1486 689 1668 720 ministrum
1683 689 1717 720 et

1018 741 1166 773 servum,
1183 736 1346 773 tamquam
1371 735 1564 773 dignissimae
1586 734 1715 764 Domini

1019 779 1083 808 mei
1100 788 1240 817 sponsae,
1256 781 1289 810 et
1304 789 1376 819 quae
1390 789 1504 811 revera
1518 780 1626 810 dicere
1641 789 1715 819 pos-

1019 823 1060 854 sit
1076 833 1084 853 :
1102 827 1177 856 Cum
1194 828 1267 856 esset
1280 836 1338 856 rex
1353 828 1385 856 in
1399 826 1541 857 accubita
1554 835 1621 864 suo,
1636 835 1715 856 nar-

1018 872 1072 901 dus
1083 880 1150 901 mea
1165 873 1242 901 dedit
1258 873 1378 902 odorem
1390 881 1491 902 sunm.

1057 915 1089 945 6.
1103 917 1207 946 Bonus
1222 916 1415 947 humilitatis
1426 917 1515 954 odor,
1528 915 1584 955 qui
1600 916 1638 946 de
1651 916 1714 947 hac

1018 961 1103 991 valle
1129 962 1316 999 plorationis
1343 962 1519 992 ascendens
1531 983 1541 999 ,
1569 961 1714 1000 perfusis

1018 1005 1268 1045 circumquaque
1297 1006 1416 1036 vicinis
1442 1007 1644 1044 regionibus,
1665 1007 1714 1044 ip-

1017 1059 1088 1081 sum
1112 1060 1238 1090 quoque
1267 1052 1391 1090 regium
1414 1052 1597 1081 accubitum
1625 1053 1714 1090 grata

1017 1097 1174 1128 suavitate
1187 1099 1362 1136 respergat.
1378 1098 1431 1127 Est
1446 1097 1563 1128 nardus
1577 1098 1713 1129 humilis

1018 1142 1134 1181 herba,
1151 1151 1245 1181 quam
1271 1145 1304 1173 et
1324 1143 1435 1172 calidae
1448 1142 1556 1173 ferunt
1572 1151 1640 1173 esse
1655 1152 1712 1173 na-

1018 1189 1097 1218 turae
1113 1189 1147 1218 hi
1160 1211 1168 1226 ,
1184 1189 1238 1227 qui
1260 1189 1433 1218 herbarum
1446 1188 1532 1218 vires
1553 1189 1710 1219 curiosius

1017 1235 1237 1271 explorarunt.
1260 1235 1297 1264 Et
1323 1234 1395 1263 ideo
1416 1242 1474 1272 per
1495 1235 1576 1264 hanc
1598 1235 1712 1265 videor

1017 1279 1096 1308 1111111
1112 1288 1174 1309 11011
1197 1279 1462 1309 inconvenienter
1482 1280 1542 1309 hoc
1558 1280 1628 1310 loco
1644 1281 1711 1310 vir-

1017 1325 1118 1354 tutem
1147 1325 1339 1355 humilitatis
1363 1325 1533 1363 accipere,
1554 1326 1610 1355 sed
1638 1335 1710 1364 quae

1016 1371 1114 1400 sancti
1131 1371 1247 1400 amoris
1267 1370 1439 1408 vaporibus
1467 1370 1593 1409 flagret.
1619 1372 1710 1409 Quod

1017 1417 1184 1454 propterea
1208 1424 1284 1446 sane
1300 1416 1390 1453 dico,
1406 1416 1556 1454 quoniam
1581 1417 1631 1447 est
1651 1418 1711 1448 hu-

1016 1461 1151 1497 militas,
1179 1469 1274 1499 quam
1295 1461 1387 1491 nobis
1414 1461 1533 1491 veritas
1555 1462 1659 1501 parit,
1677 1463 1710 1494 et

1016 1514 1077 1535 non
1097 1506 1195 1535 habet
1216 1507 1355 1535 calorem
1372 1515 1379 1534 :
1398 1506 1431 1536 et
1446 1507 1495 1536 est
1518 1507 1708 1547 humilitas,

1015 1559 1109 1589 quam
1132 1551 1247 1581 caritas
1267 1552 1381 1581 format
1401 1552 1433 1581 et
1448 1551 1636 1582 inflammat.
1653 1554 1710 1583 At-

1014 1605 1076 1634 que
1102 1596 1171 1626 haec
1203 1597 1335 1634 quidem
1364 1596 1398 1625 in
1426 1597 1561 1635 affectu,
1588 1597 1644 1627 illa
1673 1599 1708 1629 in

1015 1642 1192 1679 cognItione
1201 1641 1358 1671 consistit.
1370 1642 1495 1672 Etenim
1507 1643 1543 1672 tu
1555 1642 1579 1672 si
1592 1643 1710 1674 temet-

1015 1687 1119 1724 ipsum
1148 1687 1236 1717 intus
1251 1687 1290 1716 ad
1301 1687 1411 1716 lumen
1426 1688 1573 1717 veritatis
1588 1689 1621 1718 et
1637 1689 1707 1720 sino

1014 1731 1268 1762 dissimulatione
1282 1732 1449 1770 inspicias,
1466 1732 1499 1762 et
1515 1732 1585 1763 sine
1599 1734 1707 1772 palpa-

1015 1777 1102 1807 tione
1118 1777 1288 1815 dijudices3
1303 1785 1366 1806 non
1381 1777 1492 1807 dubito
1507 1777 1585 1816 quin
1601 1779 1709 1809 humi-

1014 1822 1102 1852 110115
1118 1825 1150 1853 et
1169 1823 1205 1852 tu
1220 1823 1253 1851 in
1276 1822 1377 1852 oculis
1390 1822 1455 1852 tuis
1468 1845 1477 1860 ,
1495 1822 1597 1854 factus
1611 1825 1708 1855 vilior

1015 1867 1073 1897 tibi
1089 1876 1130 1898 ex
1139 1869 1198 1898 hac
1207 1876 1284 1897 vera
1298 1867 1477 1906 cognitione
1489 1868 1549 1905 tui,
1561 1871 1709 1907 quamvis

1015 1914 1151 1943 necdum
1162 1913 1292 1943 fortasse
1305 1914 1338 1942 id
1353 1922 1421 1943 esse
1437 1914 1569 1951 patiaris
1584 1914 1617 1944 in
1632 1923 1707 1945 ocu-

1014 1959 1052 1988 lis
1067 1959 1213 1988 aliorum.
1230 1959 1298 1988 Eris
1313 1958 1411 1996 igitur
1426 1958 1574 1997 humilis,
1589 1960 1645 1990 sed
1666 1960 1708 1991 de

1013 2013 1109 2042 opere
1129 2004 1261 2034 interim
1275 2004 1439 2041 veritatis,
1453 2005 1485 2034 et
1496 2005 1630 2036 minime
1653 2006 1708 2036 ad-

1015 2050 1075 2079 huc
1093 2050 1132 2080 de
1155 2050 1271 2079 amoris
1288 2049 1459 2078 infusione.
1476 2050 1553 2079 Nam
1568 2051 1595 2080 si
1617 2052 1707 2081 veri-

1015 2095 1087 2124 tatis
1099 2095 1214 2133 ipsius,
1231 2103 1300 2133 quae
1315 2095 1347 2124 te
1362 2094 1423 2124 tibi
1436 2095 1595 2125 veraciter
1609 2097 1707 2134 atque

1013 2140 1182 2169 salubriter
1211 2140 1462 2177 demonstravit,
1490 2139 1573 2170 sicut
1597 2142 1707 2178 splen-

1014 2186 1088 2215 dore
1118 2185 1337 2221 illuininatus,
1367 2184 1411 2214 ita
1438 2185 1571 2215 affectus
1597 2194 1707 2218 amore

1014 2231 1142 2267 fuisses,
1159 2231 1314 2259 voluisses
1329 2230 1556 2268 proculdubio,
1572 2232 1657 2269 quod
1672 2233 1706 2263 in

1013 2279 1042 2305 te
1058 2277 1117 2311 est,
1134 2275 1278 2305 eamdem
1289 2275 1327 2304 de
1343 2277 1373 2305 te
1387 2284 1496 2304 01111105
1511 2277 1623 2306 1011010
1636 2286 1708 2309 sen-

1013 2322 1262 2359 teutiam,quam
1275 2321 1375 2358 ipsam
1388 2321 1471 2359 apud
1484 2322 1515 2351 te
1528 2322 1706 2354 Veritatem

1013 2368 1129 2397 habere
1144 2366 1315 2403 cognoscis.
1342 2366 1425 2395 Sane
1449 2366 1533 2403 quod
1549 2366 1584 2396 in
1601 2368 1633 2397 te
1659 2368 1707 2399 est

1011 2414 1149 2442 dixerim
1163 2421 1171 2440 :
1188 2412 1339 2450 quoniam
1356 2412 1547 2450 plerumque
1562 2420 1625 2442 non
1647 2420 1708 2442 ex-

1012 2459 1101 2497 pedit
1122 2458 1321 2487 innotescere
1337 2457 1484 2486 omnibus
1504 2457 1612 2486 omnia
1635 2466 1707 2496 quae

1012 2513 1067 2534 nos
1083 2504 1198 2534 scimus
1214 2503 1254 2533 de
1277 2503 1369 2533 nobis
1382 2525 1391 2540 ,
1415 2503 1512 2540 atque
1528 2503 1595 2540 ipsa
1619 2503 1706 2532 veri-

1012 2550 1086 2579 tatis
1102 2549 1247 2586 caritate,
1261 2549 1293 2578 et
1308 2547 1450 2577 caritatis
1463 2547 1600 2576 veritate
1616 2547 1706 2576 veta-

1012 2604 1082 2624 mur
1094 2595 1198 2632 palam
1216 2594 1284 2624 fieri
1311 2594 1414 2630 velle,
1425 2592 1508 2630 quod
1522 2591 1634 2621 noceat
1650 2599 1706 2630 ag-

1011 2640 1166 2669 noscenti.
1185 2639 1333 2678 Alioquin
1348 2638 1374 2667 si
1389 2637 1512 2677 privato
1529 2644 1635 2668 amore
1658 2638 1707 2668 tui
