1846 3078
304 219 367 251 393

306 277 347 306 ad
356 283 410 306 me
422 274 594 314 aliquoties
602 275 745 305 Verbum
756 282 903 313 sponsus,
912 272 1013 302 nullis

307 330 464 360 umquam
489 321 662 352 introitum
686 328 781 351 suum
806 318 936 348 indiciis
960 318 1013 347 in-

306 367 477 397 notescere
492 366 590 405 fecit,
605 375 670 396 nou
686 374 766 395 voce
776 386 785 401 ‚
799 372 863 393 non
878 364 989 401 specie
1001 385 1010 401 ,

307 420 376 442 non
394 412 534 443 incessu.
550 412 653 441 Nullis
674 411 815 448 denique
831 409 898 438 suis
914 409 1011 438 moti-

308 456 372 488 bus
397 459 597 496 compertum
621 456 669 486 est
693 455 792 492 mihi,
815 454 914 483 nullis
929 454 1012 484 meis

303 503 454 533 sensibus
477 504 629 540 illapsum
655 500 880 538 penetraHbus
896 500 977 529 meis
1001 508 1008 528 :

305 549 435 579 tantum
451 557 490 579 ex
507 549 597 577 motu
613 546 717 575 cordis
738 544 844 584 (sicut
858 545 1010 584 praefatus

303 593 397 633 sum)
416 593 565 623 intellexi
582 592 786 630 praesentiam
804 591 893 629 ejus,
911 592 944 621 et
968 600 1010 620 ex

303 639 379 678 fuga
393 639 567 676 vitiorum,
586 638 829 675 carnaliumque
846 646 1010 675 compres-

303 685 393 714 sione
406 684 582 713 affectuum
601 684 727 713 adverti
744 684 923 721 potentIam
939 684 1009 713 vir-

303 731 383 759 tutis
396 729 477 767 ejus,
495 731 528 758 et
544 737 587 758 ex
598 728 795 758 discussione
816 729 885 759 sive
898 729 1009 758 redar-

302 775 436 811 gutione
452 775 653 805 occultorum
668 783 816 804 meorum
833 774 1009 804 admiratus

302 828 375 849 sum
401 819 658 857 profunditatem
679 820 850 858 sapientiae
867 820 957 858 ejus,
974 821 1007 850 et

304 874 346 894 ex
369 867 667 904 quantulacumque
687 866 915 895 emendatione
942 874 1009 895 mo-

303 919 377 940 rum
399 919 545 941 meorum
563 913 718 950 expertus
741 920 812 941 sum
827 911 1007 941 bonitatem

302 957 565 986 mansuetudinis
587 957 675 994 ejus,
692 957 726 986 et
742 965 785 985 ex
797 956 1009 986 renovatione

304 1009 341 1031 ac
364 1002 594 1032 reformatione
615 1002 749 1040 spiritus
771 1001 891 1031 mentis
906 1010 1008 1039 meae‘,

301 1046 335 1076 id
352 1047 402 1076 est
422 1046 588 1077 interioris
607 1047 750 1076 hominis
772 1047 857 1085 mei,
875 1047 1008 1086 percepi

302 1094 480 1130 utcumque
495 1093 638 1131 speciem
657 1093 783 1122 decoris
798 1092 889 1129 ejus,
907 1093 940 1122 et
966 1102 1008 1123 ex

303 1139 452 1168 contuitu
468 1138 585 1167 horum
606 1138 753 1168 omnium
775 1138 873 1167 simul
889 1137 1007 1177 expavi

302 1183 551 1213 multitudinem
575 1183 809 1222 magnitudinis
825 1183 906 1220 ejus.

345 1230 376 1259 7.
403 1230 524 1259 Verum
544 1229 621 1267 quia
638 1230 706 1259 haec
723 1229 831 1258 omnia
845 1251 854 1266 ,
871 1229 926 1258 ubi
941 1229 1011 1258 abs-

305 1274 440 1305 cesserit
467 1275 609 1305 Verbum
623 1298 631 1313 ,
658 1275 793 1313 perinde
820 1283 857 1304 ac
886 1275 913 1304 si
938 1275 1010 1305 ollae

304 1321 457 1350 bullienti
483 1320 684 1350 subtraxeris
713 1321 819 1358 ignem
835 1341 844 1357 ,
871 1320 1010 1358 quodam

305 1367 379 1396 ilico
392 1368 545 1405 languore
555 1367 719 1405 torpentia
732 1369 763 1396 et
776 1366 888 1404 frigida
900 1366 1009 1403 jacere

306 1412 489 1449 incipiunt3
507 1413 602 1449 atque
620 1412 680 1441 hoc
696 1412 778 1440 milii
795 1412 922 1449 signum
938 1412 1012 1441 abs-

306 1457 460 1486 cessionis
482 1457 564 1493 ejns.
593 1457 706 1486 Tristis
733 1457 776 1486 sit
804 1465 938 1486 necesse
963 1458 1011 1487 est

308 1502 416 1531 anima
435 1510 525 1539 mea,
543 1502 645 1531 donec.
661 1503 781 1531 iteruin
803 1504 1009 1539 revertatur,

307 1548 340 1577 et
356 1547 450 1577 solito
464 1548 639 1577 recalescat
654 1556 708 1577 cor
720 1556 829 1577 meum
841 1548 923 1577 intra
939 1556 1009 1585 me;

305 1593 404 1630 idque
433 1594 475 1622 sit
504 1593 701 1622 reversionis
732 1593 904 1622 indicium.
931 1594 1008 1624 Tale

305 1646 383 1667 sane
401 1638 665 1675 experimentum
685 1639 724 1668 de
741 1639 846 1668 Verbo
864 1639 1007 1676 liabens,

305 1683 384 1721 quid
398 1685 535 1720 mirum,
552 1684 577 1713 si
593 1685 625 1713 et
643 1692 699 1721 ego
712 1692 830 1721 usurpo
853 1684 935 1713 mihi
954 1693 1013 1714 vo—

307 1737 378 1758 cem
395 1738 518 1766 sponsae
534 1730 567 1758 in
584 1730 765 1759 revocando
782 1730 876 1767 illud,
890 1739 963 1759 cum
977 1739 1010 1760 se

306 1775 547 1812 absentaverit,
564 1775 618 1813 qui
643 1777 702 1805 etsi
719 1783 781 1805 non
799 1776 889 1813 pari,
911 1776 1010 1805 simili

306 1822 417 1851 tamen
433 1822 541 1852 velex
556 1824 646 1860 parte
660 1822 821 1851 desiderio
837 1821 941 1851 seror?
954 1823 1012 1851 Fa-

308 1868 436 1897 miliare
460 1868 543 1897 mihi
565 1868 645 1905 erit,
670 1868 775 1906 quoad
796 1868 913 1897 vixero
927 1890 935 1905 ,
953 1876 1009 1906 pro

307 1915 407 1944 verbi
417 1914 622 1944 revocatione
635 1914 852 1944 revocationis
861 1915 1010 1951 verbum,

308 1961 396 1998 quod
420 1961 533 1998 utique
566 1962 714 1990 revertere
737 1960 797 1989 est.
823 1961 862 1990 Et
885 1960 1012 1998 quoties

307 2007 476 2043 elabetur,
500 2006 596 2035 toties
620 2006 791 2043 repetetur
811 2014 827 2035 a
850 2014 922 2043 me,
950 2014 1010 2036 nec

307 2052 439 2081 cessabo
466 2052 633 2081 clamItare
668 2051 759 2090 quasi
787 2052 859 2090 post
884 2052 1010 2089 tergum

310 2097 462 2127 abeuntis
491 2098 619 2128 ardenti
651 2098 813 2128 desiderio
845 2098 951 2127 cordis
976 2100 1011 2128 ut

312 2143 442 2180 redeat3
461 2143 493 2172 et
515 2142 629 2172 reddat
653 2143 734 2172 mihi
762 2143 910 2172 laetitiam
926 2143 1010 2172 salu-

309 2188 389 2217 taris
405 2189 453 2217 sui
466 2211 474 2226 ,
491 2188 604 2218 reddat
620 2188 703 2217 mihi
719 2189 873 2226 seipsum.
900 2189 1013 2218 Fateor

310 2233 415 2270 vobis,
428 2234 499 2271 filii,
513 2234 559 2262 nil
575 2233 665 2263 aliud
678 2234 810 2264 interim
824 2233 917 2270 libet,
935 2234 1011 2263 dum

313 2285 377 2306 non
392 2281 507 2315 praesto
521 2279 665 2318 estquod
676 2280 780 2309 solum
792 2279 885 2309 libet.
898 2280 937 2309 Et
952 2280 1011 2309 hoc

312 2331 380 2360 oro,
395 2324 430 2352 ut
444 2332 508 2352 non
520 2333 659 2354 vacuum
673 2326 798 2363 veniat,
810 2325 867 2355 sed
879 2326 1011 2363 plenum

315 2368 427 2404 gratiae
446 2369 479 2397 et
499 2370 646 2399 veritatis
665 2379 672 2399 :
689 2379 778 2400 more
802 2372 918 2409 utique
931 2380 989 2401 suo
1003 2394 1011 2409 ,

310 2414 394 2443 sicut
406 2414 477 2443 lieri
491 2415 523 2443 et
535 2415 653 2444 nudius
663 2416 790 2446 tertius.
808 2418 844 2446 In
856 2426 918 2455 quo
931 2418 1012 2446 mihi

311 2459 564 2489 similitudinem
580 2468 703 2497 capreae
722 2463 753 2490 et
769 2462 899 2492 hinnuli
916 2464 1013 2492 exbi—

310 2503 416 2534 bitum
440 2505 480 2534 iri
495 2504 594 2543 ‘posse
616 2505 768 2543 videtur,
795 2516 868 2536 cum
894 2509 1013 2538 veritas

311 2559 428 2588 cnpreoe
456 2551 566 2580 oculos
590 2551 727 2587 habeat,
755 2552 858 2589 gratia
890 2553 1013 2583 hinnuli

311 2594 525 2626 hilaritatem.

353 2640 383 2671 8.
406 2641 548 2680 Utraque
571 2649 623 2672 res
646 2641 829 2671 necessaria
851 2641 957 2671 mihi:
980 2644 1012 2672 et

767 222 798 249 S.
824 219 1075 263 BER-NARDI
1102 220 1299 249 ABBATIS

1047 273 1168 303 veritas
1183 273 1335 313 quidem,
1345 271 1407 305 ‘cui
1424 274 1577 305 abscondi
1598 283 1662 306 non
1676 283 1748 315 pos-

1047 318 1127 356 sim3
1145 319 1246 357 gratia
1261 320 1383 359 autem,
1399 321 1452 351 cui
1470 321 1584 350 nolim.
1597 321 1748 361 Alioquin

1046 364 1116 394 sine
1133 365 1291 395 alterutra
1304 366 1448 397 visitatio
1472 367 1570 405 plena
1583 375 1649 397 nou
1664 369 1748 407 erit,

1047 418 1120 439 curn
1138 411 1171 440 et
1186 411 1275 441 illius
1290 413 1446 442 severitas
1461 413 1582 451 absque
1594 413 1655 443 hac
1669 420 1749 445 one-

1045 463 1116 485 rosa
1127 478 1136 494 ,
1153 456 1186 486 et
1200 455 1297 493 hujus
1312 457 1458 487 hilaritas
1474 458 1596 497 absque
1614 459 1669 488 illa
1681 459 1747 489 dis-

1045 501 1148 531 soluta
1169 502 1271 539 possit
1291 501 1409 532 videri.
1436 503 1548 533 Amara
1564 505 1613 533 est
1627 503 1749 534 veritas

1045 546 1115 575 sine
1140 547 1348 577 condimento
1364 548 1495 586 gratiae3
1517 549 1602 579 sicut
1625 550 1748 588 absque

1045 591 1193 621 veritatis
1205 591 1295 622 freno
1307 593 1390 623 levis
1402 593 1434 622 et
1446 592 1594 623 nesciens
1602 594 1748 631 modum,

1044 636 1238 675 plerumque
1267 638 1300 667 et
1332 639 1474 668 insolens
1502 637 1571 676 ipsa
1601 638 1746 670 devotio.

1044 682 1146 718 Quam
1162 683 1274 712 multis
1295 691 1361 713 non
1383 683 1505 721 profuit
1522 683 1657 722 gratiam
1671 693 1749 723 per-

1045 727 1168 765 cepisse
1193 737 1252 766 pro
1280 737 1319 759 eo
1341 729 1427 767 quod
1451 729 1747 767 temperamentum

1044 773 1084 802 de
1096 774 1236 804 veritate
1254 775 1378 813 pariter
1392 783 1456 804 non
1469 776 1686 813 acceperunt?
1698 777 1748 806 Ex

1045 819 1104 849 hoc
1126 820 1212 849 enim
1235 821 1308 858 plus
1321 829 1419 859 quam
1441 822 1584 859 oportuit
1603 822 1747 860 compla-

1044 872 1141 894 cuere
1157 865 1219 894 sibi
1241 866 1274 895 in
1291 874 1347 902 ea,
1371 865 1449 895 dum
1467 867 1564 896 veriti
1593 875 1658 896 non
1672 868 1748 899 sunt

1044 910 1190 940 veritatis
1205 911 1437 948 obtutus,‘(lum
1452 920 1515 941 non
1530 913 1749 950 respexerunt

1044 955 1084 983 ad
1096 963 1220 993 capreae
1232 957 1466 994 maturitatem,
1479 958 1579 995 magis
1591 960 1700 989 autem
1712 967 1747 989 se

1044 1001 1127 1030 totos
1142 1001 1273 1030 hinnuli
1289 1001 1416 1031 levitati
1439 1002 1664 1042 hilaritatique
1686 1004 1746 1034 de-

1045 1046 1174 1076 derunt.
1190 1047 1268 1077 Inde
1284 1047 1404 1077 factum
1422 1049 1481 1085 est,
1497 1048 1533 1078 ut
1547 1048 1581 1077 in
1596 1057 1658 1087 qua
1678 1049 1746 1088 pri-

1044 1092 1145 1121 vatim
1162 1093 1324 1123 exsultare
1340 1094 1530 1131 voluerant,
1554 1094 1658 1131 gratia
1678 1095 1747 1133 pri-

1044 1139 1209 1176 varentur,
1222 1138 1340 1177 quibus
1353 1140 1405 1168 vel
1420 1147 1491 1169 sero
1503 1139 1567 1169 dici
1581 1140 1746 1178 potuerit:

1044 1184 1164 1214 Euntes
1181 1192 1255 1222 ergo
1268 1184 1383 1215 discite
1395 1184 1473 1223 quid
1488 1185 1542 1223 sit,
1554 1187 1667 1220 Sereite
1680 1188 1747 1216 Do-

1044 1230 1127 1259 mino
1144 1231 1175 1259 in
1191 1231 1318 1268 timore,
1333 1232 1361 1261 et
1381 1232 1532 1261 exsultate
1553 1232 1582 1261 ei
1599 1241 1669 1262 cum
1684 1234 1745 1263 tre-

1046 1284 1141 1304 more.
1164 1275 1300 1305 Dixerat
1328 1275 1468 1314 denique
1497 1276 1608 1305 sancta
1639 1277 1747 1307 anima

1045 1320 1192 1358 quaedam
1213 1321 1248 1350 in
1272 1321 1471 1351 abundantia
1490 1329 1568 1358 sua,
1584 1323 1657 1352 Non
1678 1332 1748 1353 ‘mo-

1046 1367 1136 1396 rebor
1161 1368 1192 1396 in
1218 1368 1367 1397 (εἰει-ωιτη
1384 1376 1394 1396 .·
1411 1375 1486 1395 cum
1511 1366 1621 1396 subito
1647 1368 1750 1398 sensit

1045 1420 1192 1442 aversam
1212 1421 1229 1442 a
1253 1421 1286 1443 se
1302 1412 1419 1442 faciem
1434 1412 1555 1449 Verbi,
1571 1420 1669 1451 seque
1684 1422 1750 1444 non

1046 1459 1140 1488 modo
1155 1459 1293 1496 motam,
1316 1458 1373 1489 sed
1389 1459 1489 1488 etiam
1503 1458 1747 1496 conturbatam3

1047 1504 1133 1532 etsie
1145 1503 1179 1532 in
1190 1497 1323 1533 tristitia
1337 1503 1450 1533 didicit
1462 1511 1542 1541 opus
1556 1502 1656 1533 fuisse
1672 1503 1749 1541 sibi,

1046 1557 1119 1577 cum
1135 1557 1271 1578 munere
1287 1548 1417 1586 quidem
1435 1544 1637 1586 devotionis,
1650 1549 1750 1579 etiam

1046 1595 1189 1632 pondere
1217 1594 1378 1624 veritatis.
1413 1595 1492 1632 Ergo
1521 1602 1585 1623 non
1618 1594 1654 1624 in
1681 1595 1750 1625 sola

1046 1640 1147 1676 gralia
1162 1639 1331 1677 plenitudo
1348 1639 1458 1675 gratiae
1474 1639 1541 1676 est,
1565 1639 1626 1669 sed
1647 1649 1690 1670 ne
1713 1641 1749 1671 in

1046 1685 1111 1714 sola
1122 1684 1252 1722 quidem
1264 1685 1417 1714 veritate.
1431 1684 1515 1722 Quid
1525 1685 1655 1723 prodest
1666 1687 1750 1717 scIre

1047 1730 1125 1768 quid
1141 1733 1172 1760 te
1188 1731 1335 1768 oporteat
1351 1730 1472 1768 facere,
1489 1730 1516 1760 si
1531 1738 1594 1760 non
1610 1730 1706 1761 detur
1718 1735 1752 1763 et

1046 1777 1132 1806 velle
1149 1775 1276 1806 facere?
1291 1777 1376 1813 Quid
1387 1777 1411 1805 si
1428 1776 1512 1806 velis
1526 1776 1677 1815 quidem,
1693 1778 1751 1808 sed

1048 1823 1182 1852 minime
1199 1822 1320 1860 possis?
1339 1823 1481 1859 Quantos
1503 1823 1658 1860 expertus
1679 1831 1751 1853 sum

1047 1868 1154 1905 agnita
1167 1868 1305 1897 veritate
1322 1868 1492 1905 tristiores,
1504 1868 1536 1897 et
1549 1867 1621 1897 ideo
1636 1868 1751 1906 magis,

1046 1914 1204 1952 quodjam
1214 1912 1386 1951 confugere
1397 1913 1437 1942 ad
1448 1913 1639 1951 ignorantiae
1650 1922 1752 1944 excu*

1047 1960 1204 1989 sationem
1219 1967 1283 1988 non
1308 1959 1445 1997 liceret,
1467 1959 1607 1990 scientes
1632 1960 1665 1989 et
1685 1968 1749 1989 non

1047 2005 1205 2034 facientes
1224 2005 1309 2043 quod
1324 2005 1452 2034 Veritas
1466 2004 1668 2035 hortaretur?

1086 2051 1116 2081 9.
1133 2051 1211 2088 Quae
1227 2059 1300 2080 cuin
1316 2051 1360 2080 ita
1376 2058 1408 2080 se
1425 2050 1582 2088 habeant,
1599 2051 1751 2081 neutrum

1047 2097 1116 2126 sine
1140 2097 1241 2126 altero
1263 2096 1393 2126 sufficit.
1416 2097 1530 2125 Parum
1555 2096 1625 2126 dixi
1649 2105 1657 2126 :
1685 2105 1751 2126 non

1047 2142 1182 2180 expedit
1197 2149 1337 2179 quoque.
1350 2141 1441 2170 Unde
1455 2141 1488 2170 id
1496 2141 1638 2171 scimus?
1649 2141 1754 2172 Scien-

1048 2189 1081 2223 ti,
1099 2187 1216 2225 inquit,
1235 2187 1359 2224 bonum,
1375 2188 1402 2216 ct
1416 2195 1478 2216 non
1493 2187 1631 2224 facienti,
1646 2195 1754 2224 pecca-

1047 2235 1111 2262 tum
1127 2235 1168 2263 est
1184 2233 1238 2262 illi.
1256 2233 1336 2262 Item
1349 2253 1359 2268 ,
1376 2233 1485 2262 Servus
1501 2233 1596 2261 sciens
1610 2232 1754 2262 volunta-

1047 2279 1296 2314 temdominisui,
1307 2279 1333 2307 et
1346 2286 1407 2307 non
1416 2278 1530 2315 faciens
1542 2278 1646 2316 ἀῐρηα,
1656 2286 1754 2316 vapu-

1047 2324 1122 2354 labit
1135 2324 1249 2353 multis.
1260 2323 1301 2352 At
1315 2323 1401 2352 istud
1414 2331 1471 2360 pro
1486 2323 1577 2360 parte
1590 2323 1751 2354 veritatis.

1046 2371 1104 2400 Pro
1123 2369 1233 2407 gratiae
1249 2368 1349 2407 quid?
1364 2369 1524 2406 Scriptum
1540 2369 1611 2406 est,
1626 2369 1668 2398 Et
1683 2370 1753 2406 pose

1048 2416 1211 2446 buccellam
1221 2416 1355 2445 introivi!
1364 2415 1393 2443 in
1405 2423 1473 2443 eum
1482 2415 1623 2444 satanas.
1634 2413 1748 2443 Judam

1048 2461 1210 2500 loquitur,
1233 2461 1290 2499 qui
1307 2462 1439 2497 accepto
1458 2467 1594 2488 munere
1615 2459 1747 2497 gratiae,

1047 2507 1122 2545 quia
1150 2507 1184 2535 in
1204 2506 1343 2536 veritate
1369 2513 1434 2535 non
1466 2504 1653 2535 ambulabat
1674 2512 1750 2534 cum

1048 2551 1196 2582 veritatis
1210 2552 1360 2590 Magistro
1370 2572 1379 2588 ,
1395 2550 1448 2580 vel
1463 2549 1573 2588 potius
1587 2557 1659 2578 curn
1681 2556 1752 2577 ma—

1048 2599 1147 2636 gistra
1172 2598 1338 2635 veritate,
1371 2597 1479 2626 locum
1506 2595 1540 2624 in
1565 2602 1598 2624 se
1621 2592 1752 2623 diabolo

1048 2644 1149 2674 dedit.
1162 2643 1242 2673 Audi
1255 2643 1360 2674 adhuc
1376 2651 1384 2671 :
1403 2642 1519 2673 Cibavie
1532 2641 1598 2670 illos
1613 2648 1652 2670 ex
1661 2640 1751 2678 adipe
