1846 3078
507 199 550 227 IN
575 199 771 228 CANTICA
792 199 942 227 SERMO
966 201 1162 230 xxxvnl.

135 251 241 291 Deus,
256 251 379 291 liquido
396 260 683 292 cognosceremus3
698 262 759 284 nec
775 262 831 284 su-

136 305 193 336 pra
208 305 304 335 sane,
320 305 381 327 nec
407 297 488 326 infra
514 299 667 328 secedere
694 299 831 328 debere-

137 351 209 372 mus
221 365 231 380 ,
247 342 378 373 veritati
403 343 438 372 in
452 343 600 373 omnibus
623 344 831 382 acquiescen-

135 389 194 418 tes.
221 389 310 418 Nunc
341 390 448 418 autem
473 389 549 426 quia
573 390 744 419 consilium
770 389 830 419 hoc

135 434 242 471 posuit
267 433 418 463 tenebras
445 435 619 464 latibulum
647 443 760 473 suum,
797 434 831 464 et

134 487 239 508 sermo
264 479 468 509 absconditus
485 480 533 509 est
555 488 572 509 a
592 480 703 518 nobis,
728 480 774 509 ita
794 480 830 510 ut

133 532 228 554 nemo
242 525 323 554 sciat
333 525 359 554 si
372 525 486 563 dignus
494 525 536 555 sit
544 534 666 564 amore,
674 527 727 556 vel
737 525 828 556 odio:

129 570 249 607 justius
262 571 428 609 tutiusque
447 571 608 609 profecto,
621 571 715 607 juxta
729 571 830 609 ipsius

132 616 287 647 Veritatis
308 616 480 646 consilium
491 638 500 654 ,
515 616 726 646 novissimum
738 617 830 646 nobis

132 661 240 691 locum
267 662 417 700 eligimus
437 684 446 699 ,
467 662 507 691 de
535 670 599 700 quo
627 662 829 700 postmodum

132 715 204 736 cum
220 707 339 736 honore
354 707 502 744 superius
515 707 709 744 educamur,
731 715 828 744 quam

131 752 354 791 praesumimus
387 751 553 789 altiorem,
590 751 677 781 unde
712 751 828 782 cedere

130 806 207 827 mox
220 797 365 835 oporteat
377 805 449 826 cum
464 797 592 826 rubore.

171 843 201 872 7.
214 844 281 872 Non
297 842 346 872 est
357 850 431 880 ergo
447 842 627 879 periculum
636 863 646 878 ,
655 842 828 880 quantum-

130 896 268 926 cumque
282 890 316 918 te
340 888 515 925 humilies,
531 890 827 928 quantumcumque

129 936 162 964 te
178 934 308 972 reputes
328 933 487 963 minorem
504 942 600 972 quam
615 935 676 971 sis,
693 935 752 965 hoc
767 937 826 974 est,

128 988 226 1018 quam
262 980 295 1010 te
327 979 450 1009 veritas
478 979 607 1009 habeat.
639 981 694 1010 Est
717 982 825 1010 autem

129 1025 249 1063 grande
270 1027 410 1061 malum,
426 1025 686 1063 horrendumque
701 1027 826 1064 pericu-

128 1071 196 1101 lum
206 1093 215 1108 ,
228 1071 254 1100 si
267 1071 320 1100 vel
332 1071 456 1100 modice
465 1071 538 1108 plus
549 1078 626 1100 vero
640 1072 670 1099 te
679 1072 826 1111 extollas,

128 1117 156 1146 si
171 1117 223 1146 vel
239 1116 296 1145 uni
308 1116 464 1145 videlicet
476 1115 510 1144 in
521 1116 575 1145 tua
588 1115 781 1153 cogitatione
795 1119 826 1148 te

127 1161 296 1200 praeferas,
308 1169 404 1200 quem
413 1161 494 1190 forte
506 1169 616 1198 parem
632 1161 692 1190 tibi
706 1163 827 1193 veritas

126 1208 269 1246 judicat,
285 1208 341 1237 aut
354 1207 453 1237 etiam
469 1206 681 1244 superiorem.
707 1208 827 1244 Quem-

127 1252 298 1282 admodum
318 1253 406 1281 enim
430 1251 457 1280 si
473 1259 532 1289 per
541 1251 658 1280 ostium
670 1252 825 1291 transeas,

127 1298 220 1335 cujus
241 1297 488 1335 superliminare
508 1295 519 1334 (
535 1297 570 1325 ut
587 1296 626 1325 ad
640 1296 826 1335 intelligen-

125 1343 204 1373 tiam
219 1343 331 1381 loquar
346 1341 356 1381 )
376 1342 515 1371 nimium
530 1342 660 1372 bassum
685 1343 745 1380 sit,
762 1352 825 1374 non

126 1390 238 1426 nocet,
262 1389 559 1426 quantumcumque
585 1388 619 1417 te
647 1388 826 1420 inclinave—

127 1435 190 1471 ris3
205 1434 305 1464 nocet
328 1435 455 1471 autem,
471 1433 497 1462 si
519 1433 571 1462 vel
586 1434 760 1464 transversi
777 1435 826 1464 di—

125 1480 181 1518 giti
199 1479 302 1518 spatio
312 1479 385 1517 plus
399 1486 496 1517 quam
512 1478 586 1507 ostii
601 1478 724 1516 patitur
734 1487 825 1509 men-

125 1532 198 1553 sura
209 1545 218 1562 ‚
247 1524 411 1560 erexeris,
439 1523 483 1552 ita
510 1524 547 1553 ut
575 1523 735 1561 impingas
754 1545 763 1562 ,
793 1527 824 1555 et

123 1570 230 1607 capite
242 1569 389 1607 quassato
405 1568 569 1598 collidaris
583 1577 591 1596 z
608 1568 654 1598 sic
669 1568 703 1597 in
718 1569 824 1599 anima

123 1624 187 1645 non
201 1615 250 1645 est
270 1614 368 1653 plane
383 1613 530 1643 timenda
544 1613 750 1651 quantalibet
764 1615 823 1644 hu—

122 1660 282 1698 miliatio,
304 1659 466 1689 horrenda
488 1660 597 1689 autem
621 1659 824 1698 nimiumque

124 1706 273 1744 pavenda
280 1705 334 1735 vel
347 1705 482 1734 minima
490 1706 614 1734 temere
630 1708 824 1742 praesumpta

124 1751 257 1781 erectio.
288 1749 503 1787 Quamobrem
531 1749 598 1778 noli
628 1750 660 1778 te
671 1771 680 1786 ,
710 1749 804 1780 homo
815 1772 823 1788 ,

123 1804 306 1834 comparare
322 1794 516 1832 maioribus,
532 1794 598 1824 noli
620 1795 822 1833 minoribuS,

123 1843 191 1872 noli
207 1841 382 1879 aliquibus,
390 1841 458 1870 noli
474 1840 542 1870 uni.
557 1840 643 1876 Quid
653 1841 715 1870 scis
725 1841 822 1879 enim,

122 1897 140 1918 o
155 1889 250 1917 homo
269 1908 279 1924 ,
295 1886 323 1916 si
340 1895 426 1916 unus
448 1886 523 1923 ille,
541 1894 640 1924 quem
656 1885 739 1916 forte
755 1894 823 1916 om-

122 1934 214 1962 nium
240 1931 436 1963 vilissimum
464 1933 562 1969 atque
601 1931 823 1961 miserrimum

121 1980 272 2017 reputas,
301 1977 393 2014 cujus
418 1976 521 2006 vitam
543 1976 823 2007 sceleratissimam

121 2033 158 2055 ac
177 2023 383 2062 singulariter
403 2022 614 2052 foedissimam
637 2022 767 2061 horres3
791 2025 824 2054 et

120 2069 296 2108 propterea
311 2069 405 2098 illum
418 2067 514 2106 putas
522 2068 744 2105 spernendum
759 2076 822 2098 non

119 2115 218 2144 modo
233 2122 300 2153 prae
315 2114 368 2151 te,
388 2113 444 2151 qui
461 2113 543 2142 forte
562 2113 629 2150 jam
647 2113 774 2152 sobrie,
790 2115 823 2144 et

115 2161 223 2200 juste,
251 2160 285 2190 et
307 2159 362 2198 pie
388 2159 503 2189 vivere
526 2159 559 2187 te
586 2158 743 2196 confidis,
766 2159 822 2188 sed

119 2207 219 2237 ctiam
242 2214 311 2244 prae
333 2204 460 2235 caeteris
481 2204 633 2234 omnibus
654 2204 822 2234 sceleratis

118 2254 281 2289 tamqnam
313 2251 459 2281 omnium
497 2249 786 2280 sceleratissimum
811 2259 820 2279 ε

118 2298 199 2336 quid
213 2297 290 2335 scis,
311 2296 463 2334 inquam,
484 2297 512 2326 si
536 2296 654 2326 melior
670 2298 704 2327 et
718 2298 771 2335 te,
787 2297 821 2327 et

119 2343 186 2372 illis
209 2342 388 2373 mutatione
409 2342 552 2372 dexterae
581 2343 711 2373 Excelsi
734 2343 770 2373 in
785 2353 819 2374 se

118 2388 251 2426 quidem
267 2387 397 2416 futurus
411 2387 477 2424 sit,
499 2386 534 2416 in
558 2387 627 2417 Deo
648 2396 728 2420 vero
751 2388 819 2426 jam

119 2435 161 2464 sit
175 2433 187 2462 ’ς
199 2433 235 2463 Et
249 2433 421 2471 propterea
441 2440 505 2461 non
520 2432 719 2464 mediocrem
729 2455 738 2472 ,
754 2442 819 2465 non

119 2480 171 2509 vel
196 2478 412 2518 penultimum
428 2500 438 2516 ,
467 2486 532 2507 non
560 2478 667 2516 ipsum
701 2480 818 2510 saltem

119 2527 204 2556 inter
218 2524 409 2554 novissimos
421 2523 542 2562 eligere
560 2524 668 2554 locum
683 2532 743 2555 nos
760 2534 818 2555 vo-

117 2572 180 2601 luit
194 2579 202 2600 ε
215 2569 270 2600 sed
284 2569 423 2600 recumbe
435 2591 445 2606 ‚
468 2569 574 2608 inquit
587 2591 596 2607 ,
611 2571 643 2599 in
655 2571 816 2601 novissimo

119 2617 181 2647 Ioco
195 2625 204 2646 :
223 2615 260 2645 ut
275 2615 360 2645 solus
374 2614 530 2645 videlicet
550 2615 694 2646 omnium
709 2615 816 2647 novis-

1495 210 1557 240 279

862 254 961 284 simus
973 255 1103 293 sedeaS,
1119 257 1216 294 teque
1240 258 1382 299 nemini,
1401 270 1465 293 non
1484 264 1555 294 dico

861 308 1048 338 praeponas,
1064 301 1122 330 sed
1145 309 1205 331 nec
1229 309 1412 340 comparare
1435 317 1554 345 praesu-

862 352 940 374 mas.
956 346 1002 374 En
1012 346 1167 383 quantum
1178 347 1299 376 malum
1310 349 1400 378 venit
1414 350 1452 380 de
1468 353 1559 390 igno-

861 390 966 419 rantia
979 391 1103 427 nostri,
1115 390 1228 429 utique
1242 393 1411 428 peccatum
1423 394 1556 434 diaboli,

862 435 895 464 et
922 435 1053 465 initium
1081 436 1187 465 omnis
1213 437 1340 474 peccati
1355 458 1364 474 ,
1393 440 1557 476 superbia.

861 479 945 516 Quid
966 481 1064 511 etiam
1084 481 1145 511 Dei
1167 481 1328 520 parturiat
1354 482 1556 523 ignorantia,

862 526 941 556 alias
955 527 1151 557 videbimus.
1172 528 1252 556 Nam
1270 535 1357 558 nunc
1382 528 1469 558 horae
1485 529 1559 560 bre-

861 570 944 601 vitas
973 580 1037 601 non
1073 571 1255 611 permittit,
1283 572 1435 610 quoniam
1462 572 1558 603 hodie

863 616 952 646 tarde
995 614 1222 648 convenimus.
1262 618 1375 656 Itaque
1420 617 1561 648 sufficiat

861 669 1123 700 unumquemque
1135 662 1241 701 modo,
1256 671 1298 693 ne
1310 663 1452 700 seipsum
1468 663 1560 701 igno-

860 707 932 743 ret,
951 707 1152 738 admonitum
1173 716 1262 747 esse,
1287 716 1352 738 non
1367 709 1469 738 solum
1493 716 1559 738 ser-

861 760 955 782 mone
969 753 1076 782 nostro
1089 775 1098 791 ,
1112 754 1170 783 sed
1190 753 1293 792 ipsius
1307 762 1433 793 quoque
1447 753 1561 791 digna·

861 798 948 828 tione
962 798 1069 837 sponsi
1088 800 1240 830 Ecclesiae
1259 801 1337 831 Jesu
1358 800 1474 830 Christi
1494 801 1559 829 Do-

860 843 941 873 mini
953 845 1071 883 nostri,
1087 845 1143 884 qui
1165 847 1214 876 est
1232 855 1330 884 super
1349 845 1458 877 omnia
1471 844 1559 876 Deus

860 888 1053 921 benedictus
1067 890 1103 921 in
1119 892 1254 930 saecula,
1269 899 1375 922 amen.

997 1009 1169 1043 SERMO
1202 1009 1429 1044 XXXVIII.

859 1080 989 1112 Qualiter
997 1087 1029 1104 ex
1037 1081 1195 1111 ignorantia
1202 1080 1252 1104 Dei
1262 1080 1385 1103 nascitur
1397 1078 1558 1109 desperatio,

888 1118 914 1139 et
929 1117 1050 1146 qualiter
1060 1122 1154 1147 sponsa
1167 1115 1278 1140 dicatur
1292 1115 1390 1146 pulcra
1401 1115 1476 1139 inter
1493 1121 1558 1139 mu-

888 1152 977 1175 lieres.

900 1207 929 1235 l.
950 1206 1036 1243 Qum
1051 1206 1151 1244 igitur
1164 1205 1225 1235 Dei
1247 1204 1428 1244 ignorantia
1448 1205 1557 1244 partu·
1589 1218 1592 1219 ⁷

859 1251 924 1282 rit?
940 1252 1018 1281 Nam
1039 1251 1115 1280 hine
1140 1250 1362 1289 incipiendum
1384 1250 1452 1289 est,
1473 1250 1558 1281 sicut

858 1297 1075 1327 recordamini
1094 1296 1149 1326 hic
1176 1296 1250 1326 heri
1273 1295 1373 1325 fuisse
1402 1296 1558 1326 termina-

859 1344 938 1372 tum.
963 1342 1048 1379 Quid
1076 1342 1186 1380 itaque
1211 1340 1383 1379 parturit?
1407 1341 1557 1371 Diximus

858 1388 1118 1426 desperationem
1143 1395 1152 1416 z
1181 1387 1236 1417 sed
1269 1393 1408 1424 quonam
1442 1386 1555 1423 modo,

858 1434 1015 1463 dicamus.
1042 1433 1137 1462 Forte
1157 1431 1275 1469 aliquis
1289 1439 1439 1461 reversus
1455 1430 1489 1460 in
1503 1439 1536 1461 se
1547 1454 1556 1468 ,

857 1479 891 1508 et
901 1478 1075 1516 displicens
1087 1477 1147 1507 sibi
1160 1477 1194 1506 in
1209 1476 1359 1506 omnibus
1373 1475 1466 1506 mafis
1485 1485 1556 1515 quae

857 1524 952 1562 fecit,
969 1523 1174 1561 cogitansque
1186 1522 1387 1560 resipiscere,
1400 1523 1433 1551 et
1447 1522 1555 1552 redire

856 1570 896 1599 ab
911 1570 1000 1599 omni
1015 1568 1069 1599 via
1090 1569 1176 1598 mala
1196 1568 1228 1598 et
1243 1567 1366 1598 carnali
1386 1575 1556 1598 conversa-

857 1617 945 1646 tione
960 1623 1039 1652 sua;
1056 1614 1083 1643 si
1098 1614 1244 1652 ignorat,
1266 1621 1362 1652 quam
1385 1613 1428 1643 sit
1452 1613 1554 1644 bonus

856 1662 943 1690 Deus
955 1682 964 1698 ,
989 1667 1087 1698 quam
1111 1659 1219 1688 suavis
1237 1659 1270 1688 et
1286 1658 1392 1695 mitis,
1410 1658 1443 1688 et
1456 1667 1554 1696 quam

856 1707 977 1736 multus
1001 1705 1041 1735 ad
1065 1703 1295 1743 ignoscendum
1321 1711 1329 1732 ε
1358 1711 1466 1734 nonne
1494 1712 1553 1734 sua

856 1751 992 1781 carnalis
1007 1749 1159 1787 cogitatio
1175 1751 1286 1786 arguet
1301 1757 1388 1787 eum,
1398 1748 1431 1779 et
1445 1749 1552 1780 dicet:

855 1796 938 1833 Quid
954 1795 1031 1826 facis
1043 1794 1055 1824 ἓ
1066 1795 1104 1824 Et
1117 1794 1219 1824 vitam
1233 1795 1328 1824 istam
1342 1794 1392 1824 vis
1402 1794 1553 1832 perdere,

856 1843 889 1872 et
907 1842 1049 1872 futuram
1062 1840 1075 1870 ἓ
1087 1840 1221 1870 Peccata
1235 1841 1291 1870 tua
1303 1839 1445 1869 maxima
1459 1841 1553 1877 sunt,

855 1889 888 1918 et
906 1888 1044 1918 nlmium
1062 1886 1167 1916 multa
1183 1894 1191 1915 τ
1208 1893 1416 1924 nequaquam
1435 1893 1491 1923 pro
1507 1886 1556 1916 tot

855 1937 888 1964 et
901 1933 1021 1971 tantis,
1044 1940 1106 1962 nec
1122 1932 1149 1961 si
1170 1932 1203 1961 te
1224 1930 1391 1969 excories,
1413 1930 1554 1962 sufficies

853 1979 1050 2010 satisfacere.
1067 1977 1255 2015 complexio
1270 1977 1381 2006 tenera
1400 1977 1465 2014 est,
1485 1977 1553 2006 vita

854 2025 981 2056 exstitit
1001 2023 1157 2060 delicata,
1174 2022 1444 2052 consuetudinem
1469 2021 1554 2051 disii-

853 2072 915 2101 cile
930 2071 1053 2100 vinces.
1075 2070 1134 2098 Pro
1152 2068 1203 2098 his
1217 2068 1250 2098 et
1261 2067 1421 2098 similibus
1435 2067 1553 2105 despe-

853 2117 940 2146 ratus
957 2115 1065 2146 resilit
1078 2114 1178 2144 miser
1191 2134 1201 2151 ,
1224 2114 1373 2151 ignorans
1388 2120 1485 2150 quam
1507 2112 1553 2142 fa<

853 2162 914 2192 cile
927 2161 1130 2199 omnipotens
1141 2159 1270 2189 Bonitas
1278 2167 1374 2202 ,quae
1384 2159 1552 2191 nemine-an

852 2208 923 2238 vult
946 2207 1075 2245 perire,
1101 2206 1218 2236 cuncta
1244 2205 1306 2235 ista
1330 2204 1549 2244 dissolveret:

851 2253 1061 2292 sequiturque
1076 2250 1319 2290 impoenitentia
1330 2271 1339 2288 ,
1351 2259 1422 2288 quae
1435 2250 1483 2280 est
1497 2249 1553 2280 de-

851 2299 964 2329 lictum
979 2298 1177 2335 maximum,
1194 2298 1228 2327 et
1249 2296 1454 2335 blasphemia
1472 2296 1552 2325 irre-

850 2343 1028 2374 missibilis.
1055 2343 1126 2380 lpse
1152 2350 1230 2372 vero
1255 2342 1312 2371 aut
1339 2340 1551 2375 conturbatus

850 2389 953 2418 nimia
969 2387 1101 2418 tristitia
1117 2387 1326 2425 absorbetur,
1343 2386 1376 2416 et
1396 2386 1499 2415 fertur
1514 2384 1549 2414 in

850 2433 1045 2473 profundum
1057 2455 1066 2471 ,
1080 2433 1216 2463 minime
1229 2433 1297 2470 jam
1310 2433 1347 2462 ut
1358 2429 1549 2461 consolatio-

850 2489 923 2510 nem
931 2479 1082 2518 recipiat,
1095 2487 1290 2517 emersurus,
1299 2477 1383 2508 sicut
1391 2475 1547 2513 scriptum

850 2526 915 2564 est,
943 2527 1059 2565 Impius
1079 2534 1149 2555 cum
1176 2525 1291 2555 venerit
1314 2525 1345 2553 in
1359 2521 1547 2560 profundum

848 2571 1002 2601 malorum
1010 2591 1020 2607 ‚
1032 2570 1195 2600 contemnit
1207 2577 1217 2598 .·
1229 2567 1283 2597 aut
1298 2565 1385 2595 certe
1397 2563 1548 2593 dissimu-

847 2617 916 2646 lans
929 2638 938 2654 ,
962 2616 994 2646 et
1023 2615 1085 2646 sibi
1111 2614 1338 2653 qualicumque
1373 2608 1545 2640 verisimili
