1846 3078
267 240 328 273 1⁶08

718 245 749 273 S.
772 238 1010 273 BERNARDI
1035 241 1233 271 ABBATIS

265 296 367 337 ciunt,
379 304 397 327 a
411 297 494 328 malo
505 296 618 336 utique
630 296 804 328 domestico
816 296 848 326 et
860 295 961 325 intes·
1001 294 1136 326 minime
1144 293 1383 328 restaurentur.
1398 295 1477 327 Nam
1492 294 1564 335 quis
1575 292 1701 327 nesciat

264 343 335 374 tino
345 366 355 382 ,
367 343 452 374 sicut
467 344 621 382 scriptum
637 344 685 373 est
700 352 709 372 τ
726 345 766 373 Ec
778 342 894 372 inimici
906 341 961 369 Ιιο-

265 390 358 420 minis
382 390 536 420 domestici
556 389 631 427 ejus.
658 389 768 425 Neque
792 386 880 416 enim
904 393 962 423 pro

265 442 330 472 qua
352 442 453 472 usque
475 434 515 464 ad
543 433 734 471 sanguinem
758 431 961 467 restiterunt,

264 487 323 509 suo
350 479 578 517 derelinquunt
614 477 794 515 patrocinio
825 476 962 506 destitu-

262 525 349 563 tam,
366 525 423 555 sed
437 525 609 562 protegunt
630 523 662 551 ct
683 522 869 552 custodiunt
891 530 962 551 eam

262 570 316 600 die
329 578 365 600 ac
381 571 474 600 nocte
484 591 493 605 ,
507 569 565 597 hoc
582 567 675 596 estin
688 567 755 596 vita
768 566 846 597 etin
860 566 962 595 morte

261 624 331 646 sua.
356 614 435 645 Etsi
457 615 589 652 pretiosa
605 614 647 642 est
670 614 702 642 in
727 613 887 650 conspectu
898 613 963 641 Do-

262 662 340 690 mini
354 668 434 689 mors
453 660 638 688 Sanctorum
661 658 745 696 ejus,
762 665 825 687 non
837 657 963 694 ambigo

263 713 323 742 ego
341 704 421 742 quin
443 703 542 733 etiam
564 703 655 733 tanto
671 703 706 733 in
723 703 827 732 morte
850 703 962 740 poten-

261 750 327 778 tius
352 749 385 777 id
413 749 521 785 agant,
537 749 658 786 quanto
682 749 716 778 in
737 749 806 787 ipsa
823 747 963 786 amplius

262 794 460 824 confortatus
475 794 524 823 est
536 794 739 832 principatus
755 802 877 824 eorum.

300 839 331 868 [ι.
346 839 397 869 Sic
410 839 471 870 ista
487 839 614 876 asseris,
631 840 676 869 ait
687 841 760 878 quis
771 861 780 877 ,
796 847 832 869 ac
845 838 872 869 si
887 847 963 868 ocu-

260 885 302 915 lis
318 884 384 915 tuis
398 884 518 914 videris
541 893 579 914 ea
594 894 602 913 :
618 886 694 914 sunt
709 885 817 914 autem
838 884 877 913 ab
902 884 963 914 hu-

260 930 366 959 manis
389 930 514 960 seclusa
541 929 777 967 conspectibus.
800 928 857 958 Cui
880 936 960 966 ego:

260 974 294 1004 Si
322 974 359 1004 tu
385 974 517 1004 tuorum
545 975 711 1003 oculorum
736 973 959 1003 testimonium

260 1019 356 1050 fidele
379 1020 495 1058 putas,
523 1020 747 1050 testimonium
776 1019 836 1049 Dei
857 1019 961 1056 majus

260 1065 321 1095 est.
338 1064 392 1094 Ait
405 1073 482 1094 vero
496 1073 504 1094 t
522 1066 620 1104 Super
635 1075 741 1096 muros
756 1067 822 1095 tuos
835 1066 962 1095 Jerusa-

259 1111 319 1141 lem
340 1112 483 1141 constitui
510 1112 667 1142 custodes:
684 1112 748 1141 tota
772 1112 818 1140 die
843 1112 871 1140 et
897 1111 961 1140 tota

258 1158 357 1194 nocte,
368 1158 589 1195 inperpetuum
601 1166 663 1187 non
679 1157 830 1187 tacebunt.
845 1155 908 1186 Sed
920 1155 960 1185 de

259 1202 403 1241 Angelis,
421 1202 527 1241 inquis
538 1224 547 1240 ,
564 1202 597 1232 id
605 1203 726 1233 dictum
743 1203 803 1232 est.
819 1203 886 1232 Non
903 1202 961 1231 ab-

258 1256 324 1278 nuo
341 1256 350 1277 t
367 1256 478 1278 omnes
492 1249 565 1278 sunt
579 1248 845 1278 administratorii
864 1247 961 1286 spiri-

257 1295 323 1324 tus.
341 1294 380 1324 At
391 1294 464 1332 quis
482 1302 533 1324 me
549 1294 721 1332 prohibeat
736 1294 851 1324 itidem
867 1295 900 1323 et
921 1295 959 1323 de

259 1339 333 1369 istis
349 1339 470 1369 sentire
482 1362 490 1377 ,
507 1340 563 1377 qui
579 1340 722 1377 potentia
745 1339 876 1377 quidem
901 1339 961 1368 mi-

259 1385 350 1414 nime
370 1384 437 1421 jam
461 1385 538 1422 ipsis
560 1385 690 1421 Angelis
706 1386 845 1421 impares
867 1386 959 1422 sunt,

259 1431 379 1459 aflectu
395 1431 505 1459 autem
521 1430 554 1458 et
574 1429 796 1458 misericordia
815 1437 852 1458 eo
868 1429 960 1459 nobis

258 1476 391 1506 forsitan
405 1475 622 1512 germaniores
632 1474 810 1512 exsistunt,
825 1483 887 1512 quo
904 1484 961 1504 na-

257 1522 331 1550 tura
357 1520 613 1557 conjunctiores?
630 1521 733 1555 lunge
763 1521 797 1548 et
820 1520 960 1548 toleran-

256 1567 336 1596 tiam
356 1565 543 1596 earumdem
560 1564 745 1602 passionum
769 1564 802 1593 et
817 1564 960 1593 miseria-

997 340 1105 369 satana
1119 341 1253 371 cadente
1269 341 1309 371 de
1331 343 1412 372 coelo
1429 342 1462 373 et
1480 342 1551 379 ejus
1565 342 1698 379 compli-

998 384 1100 423 cibus,
1113 394 1284 416 numerum
1307 394 1453 425 supernae
1475 387 1698 417 multitudinis

998 433 1089 468 parte
1110 442 1174 463 non
1199 434 1323 463 modica
1350 434 1640 466 imminutum?De
1662 434 1696 464 te
1715 439 1718 440 ’

999 477 1107 515 itaque
1123 486 1233 509 omnes
1242 482 1551 511 consummationem
1562 489 1699 520 exspec-

1000 523 1086 561 tant,
1114 525 1171 554 alii
1192 525 1344 564 numeri,
1363 525 1420 556 alii
1447 526 1601 557 desiderii
1631 527 1694 557 sui.

1000 569 1141 606 Agnosce
1177 570 1313 609 proinde
1346 579 1459 601 vocem
1488 571 1521 601 in
1549 572 1673 610 psalmo
1687 581 1696 602 ι

999 615 1046 643 Me
1056 617 1233 653 eaespectant
1241 617 1327 653 iusti,
1341 617 1432 647 donec
1447 617 1600 647 retribuas
1611 618 1697 648 mihi.

1037 659 1068 688 5.
1097 660 1135 689 Et
1157 660 1417 698 advertendum,
1445 661 1532 699 quod
1554 669 1618 690 non
1638 662 1698 692 ista

999 703 1083 742 illos,
1098 705 1155 735 sed
1171 705 1219 735 illi
1236 706 1328 735 istam
1345 705 1452 744 potius
1467 706 1631 736 invenisse
1646 715 1697 737 re-

998 748 1158 788 feruntur,
1173 751 1273 789 utque
1291 759 1348 788 ego
1360 751 1506 789 suspicor
1516 751 1556 780 ad
1570 751 1631 781 hoc
1648 752 1698 790 ip-

997 803 1066 824 sum
1095 795 1202 825 studio
1232 796 1404 826 destinati.
1433 797 1511 826 Nam
1539 797 1700 835 quomodo

997 840 1240 879 praedicabunt,
1255 841 1319 871 nisi
1343 841 1534 871 mittantur?
1546 842 1696 881 Denique

997 885 1096 916 habes
1126 887 1315 924 loquentem
1345 887 1378 916 in
1405 887 1590 925 Evangeliis
1608 898 1616 917 ε
1632 890 1696 925 Ile,

996 939 1060 960 ecce
1071 939 1122 968 eqo
1131 933 1216 960 mitto
1226 940 1289 961 vos.
1300 931 1337 960 Et
1345 939 1352 959 :
1360 932 1416 967 Ite,
1424 933 1584 969 praedicate
1593 933 1696 963 Evan-

997 976 1107 1013 9elz'um
1121 977 1208 1006 omni
1220 978 1382 1006 creaturae.
1399 976 1446 1004 Ita
1461 976 1520 1006 est.
1537 977 1594 1006 Illa
1609 986 1697 1016 quae-

996 1021 1088 1052 rebat
1102 1029 1266 1060 sponsum,
1282 1020 1316 1050 et
1328 1029 1478 1059 sponsum
1488 1029 1552 1051 non
1561 1022 1695 1054 latebat.

996 1066 1116 1104 Nempe
1136 1065 1193 1104 qui
1223 1065 1257 1095 in
1280 1065 1341 1095 hoc
1364 1066 1472 1104 ipsum
1496 1066 1697 1098 excitaverat

997 1120 1067 1141 eam
1083 1112 1120 1142 ut
1140 1119 1174 1141 se
1190 1111 1368 1150 quaereret,
1386 1112 1419 1141 et
1433 1111 1567 1142 dederat
1580 1112 1630 1142 illi
1643 1121 1697 1144 cor

996 1157 1035 1186 ad
1059 1158 1239 1195 praecepta,
1256 1156 1290 1186 et
1314 1157 1421 1195 legem
1443 1157 1520 1187 vitae
1544 1158 1577 1187 et
1598 1158 1697 1189 disci-

996 1202 1112 1240 plinae,
1135 1202 1308 1232 dummodo
1331 1203 1416 1232 esset
1438 1202 1494 1240 qui
1515 1202 1694 1235 instrueret

996 1249 1028 1278 et
1044 1248 1175 1278 doceret
1189 1249 1276 1278 viam
1296 1248 1491 1286 prudentiae.
1507 1249 1545 1278 Et
1561 1249 1649 1280 misit
1661 1251 1695 1280 in

996 1303 1163 1324 occursum
1180 1294 1250 1330 ejus
1262 1294 1460 1331 plantatores
1477 1295 1509 1324 et
1524 1294 1692 1333 rigatores,

995 1341 1050 1377 qui
1064 1349 1135 1369 eain
1148 1340 1350 1375 enutrirent,
1367 1340 1400 1369 et
1416 1339 1642 1370 confirmarent
1660 1341 1695 1370 in

996 1385 1081 1413 ouini
1091 1384 1286 1413 certitudine
1297 1383 1524 1421 veritatis,hoc
1535 1385 1594 1422 est,
1606 1385 1692 1415 indi-

995 1430 1105 1458 carent
1121 1429 1169 1458 illi
1186 1430 1371 1467 certamque
1391 1429 1566 1458 redderent
1591 1429 1630 1459 de
1647 1431 1695 1460 di-

996 1475 1096 1511 lecto;
1108 1474 1184 1512 quia
1199 1474 1319 1503 veritas
1335 1474 1382 1503 est
1397 1483 1493 1511 quam
1508 1475 1641 1513 quaerit,
1660 1477 1693 1507 et

995 1528 1091 1556 quam
1116 1527 1192 1548 vere
1216 1519 1323 1556 diligit
1347 1520 1455 1548 anima
1477 1519 1558 1555 ejus.
1580 1521 1619 1549 Et
1640 1529 1693 1551 re·-

995 1572 1069 1593 vera
1086 1571 1163 1602 quis
1178 1571 1276 1594 mnes
1297 1572 1435 1593 verusve
1453 1558 1568 1595 anim'ae
1590 1574 1690 1605 amor,

256 1619 342 1648 rum,
357 1610 391 1639 in
405 1610 524 1648 quibus
540 1618 597 1639 nos
611 1618 668 1647 pro
687 1611 834 1646 tempore
851 1610 955 1640 adhuc
973 1611 978 1659 ι
995 1610 1055 1639 nisi
1076 1610 1188 1647 utique
1215 1610 1243 1639 is
1255 1631 1263 1647 ,
1288 1618 1352 1647 quo
1369 1609 1489 1639 veritas
1504 1611 1693 1642 adamatur?

257 1662 435 1686 versamur.
451 1654 581 1683 Nihilne.
595 1654 733 1690 amplius
742 1655 959 1685 miserationis
973 1660 978 1692 1
996 1655 1138 1685 Rationis
1168 1663 1238 1684 sum
1268 1663 1414 1692 compos,
1440 1655 1590 1685 veritatis
1620 1665 1693 1688 sum

256 1709 315 1740 pro
335 1700 428 1730 nobis
449 1700 501 1729 vel
521 1698 749 1728 sollicitudinis
771 1694 978 1745 operabitur}

995 1709 1120 1738 capax.
1138 1700 1194 1730 sed
1213 1700 1337 1730 utinam
1353 1708 1417 1729 non
1436 1700 1592 1739 sore1n,si
1605 1710 1693 1733 amor

257 1748 292 1777 in
302 1745 606 1782 mentibussanctis,
622 1745 706 1782 quod
719 1745 752 1774 et
761 1753 794 1774 se
807 1745 957 1776 transisse
973 1747 978 1792 ff
995 1746 1064 1775 veri
1080 1745 1234 1776 defuerit.
1257 1745 1379 1775 Horum
1394 1745 1515 1783 quippe
1528 1754 1692 1779 ramorum

255 1801 316 1832 per
330 1800 383 1822 eas
398 1791 610 1830 proculdubio
620 1790 856 1820 meminerunt.
850 1791 861 1811 Ρ
877 1792 959 1821 Non-

256 1847 299 1869 ne
323 1838 380 1868 iila
404 1838 548 1876 ipsorum
577 1844 644 1866 νοΧ
665 1837 730 1874 cst,
750 1838 958 1868 Transivimus

255 1894 312 1924 per
337 1885 438 1922 ionem
467 1885 495 1912 ct
513 1891 629 1921 aquam
642 1904 651 1919 ,
668 1884 696 1911 et
710 1883 843 1911 eduxisti
857 1891 912 1913 nos
926 1885 957 1913 in

255 1927 472 1968 refrigerium?
495 1927 598 1965 Quid?
617 1928 680 1965 lpsi
697 1927 912 1966 transierunt,
925 1930 957 1958 et

256 1984 315 2006 nos
329 1975 362 2005 in
378 1973 494 2004 mediis
513 1974 642 2011 Ignibus
659 1974 710 2003 vel
730 1973 880 2003 fluctibus
900 1974 957 2004 de—

256 2020 467 2059 relinquent,
489 2028 549 2050 nec
565 2020 678 2049 saltem
701 2027 832 2048 manum
856 2020 956 2058 porri—

257 2074 331 2104 gere
347 2065 565 2103 dignabuntur
579 2065 843 2103 periclitantibus
858 2065 956 2095 filiis?

256 2112 325 2141 Non
340 2111 389 2140 est
404 2111 460 2140 ita.
476 2111 564 2140 Bene
587 2111 695 2140 tecum
719 2110 872 2149 agitur,o
887 2119 957 2141 ma-

257 2159 308 2186 ter
323 2155 482 2193 Ecclesia,
498 2155 582 2185 bene
595 2156 704 2185 tecum
720 2155 826 2192 agitur
840 2156 873 2185 in
887 2156 955 2186 loco

258 2201 528 2240 peregrinationis
556 2201 620 2230 tuae
637 2209 645 2230 τ
664 2201 704 2230 de
734 2201 815 2230 coelo
852 2201 886 2231 et
916 2202 955 2232 de

256 2248 346 2276 terra
372 2246 462 2275 venit
490 2246 650 2276 auxilium
675 2246 748 2275 tibi.
767 2246 827 2283 Qui
849 2247 956 2277 custo-

258 2291 353 2322 diunt
371 2291 424 2327 te,
448 2298 510 2319 non
532 2291 727 2329 dormitant,
749 2299 856 2329 neque
882 2292 956 2322 dor-

258 2336 376 2368 miunt.
389 2336 539 2365 Custodes
555 2337 601 2366 tui
617 2337 729 2374 Angeli
743 2337 858 2375 sancti,
873 2339 956 2376 vigi-

257 2384 306 2413 les
316 2382 364 2412 tui
376 2380 508 2419 spiritus
520 2381 553 2410 et
567 2383 681 2412 animae
697 2383 871 2412 Justorum.
888 2385 955 2414 Non

258 2427 367 2459 errant
377 2425 433 2465 qui
447 2426 479 2456 te
494 2425 534 2454 ab
549 2426 691 2464 utrisque
708 2427 874 2458 inventam
889 2430 957 2467 spi-

258 2473 376 2504 ritibus
395 2471 573 2507 senserint,
598 2471 636 2499 ab
661 2473 807 2510 utrisque
833 2475 955 2511 pariter

258 2516 426 2550 custodiri.
436 2517 474 2546 Et
488 2517 536 2546 est
552 2516 648 2553 hujus
660 2517 889 2550 sollicitudinis
903 2528 956 2549 ra-

258 2565 305 2595 tio
329 2562 510 2602 quibusque
538 2569 594 2591 sua
610 2570 618 2590 :
636 2562 686 2590 his
702 2562 834 2600 quidem
847 2586 856 2599 ,
869 2566 955 2603 quod

259 2611 329 2640 sine
343 2609 378 2640 te
392 2616 456 2638 non
473 2607 737 2638 consummentur
751 2616 759 2636 :
777 2608 841 2637 illis
856 2617 933 2639 vero
944 2631 953 2648 ,

259 2655 345 2694 quod
367 2654 430 2686 nisi
454 2653 494 2685 de
519 2654 552 2685 te
577 2653 616 2684 ad
641 2653 691 2683 sui
715 2652 953 2692 plenitudinem

994 1791 1020 1820 is
1042 1791 1166 1821 fructus
1180 1791 1245 1828 est,
1268 1791 1302 1820 et
1318 1798 1376 1841 ego
1401 1791 1505 1821 radix.
1528 1792 1601 1822 NON
1622 1801 1693 1825 sum

993 1843 1140 1867 secunus
1156 1844 1173 1866 a
1195 1836 1320 1874 securi,
1343 1836 1370 1865 si
1392 1836 1511 1875 absque
1537 1846 1575 1867 eo
1601 1838 1692 1870 inve-

994 1883 1074 1911 niar.
1094 1883 1130 1912 In
1145 1882 1202 1912 illo
1228 1882 1383 1912 nimirum
1408 1883 1533 1913 naturae
1554 1892 1691 1916 munere

993 1928 1074 1957 illud
1095 1927 1215 1957 divinae
1241 1928 1393 1965 imaginis
1417 1928 1543 1958 enitere
1565 1929 1691 1967 insigne

993 1973 1077 2002 haud
1093 1973 1229 2002 dubium
1255 1973 1320 2010 est,
1335 1981 1377 2002 ex
1388 1980 1451 2011 quo
1468 1974 1592 2004 caeteris
1608 1983 1690 2012 prae-

991 2019 1055 2048 stet
1077 2018 1307 2048 animantibus.
1333 2018 1410 2048 Inde
1427 2019 1571 2057 estquod
1593 2021 1692 2052 audet

991 2064 1097 2093 anima
1109 2072 1183 2094 mea
1204 2064 1244 2093 ad
1260 2064 1371 2093 dulces
1393 2064 1560 2102 castosque
1585 2073 1692 2096 assur-

991 2118 1066 2147 gere
1082 2109 1231 2140 veritatis
1241 2110 1422 2147 amplexus,
1435 2110 1468 2139 et
1476 2110 1522 2140 sic
1537 2111 1571 2140 in
1582 2119 1691 2144 amore

992 2156 1093 2193 ipsius
1104 2156 1170 2184 tota
1178 2155 1353 2185 securitate
1364 2163 1400 2184 ac
1411 2156 1571 2186 suavitate
1584 2158 1690 2195 quies-

992 2208 1078 2237 cere,
1094 2199 1238 2229 sitamen
1253 2199 1399 2229 inveniat
1410 2200 1545 2236 gratiam
1561 2201 1596 2230 in
1613 2209 1691 2232 ocu-

991 2246 1031 2276 lis
1053 2245 1137 2275 tanti
1162 2245 1299 2283 Sponsi,
1327 2246 1364 2274 ut
1391 2245 1521 2283 dignam
1546 2248 1687 2288 reputet,

990 2302 1062 2331 quae
1077 2292 1116 2322 ad
1131 2291 1214 2321 hane
1236 2290 1401 2328 pertingat
1422 2291 1574 2329 gloriam3
1592 2292 1688 2324 imino

991 2339 1060 2377 ipse
1076 2345 1146 2368 eam
1167 2336 1229 2366 sibi
1251 2336 1408 2366 exhibeat
1426 2344 1491 2366 non
1514 2336 1688 2370 habentem

990 2384 1148 2414 maculam
1166 2383 1221 2412 aut
1236 2389 1347 2419 rugam
1359 2403 1369 2418 ,
1387 2383 1443 2412 aut
1466 2382 1590 2419 aliquid
1605 2384 1688 2420 ejus-

990 2429 1090 2459 modi.
1120 2427 1238 2465 Quanti
1258 2427 1353 2464 putas
1373 2434 1445 2456 esse
1471 2426 1688 2468 discriminis,

990 2482 1094 2513 quave
1118 2473 1251 2510 dignum
1267 2479 1376 2509 poena,
1405 2471 1530 2501 tantum
1552 2473 1611 2502 Dei
1631 2474 1688 2505 do-

989 2527 1067 2549 num
1082 2519 1220 2548 otiosum
1233 2515 1368 2546 tenere?
1381 2517 1500 2546 Verum
1513 2517 1574 2547 hoc
1594 2519 1685 2551 alias,

1028 2565 1059 2594 6.
1075 2566 1163 2594 Nunc
1179 2571 1257 2593 vero
1272 2569 1387 2601 sponsa
1397 2570 1495 2600 quem
1507 2564 1685 2603 quaerebat,

989 2610 1124 2640 minime
1139 2608 1278 2647 reperitg
1295 2608 1328 2637 et
1342 2615 1421 2646 quos
1434 2615 1497 2636 non
1509 2608 1684 2648 quaerebat,

991 2654 1119 2692 reperta
1138 2655 1187 2685 est
1208 2654 1248 2684 ab
1268 2652 1358 2692 ipsis.
1375 2651 1513 2684 Audiant
1537 2652 1613 2693 hoc,
1630 2656 1685 2694 qui
