1846 3078
229 219 289 249 278

226 273 290 304 scit
307 272 387 312 quid
411 271 556 311 loquitur
575 271 735 310 Spiritus,
757 271 848 308 cujus
863 278 925 299 vox

226 319 323 357 atque
335 317 477 357 operatio
488 317 622 347 minime
634 317 721 347 inter
728 325 762 346 se
774 322 925 352 umquam

225 363 434 394 dissentiunt.
463 364 638 402 Propterea
667 370 742 399 ergo
770 358 926 396 intelligit

225 417 297 447 quae
306 409 458 439 dicuntur
467 431 476 446 ‚
488 408 641 446 quoniam
653 415 724 444 quae
733 405 809 434 foris
818 403 925 441 audit,

226 454 315 484 intus
329 455 439 484 sentit.
454 454 532 483 Nam
544 453 600 490 qui
613 452 645 481 in
658 450 750 480 nobis
766 448 925 487 loquitur,

226 500 378 538 operatur
392 499 427 528 in
441 499 533 529 vobis
544 507 622 527 unus
635 498 724 533 atque
737 496 813 523 idem
828 494 927 532 Spiri-

224 547 285 582 tus,
296 546 427 576 dividens
438 544 562 581 sinqulis
572 543 663 580 prout
675 540 738 570 vult
749 550 758 569 .·
771 539 844 568 aliis
855 539 926 577 qui·

223 590 299 620 dem
320 590 426 628 loqui,
455 589 529 619 aliis
551 587 660 616 autem
684 585 811 623 operari
839 585 926 623 quod

225 636 347 666 bonum
359 635 420 665 est.

264 681 296 713 [ι.
313 679 462 718 Quisquis
483 678 592 715 itaque
608 677 757 706 vestrum
776 676 850 715 post
870 675 925 705 illa

223 735 333 757 amara
357 728 390 755 et
417 725 594 761 lacrymosa
619 722 840 752 conversionis
861 730 925 751 suae

222 771 398 811 primordia
410 769 585 806 respirasse
601 768 638 798 in
652 776 743 806 spem
754 790 763 805 ,
779 768 875 806 atque
891 767 925 797 in

223 816 381 855 quoddam
401 822 554 844 serenum
572 822 722 852 supernae
737 813 926 843 60115013ῐί0-

221 863 274 892 nis
293 860 408 900 pennis
432 859 543 897 gratiae
564 860 771 889 sublevatum
795 867 830 889 se
853 867 926 888 evo-

222 909 304 937 lasse
333 906 480 943 laetatur3
503 905 530 934 is
552 904 697 942 profecto
719 904 787 941 Jam
810 904 924 941 metit,

222 960 352 982 suarum
359 950 521 989 recipiens
529 951 670 980 fructum
682 950 925 987 temporaneum

221 998 454 1034 lacrymarum3
480 997 514 1025 et
542 996 612 1034 ipse
638 995 721 1024 vidit
745 995 867 1032 Deum,
893 995 926 1024 et

223 1043 349 1072 audivit
362 1050 475 1072 vocem
487 1041 647 1071 dicentis:
664 1042 744 1070 Date
759 1041 786 1069 σι’
799 1041 833 1069 de
842 1040 926 1078 fruc-

223 1088 302 1118 tibus
328 1096 479 1117 manunm
502 1095 643 1117 suarum.
670 1085 748 1114 Nam
767 1084 925 1122 quomodo

222 1141 290 1162 non
306 1133 392 1163 vidit
406 1133 530 1169 Deum,
546 1131 601 1169 qui
617 1130 759 1169 gustavit
774 1131 807 1160 et
821 1130 925 1168 vidit,

222 1178 376 1217 quoniam
408 1178 516 1207 suavis
545 1178 594 1207 est
620 1175 796 1206 Dominus?
823 1176 926 1213 Quam

222 1224 353 1253 dulcem
378 1223 411 1253 et
435 1231 567 1253 suavem
591 1222 624 1252 te
649 1221 767 1259 sensit,
789 1221 926 1251 Domine

221 1270 316 1308 Jesu,
332 1269 384 1299 cui
398 1277 416 1298 a
431 1270 464 1298 te
478 1277 542 1298 non
557 1268 649 1298 modo
664 1267 796 1305 peccata
811 1267 926 1296 donata

222 1316 311 1354 sunt,
327 1315 384 1346 sed
398 1316 431 1345 et
443 1323 560 1345 munus
569 1313 748 1344 sanctitatis
763 1313 926 1343 indultum

223 1362 288 1399 θεῖς
310 1370 418 1400 neque
434 1360 467 1390 id
488 1361 610 1397 solum,
633 1359 689 1389 sed
704 1360 737 1389 et
752 1359 859 1388 addita
876 1359 926 1388 in-

221 1415 321 1446 super
329 1407 369 1436 ad
376 1406 541 1436 cumulum
549 1406 706 1435 bonorum
713 1404 788 1433 vitae
797 1404 926 1434 aeternae

221 1452 409 1490 promissio!
427 1451 520 1480 Felix
535 1451 591 1488 qui
605 1451 733 1479 tantum
751 1449 817 1485 jam
842 1457 926 1479 mes-

223 1497 308 1535 suit,
332 1497 455 1526 habens
480 1495 613 1524 interim
633 1494 766 1532 quidem
786 1494 925 1524 fructum

222 1551 320 1573 suum
341 1542 375 1572 in
392 1540 702 1577 sanctificationem,
725 1539 825 1569 finem
847 1548 924 1569 vcro

223 1588 328 1618 vitam
343 1586 516 1618 aeternam!
533 1586 645 1615 Merito
660 1585 716 1623 qui
737 1593 770 1614 se
792 1585 925 1615 invento

223 1633 335 1670 flevit,
352 1632 482 1670 gavisus
497 1631 545 1660 est
557 1631 625 1660 viso
640 1630 777 1659 Domino
793 1639 801 1658 :
818 1630 858 1659 ad
873 1639 926 1659 cu-

223 1678 277 1715 jus
287 1678 400 1715 utique
416 1675 634 1705 miserationis
649 1675 806 1704 intuitum
821 1674 926 1704 tantos

220 1723 288 1759 jam
314 1722 439 1752 levavit
460 1721 659 1758 manipulos,
682 1719 924 1757 remissionem,

223 1767 531 1804 sanctificationem,
556 1774 647 1803 spem
673 1765 762 1794 vitae.
785 1765 810 1794 Ο
829 1773 925 1803 quam

223 1821 321 1843 verus
338 1813 387 1843 est
403 1820 510 1843 sermo
531 1812 586 1850 qui
607 1811 641 1840 in
661 1810 821 1849 Propheta
844 1811 926 1848 legi-

222 1860 298 1888 tur:
315 1859 374 1898 Qui
386 1859 538 1889 seminant
553 1858 585 1886 in
600 1857 761 1894 lacrymis,
778 1858 809 1886 ῖη
824 1857 926 1887 exsul-

223 1905 338 1934 tatione
366 1904 489 1933 metent.
515 1902 577 1932 Ubi
609 1902 754 1931 breviter
781 1910 924 1939 compre-

224 1951 324 1981 hensa
345 1950 482 1987 utraque
504 1948 644 1986 cognitio
666 1948 715 1977 est
738 1955 746 1976 :
772 1949 805 1977 et
826 1948 925 1977 nostri

224 1995 357 2034 quidem
372 1995 407 2024 in
421 1994 572 2032 lacrymis
583 2001 694 2023 serens
704 2015 714 2032 ,
725 2001 799 2031 quae
815 1995 924 2023 autem

224 2041 304 2079 Dei,
326 2041 453 2070 metens
468 2039 501 2068 in
516 2038 643 2077 gaudio.

265 2087 295 2117 ὅ.
311 2087 377 2116 Hac
393 2093 468 2124 ergo
477 2085 511 2115 in
519 2083 744 2122 nobisgemina
758 2084 924 2122 praeeunte

224 2131 338 2161 notitia
351 2154 359 2169 ‚
369 2131 436 2169 jam
448 2139 486 2160 ea
501 2139 571 2169 quae
587 2130 671 2159 forte
687 2130 925 2167 supercreverit

224 2176 361 2206 scientia
370 2176 506 2206 minime
518 2175 622 2213 inflat,
635 2175 747 2213 utpote
760 2183 830 2213 quae
842 2174 925 2205 nihil

225 2221 341 2251 afferre
356 2221 462 2251 valeat
484 2220 606 2250 terreni
621 2219 780 2250 commodi
795 2220 848 2249 vel
869 2219 925 2250 ho-

225 2267 331 2304 noris,
357 2266 442 2304 quod
456 2275 520 2296 non
543 2267 584 2296 sit
605 2274 681 2296 sane
708 2265 845 2295 iuferius
869 2274 925 2304 spe

226 2310 381 2349 concepta
391 2333 400 2348 ‚
416 2312 593 2350 laetitiaque
609 2311 678 2349 spei
689 2311 756 2348 iam
767 2310 863 2341 altius
874 2319 925 2340 ra-

227 2357 333 2387 dicata
348 2356 382 2385 in
397 2356 514 2386 animo.
533 2359 603 2394 Spes
615 2358 786 2386 autemnon
794 2356 926 2394 confun-

226 2403 282 2439 dit,
298 2403 370 2440 quia
380 2403 494 2432 caritas
508 2403 729 2438 Deiiliffusacst
745 2403 776 2432 ἰη
787 2403 926 2433 cordibus

226 2446 340 2476 nostris
354 2454 408 2484 per
422 2446 570 2483 Spiritum
587 2448 726 2475 sanctum
737 2467 747 2482 ,
764 2447 817 2485 qui
837 2447 926 2477 datus

227 2493 271 2521 est
291 2491 390 2521 nobis.
410 2490 486 2520 Ideo
502 2490 557 2519 illa
572 2498 635 2519 non
651 2490 836 2529 confundit,
850 2492 926 2530 quia

227 2537 290 2566 ista
312 2536 458 2566 infundit
483 2535 724 2565 certitudinem.
753 2537 814 2565 Per
842 2537 926 2567 hanc

228 2582 316 2612 onim
331 2582 398 2621 ipse
415 2581 552 2620 Spiritus
573 2581 795 2611 testimonium
818 2583 927 2620 perhi-

228 2628 284 2659 bet
297 2628 425 2668 spiritui
438 2628 557 2666 nostro,
565 2627 650 2666 quod
665 2626 721 2656 filii
735 2626 792 2656 Dei
807 2635 926 2658 sumus.

683 220 714 247 S.
738 217 974 247 BERNARDl
1001 217 1199 245 ABBATIS

960 269 1124 305 Quidnam
1139 269 1240 307 igitur
1251 269 1342 300 nobis
1351 268 1391 300 de
1406 269 1512 299 nostra
1525 268 1663 306 quanta-

961 321 1098 351 cumque
1112 314 1249 343 scientia
1262 315 1435 353 provenire
1449 314 1566 352 possit,
1579 314 1663 351 quod

960 365 1024 387 non
1039 358 1081 388 sit
1092 359 1198 388 minus
1212 359 1271 389 hac
1279 361 1405 400 gloria,
1421 368 1485 399 qua
1504 361 1590 390 inter
1600 359 1661 388 Dei

961 403 1042 433 filios
1069 411 1278 434 numeramur
1291 405 1304 434 ἓ
1326 406 1443 435 Parum
1472 406 1545 436 dixi
1565 413 1573 433 :
1600 412 1662 434 nec

961 449 1076 486 respici
1085 449 1119 479 in
1132 449 1201 486 ejus
1210 451 1449 487 comparatione
1462 451 1568 489 potest
1576 449 1663 479 orbis

961 495 1029 532 ipse
1045 495 1080 525 et
1102 494 1272 533 plenitudo
1299 495 1387 533 ejus,
1417 495 1549 526 etiamsi
1575 495 1663 524 totus

961 540 1053 570 cedat
1079 540 1242 570 unicuivis
1267 540 1413 570 nostrum
1435 541 1468 570 in
1489 540 1662 579 possessio·

960 594 1046 616 nem.
1062 587 1219 615 Caeterum
1231 584 1259 615 si
1272 593 1329 614 nos
1343 585 1524 623 ignorantia
1535 586 1596 615 Dei
1611 585 1662 614 te-

960 633 1038 669 net,
1054 631 1214 670 quomodo
1236 638 1403 668 speramus
1417 630 1452 660 in
1474 639 1548 660 eum
1563 638 1660 668 quem

960 676 1161 716 ignoramus?
1176 677 1202 707 si
1214 676 1315 706 nostri
1328 698 1337 714 ,
1350 676 1506 714 quomodo
1520 675 1661 704 humiles

960 723 1098 759 erimus,
1114 722 1266 760 putantes
1281 729 1338 750 nos
1350 720 1472 758 aliquid
1488 729 1569 757 esse,
1587 728 1660 749 cum

960 767 1044 796 nihil
1064 766 1186 797 simus?
1200 766 1327 796 Scimus
1342 766 1450 795 autem
1466 773 1527 795 nec
1549 773 1662 802 super-

959 811 1026 849 bis,
1041 819 1102 841 nec
1117 810 1295 849 desperatis
1309 810 1437 848 partem
1455 818 1524 840 esse
1539 809 1594 840 vel
1608 816 1660 839 so-

960 857 1111 887 cietatem
1126 857 1160 886 in
1173 857 1256 886 sorte
1269 857 1464 885 sanctorum.

999 902 1028 932 6.
1051 904 1179 931 Intuere
1195 910 1269 938 ergo
1284 909 1370 930 nunc
1385 909 1525 938 mecum,
1539 899 1658 939 quanta

960 956 1034 978 cura
1047 949 1079 978 et
1095 947 1315 977 sollicitudine
1331 947 1441 976 ambas
1461 947 1538 976 istas
1551 946 1660 983 repel-

961 994 1027 1023 lere
1040 1001 1057 1022 a
1068 992 1162 1022 nobis
1174 991 1369 1029 ignorantias
1380 991 1557 1021 debeamus
1566 998 1660 1028 ,qua-

960 1047 1030 1067 rum
1046 1038 1150 1068 omnis
1161 1036 1287 1075 peccati
1304 1036 1404 1066 altera
1416 1036 1548 1065 initium
1563 1036 1659 1073 parit,

960 1084 1060 1113 altera
1075 1082 1389 1113 consummationem
1405 1090 1413 1110 :
1430 1080 1513 1110 sicut
1525 1080 1660 1110 duarum

961 1138 977 1159 e
990 1130 1120 1168 regione
1135 1127 1327 1158 notitiarum
1345 1127 1476 1156 initium
1494 1125 1662 1165 sapientiae

960 1183 1022 1204 una
1033 1197 1042 1213 ,
1064 1173 1301 1213 perfectionem
1325 1173 1425 1202 altera
1451 1172 1555 1210 gignit
1569 1180 1577 1201 ε
1603 1171 1661 1201 illa

961 1221 1110 1251 timorem
1138 1219 1267 1249 Domini
1280 1242 1289 1258 ,
1319 1219 1380 1248 ista
1411 1218 1592 1248 carItatem.
1621 1217 1661 1246 At

962 1266 1047 1296 istud
1071 1266 1111 1296 de
1136 1265 1262 1296 notitiis
1291 1272 1388 1302 supra
1412 1265 1576 1293 ostensum
1599 1263 1658 1293 est.

960 1313 1048 1341 Nunc
1064 1311 1103 1341 de
1120 1311 1315 1349 ignorantiis
1329 1310 1418 1340 vide.
1432 1309 1561 1339 Etenim
1576 1308 1661 1338 sicut

961 1357 1094 1387 Initium
1123 1356 1293 1394 sapientiae
1319 1356 1417 1386 timor
1437 1355 1586 1392 Domini,
1613 1354 1660 1383 sic

961 1403 1092 1433 initium
1126 1402 1232 1432 omnis
1253 1401 1381 1440 peccati
1411 1400 1564 1438 superbia
1589 1407 1598 1428 :
1627 1400 1661 1429 et

959 1448 1117 1486 quomodo
1145 1447 1380 1486 perfectionem
1405 1446 1467 1476 sibi
1493 1445 1660 1484 sapientiae

960 1494 1105 1523 vindicat
1123 1501 1212 1522 amor
1230 1493 1309 1529 Dei,
1331 1492 1377 1521 ita
1401 1491 1582 1529 desperatio
1597 1491 1660 1521 sibi

959 1547 1087 1568 omnem
1111 1538 1245 1567 malitiae
1268 1538 1591 1567 consummationem.
1622 1537 1660 1566 Et

959 1584 1229 1622 quemadmodum
1241 1592 1282 1613 ex
1289 1583 1404 1613 notitia
1416 1583 1465 1612 tui
1474 1582 1568 1611 venit
1580 1582 1614 1612 in
1626 1582 1658 1612 te

960 1630 1056 1659 timor
1067 1630 1145 1666 Dei,
1162 1630 1258 1666 atque
1271 1637 1312 1658 ex
1323 1628 1383 1657 Dei
1399 1627 1590 1667 notitianei
1603 1627 1659 1658 iti-

959 1674 1032 1703 dem
1042 1682 1145 1703 amor:
1162 1674 1206 1703 sic
1223 1681 1241 1702 e
1252 1673 1410 1702 contrario
1426 1672 1465 1702 de
1479 1672 1657 1710 ignorantia

959 1719 1006 1748 tui
1020 1719 1189 1757 superbia,
1205 1727 1241 1747 ac
1251 1718 1290 1747 de
1303 1718 1363 1747 Dei
1378 1717 1556 1756 ignorantia
1569 1718 1658 1747 venit

959 1764 1153 1802 desperatio.
1180 1764 1230 1793 Sic
1247 1764 1356 1793 autem
1375 1763 1559 1801 superbiam
1573 1763 1658 1801 parit

960 1809 1019 1838 tibi
1030 1808 1210 1847 ignorantia
1225 1807 1287 1845 tui,
1303 1815 1375 1836 cum
1384 1807 1552 1837 meliorem
1563 1815 1659 1844 quam

959 1855 1018 1893 sis,
1046 1854 1181 1892 decepta
1197 1854 1229 1884 et
1243 1852 1413 1891 deceptrix
1435 1853 1489 1882 tua
1508 1852 1659 1890 cogitatio

959 1902 990 1931 te
1008 1909 1076 1930 esse
1089 1900 1257 1930 mentitur.
1276 1899 1342 1928 Hoc
1358 1898 1477 1937 quippe
1488 1898 1535 1928 est
1546 1906 1658 1936 super-

960 1947 1030 1984 bla,
1047 1946 1107 1975 hoc
1133 1945 1264 1974 inItium
1291 1944 1394 1974 omnis
1418 1944 1543 1982 peccati
1554 1966 1562 1981 ‚
1583 1952 1657 1973 cum

960 1992 1060 2029 major
1068 2000 1102 2021 es
1112 1991 1147 2021 in
1159 1990 1223 2020 tuis
1234 1991 1336 2020 oculis
1347 1998 1441 2027 quam
1450 1989 1535 2027 apud
1542 1990 1656 2027 Deum,

958 2046 1054 2076 quam
1069 2036 1267 2067 inveritate.
1291 2036 1330 2064 Et
1355 2035 1430 2065 ideo
1453 2035 1510 2073 qui
1532 2035 1658 2073 primus

959 2082 1106 2122 peccavit
1121 2082 1182 2111 hoc
1198 2081 1319 2120 grande
1333 2081 1506 2119 peccatum
1526 2080 1658 2119 (diabo-

960 2130 1026 2158 lum
1050 2126 1204 2166 loquor),
1220 2127 1260 2156 de
1276 2126 1345 2164 ipso
1360 2126 1482 2155 dictum
1499 2125 1566 2162 est,
1583 2125 1658 2162 quia

959 2175 1127 2204 inveritate
1141 2181 1204 2203 11011
1218 2173 1316 2208 stetit,
1336 2172 1387 2202 scd
1402 2172 1539 2200 mendam
1558 2172 1601 2201 est
1619 2170 1657 2200 ab

959 2220 1063 2249 initio:
1079 2218 1232 2257 quoniam
1244 2216 1329 2256 quod
1340 2216 1375 2246 in
1390 2224 1447 2245 sua
1459 2215 1522 2244 fuit
1537 2215 1658 2253 cogita-

959 2266 1065 2302 tione,
1090 2271 1155 2293 non
1170 2262 1234 2293 fuit
1249 2263 1283 2292 in
1298 2261 1449 2292 veritate.
1474 2261 1560 2298 Quid
1582 2261 1608 2291 si
1624 2261 1658 2289 in

959 2319 996 2341 eo
1018 2309 1216 2341 discordaret
1229 2316 1247 2338 a
1266 2307 1424 2344 veritate,
1446 2307 1483 2336 ut
1497 2314 1656 2336 minorem

959 2365 992 2386 se
1007 2355 1261 2392 inferioremque
1276 2352 1418 2392 putaret,
1433 2360 1530 2390 quam
1538 2352 1658 2382 veritas

960 2401 1093 2432 haberet
1107 2400 1119 2430 ἓ
1134 2399 1312 2430 Excusaret
1325 2406 1400 2428 eum
1415 2405 1470 2427 sua
1485 2396 1656 2435 proculdu—

960 2448 1012 2477 bio
1028 2445 1226 2485 ignorantia,
1244 2444 1278 2474 et
1296 2443 1431 2473 minime
1448 2442 1656 2480 reputaretur

960 2492 1118 2532 superbus
1129 2514 1138 2530 ‚
1153 2499 1215 2521 nec
1235 2490 1303 2520 tam
1318 2488 1523 2519 inveniretur
1539 2485 1657 2524 iniqui·

960 2540 1007 2569 tas
1019 2538 1088 2575 ejus
1099 2538 1140 2567 ad
1155 2536 1284 2573 odium,
1299 2542 1395 2573 quam
1410 2532 1577 2563 humilitas
1591 2531 1656 2559 for-

963 2584 1054 2614 tassis
1075 2583 1114 2613 ad
1133 2582 1280 2621 gratiam.
1298 2581 1331 2610 Si
1353 2578 1440 2610 enim
1455 2585 1492 2608 IN
1507 2581 1653 2614 QUoNAM

961 2635 1068 2659 sm‘ru
1084 2633 1350 2666 unumquemque
1371 2623 1514 2656 nostrum
1537 2620 1654 2650 habeat
