<?xml version="1.0" encoding="UTF-8"?>
<!DOCTYPE html PUBLIC "-//W3C//DTD XHTML 1.0 Transitional//EN"
    "http://www.w3.org/TR/xhtml1/DTD/xhtml1-transitional.dtd">
<html xmlns="http://www.w3.org/1999/xhtml" xml:lang="en" lang="en">
 <head>
  <title>
</title>
<meta http-equiv="Content-Type" content="text/html;charset=utf-8" />
  <meta name='ocr-system' content='tesseract 3.04.00' />
  <meta name='ocr-capabilities' content='ocr_page ocr_carea ocr_par ocr_line ocrx_word'/>
</head>
<body>
  <div class='ocr_page' id='page_1' title='image "./operagenuinajuxt03bernuoft/operagenuinajuxt03bernuoft_0256.png"; bbox 0 0 1810 3073; ppageno 0'>
   <div class='ocr_carea' id='block_1_1' title="bbox 307 249 370 280">
    <p class='ocr_par' dir='ltr' id='par_1_1' title="bbox 307 249 370 280">
     <span class='ocr_line' id='line_1_1' title="bbox 307 249 370 280; baseline 0 0"><span class='ocrx_word' id='word_1_1' title='bbox 307 249 370 280; x_wconf 68' lang='lat'><strong>2¹⁴6</strong></span> 
     </span>
    </p>
   </div>
   <div class='ocr_carea' id='block_1_2' title="bbox 291 306 1004 2710">
    <p class='ocr_par' dir='ltr' id='par_1_2' title="bbox 291 306 1004 1891">
     <span class='ocr_line' id='line_1_2' title="bbox 308 306 1003 346; baseline -0.004 -9"><span class='ocrx_word' id='word_1_2' title='bbox 308 307 419 346; x_wconf 82' lang='lat' dir='ltr'><strong>plane,</strong></span> <span class='ocrx_word' id='word_1_3' title='bbox 427 315 523 346; x_wconf 87' lang='lat' dir='ltr'><strong>quem</strong></span> <span class='ocrx_word' id='word_1_4' title='bbox 534 306 731 339; x_wconf 78' lang='lat' dir='ltr'><strong>circumdant</strong></span> <span class='ocrx_word' id='word_1_5' title='bbox 743 306 836 337; x_wconf 88' lang='lat' dir='ltr'><strong>ssores</strong></span> <span class='ocrx_word' id='word_1_6' title='bbox 847 312 1003 342; x_wconf 87' lang='lat' dir='ltr'><strong>rosarum,</strong></span> 
     </span>
     <span class='ocr_line' id='line_1_3' title="bbox 309 350 1003 390; baseline -0.006 -8"><span class='ocrx_word' id='word_1_7' title='bbox 309 353 344 382; x_wconf 87' lang='lat' dir='ltr'><strong>et</strong></span> <span class='ocrx_word' id='word_1_8' title='bbox 357 352 426 383; x_wconf 90' lang='lat' dir='ltr'><strong>lilia</strong></span> <span class='ocrx_word' id='word_1_9' title='bbox 447 352 661 390; x_wconf 82' lang='lat' dir='ltr'><strong>convallium,</strong></span> <span class='ocrx_word' id='word_1_10' title='bbox 672 352 735 382; x_wconf 89' lang='lat' dir='ltr'><strong>hoc</strong></span> <span class='ocrx_word' id='word_1_11' title='bbox 750 351 798 382; x_wconf 85' lang='lat' dir='ltr'><strong>est</strong></span> <span class='ocrx_word' id='word_1_12' title='bbox 811 350 1003 388; x_wconf 76' lang='lat' dir='ltr'><strong>Martyrum,</strong></span> 
     </span>
     <span class='ocr_line' id='line_1_4' title="bbox 307 393 1004 438; baseline -0.006 -11"><span class='ocrx_word' id='word_1_13' title='bbox 307 398 540 438; x_wconf 78' lang='lat' dir='ltr'><strong>Virginumque</strong></span> <span class='ocrx_word' id='word_1_14' title='bbox 555 398 643 429; x_wconf 87' lang='lat' dir='ltr'><strong>chori</strong></span> <span class='ocrx_word' id='word_1_15' title='bbox 657 406 664 426; x_wconf 92' lang='lat'><strong>:</strong></span> <span class='ocrx_word' id='word_1_16' title='bbox 678 397 775 435; x_wconf 83' lang='lat' dir='ltr'>etqui</span> <span class='ocrx_word' id='word_1_17' title='bbox 789 395 915 425; x_wconf 88' lang='lat' dir='ltr'><strong>medius</strong></span> <span class='ocrx_word' id='word_1_18' title='bbox 926 393 1004 424; x_wconf 89' lang='lat' dir='ltr'><strong>resi—</strong></span> 
     </span>
     <span class='ocr_line' id='line_1_5' title="bbox 307 439 1003 483; baseline -0.01 -8"><span class='ocrx_word' id='word_1_19' title='bbox 307 443 388 482; x_wconf 87' lang='lat' dir='ltr'><strong>de0,</strong></span> <span class='ocrx_word' id='word_1_20' title='bbox 403 444 533 483; x_wconf 87' lang='lat' dir='ltr'><strong>utrique</strong></span> <span class='ocrx_word' id='word_1_21' title='bbox 546 452 610 474; x_wconf 90' lang='lat' dir='ltr'><strong>non</strong></span> <span class='ocrx_word' id='word_1_22' title='bbox 628 442 767 473; x_wconf 83' lang='lat' dir='ltr'>dissideo</span> <span class='ocrx_word' id='word_1_23' title='bbox 782 442 896 478; x_wconf 86' lang='lat' dir='ltr'><strong>choro,</strong></span> <span class='ocrx_word' id='word_1_24' title='bbox 912 439 1003 476; x_wconf 80' lang='lat' dir='ltr'><strong>virgo</strong></span> 
     </span>
     <span class='ocr_line' id='line_1_6' title="bbox 307 483 1003 527; baseline -0.01 -7"><span class='ocrx_word' id='word_1_25' title='bbox 307 490 342 520; x_wconf 81' lang='lat' dir='ltr'><strong>et</strong></span> <span class='ocrx_word' id='word_1_26' title='bbox 365 490 498 527; x_wconf 80' lang='lat' dir='ltr'><strong>martyr.</strong></span> <span class='ocrx_word' id='word_1_27' title='bbox 523 488 686 526; x_wconf 85' lang='lat' dir='ltr'><strong>Quomodo</strong></span> <span class='ocrx_word' id='word_1_28' title='bbox 702 486 841 524; x_wconf 89' lang='lat' dir='ltr'><strong>denique</strong></span> <span class='ocrx_word' id='word_1_29' title='bbox 856 483 1003 515; x_wconf 86' lang='lat' dir='ltr'><strong>candidis</strong></span> 
     </span>
     <span class='ocr_line' id='line_1_7' title="bbox 303 529 1001 573; baseline -0.007 -10"><span class='ocrx_word' id='word_1_30' title='bbox 303 541 370 564; x_wconf 89' lang='lat' dir='ltr'><strong>non</strong></span> <span class='ocrx_word' id='word_1_31' title='bbox 398 541 537 573; x_wconf 81' lang='lat' dir='ltr'><strong>congruo</strong></span> <span class='ocrx_word' id='word_1_32' title='bbox 552 533 723 571; x_wconf 84' lang='lat' dir='ltr'><strong>Virginum</strong></span> <span class='ocrx_word' id='word_1_33' title='bbox 744 530 869 568; x_wconf 82' lang='lat' dir='ltr'><strong>choris,</strong></span> <span class='ocrx_word' id='word_1_34' title='bbox 890 529 1001 568; x_wconf 80' lang='lat' dir='ltr'><strong>virgo,</strong></span> 
     </span>
     <span class='ocr_line' id='line_1_8' title="bbox 302 573 1002 618; baseline -0.006 -10"><span class='ocrx_word' id='word_1_35' title='bbox 302 578 448 618; x_wconf 78' lang='lat' dir='ltr'><strong>Virginis</strong></span> <span class='ocrx_word' id='word_1_36' title='bbox 480 579 584 616; x_wconf 86' lang='lat' dir='ltr'><strong>filius,</strong></span> <span class='ocrx_word' id='word_1_37' title='bbox 618 576 818 615; x_wconf 80' lang='lat' dir='ltr'><strong>virginisque</strong></span> <span class='ocrx_word' id='word_1_38' title='bbox 847 573 1002 614; x_wconf 80' lang='lat' dir='ltr'><strong>sponsus?</strong></span> 
     </span>
     <span class='ocr_line' id='line_1_9' title="bbox 301 622 1000 661; baseline -0.009 -6"><span class='ocrx_word' id='word_1_39' title='bbox 301 624 466 661; x_wconf 82' lang='lat' dir='ltr'><strong>Quomodo</strong></span> <span class='ocrx_word' id='word_1_40' title='bbox 480 631 545 653; x_wconf 90' lang='lat' dir='ltr'><strong>non</strong></span> <span class='ocrx_word' id='word_1_41' title='bbox 559 622 659 653; x_wconf 88' lang='lat' dir='ltr'><strong>roseis</strong></span> <span class='ocrx_word' id='word_1_42' title='bbox 679 622 853 659; x_wconf 79' lang='lat' dir='ltr'><strong>Martyrum</strong></span> <span class='ocrx_word' id='word_1_43' title='bbox 864 642 873 658; x_wconf 93' lang='lat'><strong>,</strong></span> <span class='ocrx_word' id='word_1_44' title='bbox 887 627 1000 657; x_wconf 89' lang='lat' dir='ltr'><strong>causa,</strong></span> 
     </span>
     <span class='ocr_line' id='line_1_10' title="bbox 301 665 1000 709; baseline -0.004 -11"><span class='ocrx_word' id='word_1_45' title='bbox 301 670 426 706; x_wconf 76' lang='lat' dir='ltr'><strong>virtus,</strong></span> <span class='ocrx_word' id='word_1_46' title='bbox 442 668 564 709; x_wconf 79' lang='lat' dir='ltr'><strong>fructus</strong></span> <span class='ocrx_word' id='word_1_47' title='bbox 582 669 616 698; x_wconf 88' lang='lat' dir='ltr'><strong>et</strong></span> <span class='ocrx_word' id='word_1_48' title='bbox 640 668 741 698; x_wconf 89' lang='lat' dir='ltr'><strong>forma</strong></span> <span class='ocrx_word' id='word_1_49' title='bbox 765 665 1000 705; x_wconf 68' lang='lat' dir='ltr'><strong>martyrii3&#39;ra-</strong></span> 
     </span>
     <span class='ocr_line' id='line_1_11' title="bbox 301 712 998 752; baseline -0.004 -7"><span class='ocrx_word' id='word_1_50' title='bbox 301 715 367 745; x_wconf 88' lang='lat' dir='ltr'><strong>lem</strong></span> <span class='ocrx_word' id='word_1_51' title='bbox 381 715 455 746; x_wconf 88' lang='lat' dir='ltr'><strong>talis</strong></span> <span class='ocrx_word' id='word_1_52' title='bbox 482 713 656 752; x_wconf 86' lang='lat' dir='ltr'><strong>taliterque</strong></span> <span class='ocrx_word' id='word_1_53' title='bbox 670 715 782 752; x_wconf 75' lang='lat' dir='ltr'><strong>tange,</strong></span> <span class='ocrx_word' id='word_1_54' title='bbox 799 714 832 742; x_wconf 88' lang='lat' dir='ltr'><strong>et</strong></span> <span class='ocrx_word' id='word_1_55' title='bbox 848 712 900 742; x_wconf 89' lang='lat' dir='ltr'><strong>dic</strong></span> <span class='ocrx_word' id='word_1_56' title='bbox 916 720 924 741; x_wconf 76' lang='grc' dir='ltr'><strong>ε</strong></span> <span class='ocrx_word' id='word_1_57' title='bbox 941 713 998 743; x_wconf 79' lang='lat' dir='ltr'><strong>Di-</strong></span> 
     </span>
     <span class='ocr_line' id='line_1_12' title="bbox 301 758 999 794; baseline -0.007 -2"><span class='ocrx_word' id='word_1_58' title='bbox 301 762 393 792; x_wconf 79' lang='lat' dir='ltr'><strong>lectus</strong></span> <span class='ocrx_word' id='word_1_59' title='bbox 406 770 491 791; x_wconf 64' lang='lat' dir='ltr'><strong>‘inens</strong></span> <span class='ocrx_word' id='word_1_60' title='bbox 504 761 650 790; x_wconf 79' lang='lat' dir='ltr'><strong>candidus</strong></span> <span class='ocrx_word' id='word_1_61' title='bbox 663 761 691 789; x_wconf 87' lang='lat' dir='ltr'><strong>et</strong></span> <span class='ocrx_word' id='word_1_62' title='bbox 704 759 907 794; x_wconf 65' lang='lat' dir='ltr'><strong>rubicundus,</strong></span> <span class='ocrx_word' id='word_1_63' title='bbox 923 758 999 788; x_wconf 84' lang='lat' dir='ltr'><strong>elec-</strong></span> 
     </span>
     <span class='ocr_line' id='line_1_13' title="bbox 302 803 998 838; baseline -0.009 0"><span class='ocrx_word' id='word_1_64' title='bbox 302 809 350 838; x_wconf 67' lang='lat' dir='ltr'><strong>tus</strong></span> <span class='ocrx_word' id='word_1_65' title='bbox 370 816 410 837; x_wconf 77' lang='lat' dir='ltr'><strong>esc</strong></span> <span class='ocrx_word' id='word_1_66' title='bbox 423 807 568 837; x_wconf 78' lang='lat' dir='ltr'><strong>millibus.</strong></span> <span class='ocrx_word' id='word_1_67' title='bbox 584 805 683 835; x_wconf 83' lang='lat' dir='ltr'><strong>Millia</strong></span> <span class='ocrx_word' id='word_1_68' title='bbox 704 804 844 834; x_wconf 88' lang='lat' dir='ltr'><strong>millium</strong></span> <span class='ocrx_word' id='word_1_69' title='bbox 860 812 934 833; x_wconf 89' lang='lat' dir='ltr'><strong>cum</strong></span> <span class='ocrx_word' id='word_1_70' title='bbox 948 803 998 833; x_wconf 89' lang='lat' dir='ltr'><strong>di-</strong></span> 
     </span>
     <span class='ocr_line' id='line_1_14' title="bbox 299 848 997 890; baseline -0.007 -8"><span class='ocrx_word' id='word_1_71' title='bbox 299 852 403 890; x_wconf 71' lang='lat' dir='ltr'><strong>lecto,</strong></span> <span class='ocrx_word' id='word_1_72' title='bbox 425 853 460 882; x_wconf 86' lang='lat' dir='ltr'><strong>et</strong></span> <span class='ocrx_word' id='word_1_73' title='bbox 485 851 594 881; x_wconf 88' lang='lat' dir='ltr'><strong>decies</strong></span> <span class='ocrx_word' id='word_1_74' title='bbox 621 851 757 880; x_wconf 82' lang='lat' dir='ltr'><strong>centena</strong></span> <span class='ocrx_word' id='word_1_75' title='bbox 785 849 886 878; x_wconf 88' lang='lat' dir='ltr'><strong>millia</strong></span> <span class='ocrx_word' id='word_1_76' title='bbox 914 848 997 878; x_wconf 90' lang='lat' dir='ltr'><strong>circa</strong></span> 
     </span>
     <span class='ocr_line' id='line_1_15' title="bbox 300 894 996 933; baseline -0.007 -6"><span class='ocrx_word' id='word_1_77' title='bbox 300 897 476 933; x_wconf 87' lang='lat' dir='ltr'><strong>dilectum,</strong></span> <span class='ocrx_word' id='word_1_78' title='bbox 491 897 525 925; x_wconf 89' lang='lat' dir='ltr'><strong>et</strong></span> <span class='ocrx_word' id='word_1_79' title='bbox 542 903 638 925; x_wconf 88' lang='lat' dir='ltr'><strong>nemo</strong></span> <span class='ocrx_word' id='word_1_80' title='bbox 661 895 701 924; x_wconf 90' lang='lat' dir='ltr'><strong>ad</strong></span> <span class='ocrx_word' id='word_1_81' title='bbox 722 895 888 924; x_wconf 86' lang='lat' dir='ltr'><strong>dilectum.</strong></span> <span class='ocrx_word' id='word_1_82' title='bbox 916 894 996 923; x_wconf 78' lang='lat' dir='ltr'><strong>Num</strong></span> 
     </span>
     <span class='ocr_line' id='line_1_16' title="bbox 297 939 997 977; baseline -0.006 -5"><span class='ocrx_word' id='word_1_83' title='bbox 297 941 361 972; x_wconf 85' lang='lat' dir='ltr'><strong>tihi</strong></span> <span class='ocrx_word' id='word_1_84' title='bbox 376 941 555 972; x_wconf 83' lang='lat' dir='ltr'><strong>verendum</strong></span> <span class='ocrx_word' id='word_1_85' title='bbox 570 940 649 977; x_wconf 88' lang='lat' dir='ltr'><strong>erit,</strong></span> <span class='ocrx_word' id='word_1_86' title='bbox 664 948 705 969; x_wconf 92' lang='lat' dir='ltr'><strong>ne</strong></span> <span class='ocrx_word' id='word_1_87' title='bbox 725 939 807 968; x_wconf 72' lang='lat' dir='ltr'><strong>forte</strong></span> <span class='ocrx_word' id='word_1_88' title='bbox 833 939 868 968; x_wconf 89' lang='lat' dir='ltr'><strong>in</strong></span> <span class='ocrx_word' id='word_1_89' title='bbox 884 947 997 976; x_wconf 85' lang='lat' dir='ltr'><strong>quem-</strong></span> 
     </span>
     <span class='ocr_line' id='line_1_17' title="bbox 298 983 995 1025; baseline -0.004 -8"><span class='ocrx_word' id='word_1_90' title='bbox 298 988 388 1025; x_wconf 84' lang='lat' dir='ltr'><strong>piam</strong></span> <span class='ocrx_word' id='word_1_91' title='bbox 414 986 455 1016; x_wconf 91' lang='lat' dir='ltr'><strong>de</strong></span> <span class='ocrx_word' id='word_1_92' title='bbox 480 985 691 1015; x_wconf 88' lang='lat' dir='ltr'><strong>multitudine</strong></span> <span class='ocrx_word' id='word_1_93' title='bbox 719 992 828 1014; x_wconf 86' lang='lat' dir='ltr'><strong>errore</strong></span> <span class='ocrx_word' id='word_1_94' title='bbox 854 983 995 1021; x_wconf 79' lang='lat' dir='ltr'><strong>incidas,</strong></span> 
     </span>
     <span class='ocr_line' id='line_1_18' title="bbox 298 1029 997 1070; baseline -0.001 -10"><span class='ocrx_word' id='word_1_95' title='bbox 298 1032 473 1070; x_wconf 79' lang='lat' dir='ltr'><strong>quaerendo</strong></span> <span class='ocrx_word' id='word_1_96' title='bbox 496 1039 593 1069; x_wconf 87' lang='lat' dir='ltr'><strong>quem</strong></span> <span class='ocrx_word' id='word_1_97' title='bbox 619 1029 746 1069; x_wconf 76' lang='lat' dir='ltr'><strong>diligis?</strong></span> <span class='ocrx_word' id='word_1_98' title='bbox 771 1030 839 1059; x_wconf 82' lang='lat' dir='ltr'><strong>Non</strong></span> <span class='ocrx_word' id='word_1_99' title='bbox 868 1037 997 1067; x_wconf 86' lang='lat' dir='ltr'><strong>prorsus</strong></span> 
     </span>
     <span class='ocr_line' id='line_1_19' title="bbox 296 1075 997 1116; baseline -0.004 -9"><span class='ocrx_word' id='word_1_100' title='bbox 296 1077 440 1116; x_wconf 75' lang='lat' dir='ltr'><strong>ambiges</strong></span> <span class='ocrx_word' id='word_1_101' title='bbox 453 1085 626 1115; x_wconf 85' lang='lat' dir='ltr'><strong>quemnam</strong></span> <span class='ocrx_word' id='word_1_102' title='bbox 642 1076 753 1113; x_wconf 83' lang='lat' dir='ltr'><strong>eligas.</strong></span> <span class='ocrx_word' id='word_1_103' title='bbox 764 1075 870 1105; x_wconf 84' lang='lat' dir='ltr'><strong>Facile</strong></span> <span class='ocrx_word' id='word_1_104' title='bbox 886 1083 997 1105; x_wconf 90' lang='lat' dir='ltr'><strong>occur-</strong></span> 
     </span>
     <span class='ocr_line' id='line_1_20' title="bbox 295 1120 995 1159; baseline -0.001 -8"><span class='ocrx_word' id='word_1_105' title='bbox 295 1124 348 1153; x_wconf 86' lang='lat' dir='ltr'><strong>ret</strong></span> <span class='ocrx_word' id='word_1_106' title='bbox 360 1124 482 1153; x_wconf 86' lang='lat' dir='ltr'><strong>electus</strong></span> <span class='ocrx_word' id='word_1_107' title='bbox 491 1131 508 1152; x_wconf 87' lang='lat' dir='ltr'><strong>e</strong></span> <span class='ocrx_word' id='word_1_108' title='bbox 519 1122 680 1159; x_wconf 87' lang='lat' dir='ltr'><strong>millibus,</strong></span> <span class='ocrx_word' id='word_1_109' title='bbox 689 1120 811 1151; x_wconf 82' lang='lat' dir='ltr'><strong>cunctis</strong></span> <span class='ocrx_word' id='word_1_110' title='bbox 824 1120 978 1158; x_wconf 77' lang='lat' dir='ltr'><strong>insignior</strong></span> <span class='ocrx_word' id='word_1_111' title='bbox 987 1143 995 1158; x_wconf 85' lang='lat'><strong>,</strong></span> 
     </span>
     <span class='ocr_line' id='line_1_21' title="bbox 297 1166 995 1205; baseline -0.001 -9"><span class='ocrx_word' id='word_1_112' title='bbox 297 1169 332 1198; x_wconf 83' lang='lat' dir='ltr'><strong>et</strong></span> <span class='ocrx_word' id='word_1_113' title='bbox 356 1168 469 1198; x_wconf 87' lang='lat' dir='ltr'><strong>dices:</strong></span> <span class='ocrx_word' id='word_1_114' title='bbox 492 1170 550 1199; x_wconf 75' lang='lat' dir='ltr'><strong>Iste</strong></span> <span class='ocrx_word' id='word_1_115' title='bbox 578 1168 730 1205; x_wconf 71' lang='lat' dir='ltr'><strong>formosus</strong></span> <span class='ocrx_word' id='word_1_116' title='bbox 758 1167 791 1196; x_wconf 80' lang='lat' dir='ltr'><strong>in</strong></span> <span class='ocrx_word' id='word_1_117' title='bbox 819 1166 898 1196; x_wconf 80' lang='lat' dir='ltr'><strong>stola</strong></span> <span class='ocrx_word' id='word_1_118' title='bbox 918 1175 995 1202; x_wconf 79' lang='lat' dir='ltr'><strong>sua,</strong></span> 
     </span>
     <span class='ocr_line' id='line_1_22' title="bbox 295 1212 994 1250; baseline -0.003 -8"><span class='ocrx_word' id='word_1_119' title='bbox 295 1215 437 1250; x_wconf 73' lang='lat' dir='ltr'><strong>qradicns</strong></span> <span class='ocrx_word' id='word_1_120' title='bbox 450 1214 482 1243; x_wconf 80' lang='lat' dir='ltr'><strong>in</strong></span> <span class='ocrx_word' id='word_1_121' title='bbox 502 1213 693 1242; x_wconf 70' lang='lat' dir='ltr'><strong>vzultitndine</strong></span> <span class='ocrx_word' id='word_1_122' title='bbox 715 1212 901 1249; x_wconf 73' lang='lat' dir='ltr'><strong>fortitudinis</strong></span> <span class='ocrx_word' id='word_1_123' title='bbox 921 1220 994 1241; x_wconf 76' lang='lat' dir='ltr'><strong>suoe.</strong></span> 
     </span>
     <span class='ocr_line' id='line_1_23' title="bbox 296 1256 996 1298; baseline -0.004 -10"><span class='ocrx_word' id='word_1_124' title='bbox 296 1259 365 1288; x_wconf 65' lang='lat' dir='ltr'><strong>Non</strong></span> <span class='ocrx_word' id='word_1_125' title='bbox 387 1267 461 1298; x_wconf 79' lang='lat' dir='ltr'><strong>ergo</strong></span> <span class='ocrx_word' id='word_1_126' title='bbox 477 1259 512 1288; x_wconf 93' lang='lat' dir='ltr'><strong>in</strong></span> <span class='ocrx_word' id='word_1_127' title='bbox 534 1258 620 1296; x_wconf 82' lang='lat' dir='ltr'><strong>pelle</strong></span> <span class='ocrx_word' id='word_1_128' title='bbox 633 1258 742 1294; x_wconf 82' lang='lat' dir='ltr'><strong>nigra,</strong></span> <span class='ocrx_word' id='word_1_129' title='bbox 754 1265 825 1294; x_wconf 85' lang='lat' dir='ltr'><strong>quae</strong></span> <span class='ocrx_word' id='word_1_130' title='bbox 841 1256 996 1286; x_wconf 86' lang='lat' dir='ltr'><strong>hactenus</strong></span> 
     </span>
     <span class='ocr_line' id='line_1_24' title="bbox 296 1303 996 1343; baseline -0.003 -10"><span class='ocrx_word' id='word_1_131' title='bbox 296 1313 373 1335; x_wconf 80' lang='lat' dir='ltr'><strong>saue</strong></span> <span class='ocrx_word' id='word_1_132' title='bbox 394 1304 570 1343; x_wconf 79' lang='lat' dir='ltr'><strong>ingerenda</strong></span> <span class='ocrx_word' id='word_1_133' title='bbox 586 1303 649 1333; x_wconf 82' lang='lat' dir='ltr'><strong>fuit</strong></span> <span class='ocrx_word' id='word_1_134' title='bbox 670 1303 771 1332; x_wconf 87' lang='lat' dir='ltr'><strong>oculis</strong></span> <span class='ocrx_word' id='word_1_135' title='bbox 798 1309 996 1340; x_wconf 81' lang='lat' dir='ltr'><strong>persequen-</strong></span> 
     </span>
     <span class='ocr_line' id='line_1_25' title="bbox 294 1347 994 1388; baseline -0.006 -8"><span class='ocrx_word' id='word_1_136' title='bbox 294 1351 397 1388; x_wconf 69' lang='lat' dir='ltr'><strong>tium,</strong></span> <span class='ocrx_word' id='word_1_137' title='bbox 424 1352 462 1380; x_wconf 90' lang='lat' dir='ltr'><strong>ut</strong></span> <span class='ocrx_word' id='word_1_138' title='bbox 488 1350 732 1380; x_wconf 84' lang='lat' dir='ltr'><strong>contemnerent</strong></span> <span class='ocrx_word' id='word_1_139' title='bbox 763 1347 994 1385; x_wconf 62' lang='lat' dir='ltr'><strong>occidendum</strong></span> 
     </span>
     <span class='ocr_line' id='line_1_26' title="bbox 294 1394 995 1432; baseline -0.006 -6"><span class='ocrx_word' id='word_1_140' title='bbox 294 1397 351 1427; x_wconf 86' lang='lat' dir='ltr'><strong>aut</strong></span> <span class='ocrx_word' id='word_1_141' title='bbox 365 1397 464 1427; x_wconf 86' lang='lat' dir='ltr'><strong>etiam</strong></span> <span class='ocrx_word' id='word_1_142' title='bbox 476 1396 652 1425; x_wconf 90' lang='lat' dir='ltr'><strong>amicorum</strong></span> <span class='ocrx_word' id='word_1_143' title='bbox 661 1416 671 1432; x_wconf 90' lang='lat'><strong>,</strong></span> <span class='ocrx_word' id='word_1_144' title='bbox 684 1395 716 1424; x_wconf 87' lang='lat' dir='ltr'><strong>et</strong></span> <span class='ocrx_word' id='word_1_145' title='bbox 730 1394 995 1431; x_wconf 81' lang='lat' dir='ltr'><strong>recognoscerent</strong></span> 
     </span>
     <span class='ocr_line' id='line_1_27' title="bbox 295 1439 995 1478; baseline -0.003 -8"><span class='ocrx_word' id='word_1_146' title='bbox 295 1441 491 1472; x_wconf 81' lang='lat' dir='ltr'><strong>redivivum.</strong></span> <span class='ocrx_word' id='word_1_147' title='bbox 507 1441 594 1477; x_wconf 90' lang='lat' dir='ltr'><strong>Non,</strong></span> <span class='ocrx_word' id='word_1_148' title='bbox 610 1441 744 1478; x_wconf 91' lang='lat' dir='ltr'><strong>inquam</strong></span> <span class='ocrx_word' id='word_1_149' title='bbox 755 1461 764 1477; x_wconf 82' lang='lat'><strong>,</strong></span> <span class='ocrx_word' id='word_1_150' title='bbox 778 1440 846 1476; x_wconf 82' lang='lat' dir='ltr'><strong>jam</strong></span> <span class='ocrx_word' id='word_1_151' title='bbox 861 1440 895 1469; x_wconf 88' lang='lat' dir='ltr'><strong>in</strong></span> <span class='ocrx_word' id='word_1_152' title='bbox 909 1439 995 1477; x_wconf 89' lang='lat' dir='ltr'><strong>pelle</strong></span> 
     </span>
     <span class='ocr_line' id='line_1_28' title="bbox 295 1485 995 1524; baseline -0.004 -8"><span class='ocrx_word' id='word_1_153' title='bbox 295 1487 443 1518; x_wconf 83' lang='lat' dir='ltr'><strong>occurret</strong></span> <span class='ocrx_word' id='word_1_154' title='bbox 456 1486 566 1524; x_wconf 83' lang='lat' dir='ltr'><strong>nigra,</strong></span> <span class='ocrx_word' id='word_1_155' title='bbox 584 1487 640 1515; x_wconf 87' lang='lat' dir='ltr'><strong>sed</strong></span> <span class='ocrx_word' id='word_1_156' title='bbox 663 1486 698 1515; x_wconf 92' lang='lat' dir='ltr'><strong>in</strong></span> <span class='ocrx_word' id='word_1_157' title='bbox 714 1486 804 1515; x_wconf 87' lang='lat' dir='ltr'><strong>veste</strong></span> <span class='ocrx_word' id='word_1_158' title='bbox 823 1485 893 1514; x_wconf 86' lang='lat' dir='ltr'><strong>alba</strong></span> <span class='ocrx_word' id='word_1_159' title='bbox 904 1505 914 1521; x_wconf 92' lang='lat'><strong>,</strong></span> <span class='ocrx_word' id='word_1_160' title='bbox 925 1493 995 1522; x_wconf 85' lang='lat' dir='ltr'><strong>spe—</strong></span> 
     </span>
     <span class='ocr_line' id='line_1_29' title="bbox 295 1530 993 1570; baseline -0.007 -6"><span class='ocrx_word' id='word_1_161' title='bbox 295 1534 400 1564; x_wconf 83' lang='lat' dir='ltr'><strong>ciosus</strong></span> <span class='ocrx_word' id='word_1_162' title='bbox 409 1532 600 1570; x_wconf 80' lang='lat' dir='ltr'><strong>forma,n0n</strong></span> <span class='ocrx_word' id='word_1_163' title='bbox 617 1531 711 1560; x_wconf 91' lang='lat' dir='ltr'><strong>modo</strong></span> <span class='ocrx_word' id='word_1_164' title='bbox 726 1539 791 1569; x_wconf 84' lang='lat' dir='ltr'><strong>prae</strong></span> <span class='ocrx_word' id='word_1_165' title='bbox 805 1530 881 1560; x_wconf 89' lang='lat' dir='ltr'><strong>filiis</strong></span> <span class='ocrx_word' id='word_1_166' title='bbox 892 1530 993 1560; x_wconf 89' lang='lat' dir='ltr'><strong>homi-</strong></span> 
     </span>
     <span class='ocr_line' id='line_1_30' title="bbox 293 1576 994 1617; baseline -0.007 -7"><span class='ocrx_word' id='word_1_167' title='bbox 293 1588 392 1617; x_wconf 82' lang='lat' dir='ltr'><strong>num,</strong></span> <span class='ocrx_word' id='word_1_168' title='bbox 408 1578 465 1608; x_wconf 88' lang='lat' dir='ltr'><strong>sed</strong></span> <span class='ocrx_word' id='word_1_169' title='bbox 482 1578 580 1608; x_wconf 83' lang='lat' dir='ltr'><strong>etiam</strong></span> <span class='ocrx_word' id='word_1_170' title='bbox 602 1585 669 1615; x_wconf 81' lang='lat' dir='ltr'><strong>prae</strong></span> <span class='ocrx_word' id='word_1_171' title='bbox 690 1576 836 1606; x_wconf 86' lang='lat' dir='ltr'><strong>vultibus</strong></span> <span class='ocrx_word' id='word_1_172' title='bbox 859 1577 994 1614; x_wconf 83' lang='lat' dir='ltr'><strong>Angelo-</strong></span> 
     </span>
     <span class='ocr_line' id='line_1_31' title="bbox 292 1622 993 1661; baseline -0.006 -6"><span class='ocrx_word' id='word_1_173' title='bbox 292 1633 378 1655; x_wconf 85' lang='lat' dir='ltr'><strong>rum.</strong></span> <span class='ocrx_word' id='word_1_174' title='bbox 403 1623 487 1661; x_wconf 86' lang='lat' dir='ltr'><strong>Quid</strong></span> <span class='ocrx_word' id='word_1_175' title='bbox 507 1631 560 1652; x_wconf 90' lang='lat' dir='ltr'><strong>me</strong></span> <span class='ocrx_word' id='word_1_176' title='bbox 585 1622 636 1652; x_wconf 81' lang='lat' dir='ltr'><strong>vis</strong></span> <span class='ocrx_word' id='word_1_177' title='bbox 659 1622 792 1659; x_wconf 80' lang='lat' dir='ltr'><strong>tangere</strong></span> <span class='ocrx_word' id='word_1_178' title='bbox 820 1622 855 1651; x_wconf 90' lang='lat' dir='ltr'><strong>in</strong></span> <span class='ocrx_word' id='word_1_179' title='bbox 878 1622 993 1652; x_wconf 89' lang='lat' dir='ltr'><strong>humili</strong></span> 
     </span>
     <span class='ocr_line' id='line_1_32' title="bbox 293 1667 994 1706; baseline -0.001 -7"><span class='ocrx_word' id='word_1_180' title='bbox 293 1670 426 1706; x_wconf 81' lang='lat' dir='ltr'><strong>habitu,</strong></span> <span class='ocrx_word' id='word_1_181' title='bbox 445 1667 555 1699; x_wconf 90' lang='lat' dir='ltr'><strong>servili</strong></span> <span class='ocrx_word' id='word_1_182' title='bbox 572 1667 690 1704; x_wconf 79' lang='lat' dir='ltr'><strong>forma,</strong></span> <span class='ocrx_word' id='word_1_183' title='bbox 704 1667 813 1704; x_wconf 89' lang='lat' dir='ltr'><strong>specie</strong></span> <span class='ocrx_word' id='word_1_184' title='bbox 828 1670 994 1706; x_wconf 84' lang='lat' dir='ltr'><strong>contemp-</strong></span> 
     </span>
     <span class='ocr_line' id='line_1_33' title="bbox 291 1712 993 1753; baseline -0.001 -8"><span class='ocrx_word' id='word_1_185' title='bbox 291 1714 398 1745; x_wconf 72' lang='lat' dir='ltr'><strong>tibili?</strong></span> <span class='ocrx_word' id='word_1_186' title='bbox 412 1716 518 1752; x_wconf 83' lang='lat' dir='ltr'><strong>Tange</strong></span> <span class='ocrx_word' id='word_1_187' title='bbox 541 1713 665 1743; x_wconf 78' lang='lat' dir='ltr'><strong>coelesti</strong></span> <span class='ocrx_word' id='word_1_188' title='bbox 686 1712 839 1742; x_wconf 88' lang='lat' dir='ltr'><strong>decorum</strong></span> <span class='ocrx_word' id='word_1_189' title='bbox 865 1714 993 1753; x_wconf 85' lang='lat' dir='ltr'><strong>specie,</strong></span> 
     </span>
     <span class='ocr_line' id='line_1_34' title="bbox 293 1759 993 1800; baseline -0.001 -10"><span class='ocrx_word' id='word_1_190' title='bbox 293 1761 393 1800; x_wconf 81' lang='lat' dir='ltr'><strong>gloria</strong></span> <span class='ocrx_word' id='word_1_191' title='bbox 426 1761 460 1790; x_wconf 85' lang='lat' dir='ltr'><strong>et</strong></span> <span class='ocrx_word' id='word_1_192' title='bbox 493 1759 614 1788; x_wconf 88' lang='lat' dir='ltr'><strong>honore</strong></span> <span class='ocrx_word' id='word_1_193' title='bbox 653 1759 864 1797; x_wconf 84' lang='lat' dir='ltr'><strong>coronatum3</strong></span> <span class='ocrx_word' id='word_1_194' title='bbox 885 1759 993 1789; x_wconf 83' lang='lat' dir='ltr'><strong>divina</strong></span> 
     </span>
     <span class='ocr_line' id='line_1_35' title="bbox 292 1804 995 1845; baseline -0.004 -8"><span class='ocrx_word' id='word_1_195' title='bbox 292 1807 424 1845; x_wconf 85' lang='lat' dir='ltr'><strong>quidem</strong></span> <span class='ocrx_word' id='word_1_196' title='bbox 438 1804 608 1843; x_wconf 86' lang='lat' dir='ltr'><strong>majestate</strong></span> <span class='ocrx_word' id='word_1_197' title='bbox 626 1804 833 1834; x_wconf 82' lang='lat' dir='ltr'><strong>tremendum</strong></span> <span class='ocrx_word' id='word_1_198' title='bbox 844 1825 853 1842; x_wconf 87' lang='lat'><strong>,</strong></span> <span class='ocrx_word' id='word_1_199' title='bbox 865 1804 923 1834; x_wconf 89' lang='lat' dir='ltr'><strong>scd</strong></span> <span class='ocrx_word' id='word_1_200' title='bbox 944 1805 995 1835; x_wconf 89' lang='lat' dir='ltr'><strong>in-</strong></span> 
     </span>
     <span class='ocr_line' id='line_1_36' title="bbox 292 1850 993 1891; baseline -0.003 -9"><span class='ocrx_word' id='word_1_201' title='bbox 292 1852 403 1891; x_wconf 79' lang='lat' dir='ltr'><strong>genita</strong></span> <span class='ocrx_word' id='word_1_202' title='bbox 424 1850 597 1881; x_wconf 85' lang='lat' dir='ltr'><strong>serenitate</strong></span> <span class='ocrx_word' id='word_1_203' title='bbox 623 1850 747 1888; x_wconf 79' lang='lat' dir='ltr'><strong>gratum</strong></span> <span class='ocrx_word' id='word_1_204' title='bbox 765 1857 803 1879; x_wconf 85' lang='lat' dir='ltr'><strong>ae</strong></span> <span class='ocrx_word' id='word_1_205' title='bbox 817 1850 993 1888; x_wconf 87' lang='lat' dir='ltr'><strong>placidum.</strong></span> 
     </span>
    </p>

    <p class='ocr_par' dir='ltr' id='par_1_3' title="bbox 291 1895 994 2710">
     <span class='ocr_line' id='line_1_37' title="bbox 334 1895 994 1932; baseline -0.002 -5"><span class='ocrx_word' id='word_1_206' title='bbox 334 1898 384 1927; x_wconf 80' lang='grc' dir='ltr'><strong>Η.</strong></span> <span class='ocrx_word' id='word_1_207' title='bbox 410 1897 499 1926; x_wconf 90' lang='lat' dir='ltr'><strong>Inter</strong></span> <span class='ocrx_word' id='word_1_208' title='bbox 512 1896 581 1925; x_wconf 81' lang='lat' dir='ltr'><strong>haec</strong></span> <span class='ocrx_word' id='word_1_209' title='bbox 603 1895 801 1925; x_wconf 77' lang='lat' dir='ltr'><strong>advertenda</strong></span> <span class='ocrx_word' id='word_1_210' title='bbox 821 1895 994 1932; x_wconf 84' lang='lat' dir='ltr'><strong>prudentia</strong></span> 
     </span>
     <span class='ocr_line' id='line_1_38' title="bbox 292 1940 992 1981; baseline -0.004 -8"><span class='ocrx_word' id='word_1_211' title='bbox 292 1943 475 1981; x_wconf 77' lang='lat' dir='ltr'><strong>sponsae‚et</strong></span> <span class='ocrx_word' id='word_1_212' title='bbox 486 1940 688 1979; x_wconf 80' lang='lat' dir='ltr'><strong>profunditas</strong></span> <span class='ocrx_word' id='word_1_213' title='bbox 704 1948 888 1969; x_wconf 83' lang='lat' dir='ltr'><strong>sermonum</strong></span> <span class='ocrx_word' id='word_1_214' title='bbox 904 1941 992 1979; x_wconf 84' lang='lat' dir='ltr'><strong>ejus,</strong></span> 
     </span>
     <span class='ocr_line' id='line_1_39' title="bbox 291 1985 994 2027; baseline -0.004 -8"><span class='ocrx_word' id='word_1_215' title='bbox 291 1997 364 2027; x_wconf 80' lang='lat' dir='ltr'><strong>quae</strong></span> <span class='ocrx_word' id='word_1_216' title='bbox 388 1989 447 2018; x_wconf 87' lang='lat' dir='ltr'><strong>sub</strong></span> <span class='ocrx_word' id='word_1_217' title='bbox 463 1987 563 2024; x_wconf 77' lang='lat' dir='ltr'><strong>figura</strong></span> <span class='ocrx_word' id='word_1_218' title='bbox 576 1985 713 2024; x_wconf 88' lang='lat' dir='ltr'><strong>pellium</strong></span> <span class='ocrx_word' id='word_1_219' title='bbox 727 1985 922 2024; x_wconf 85' lang='lat' dir='ltr'><strong>Salomonis,</strong></span> <span class='ocrx_word' id='word_1_220' title='bbox 934 1988 994 2017; x_wconf 84' lang='lat' dir='ltr'><strong>sci-</strong></span> 
     </span>
     <span class='ocr_line' id='line_1_40' title="bbox 291 2030 992 2068; baseline -0.004 -4"><span class='ocrx_word' id='word_1_221' title='bbox 291 2034 371 2064; x_wconf 90' lang='lat' dir='ltr'><strong>licet</strong></span> <span class='ocrx_word' id='word_1_222' title='bbox 397 2033 432 2062; x_wconf 87' lang='lat' dir='ltr'><strong>in</strong></span> <span class='ocrx_word' id='word_1_223' title='bbox 460 2040 575 2067; x_wconf 82' lang='lat' dir='ltr'><strong>carne,</strong></span> <span class='ocrx_word' id='word_1_224' title='bbox 595 2030 712 2060; x_wconf 87' lang='lat' dir='ltr'><strong>rimata</strong></span> <span class='ocrx_word' id='word_1_225' title='bbox 734 2031 783 2060; x_wconf 86' lang='lat' dir='ltr'><strong>est</strong></span> <span class='ocrx_word' id='word_1_226' title='bbox 810 2031 935 2068; x_wconf 88' lang='lat' dir='ltr'><strong>Deum,</strong></span> <span class='ocrx_word' id='word_1_227' title='bbox 960 2032 992 2061; x_wconf 83' lang='lat' dir='ltr'><strong>in</strong></span> 
     </span>
     <span class='ocr_line' id='line_1_41' title="bbox 291 2076 994 2115; baseline -0.007 -5"><span class='ocrx_word' id='word_1_228' title='bbox 291 2080 395 2110; x_wconf 89' lang='lat' dir='ltr'><strong>morte</strong></span> <span class='ocrx_word' id='word_1_229' title='bbox 410 2079 515 2108; x_wconf 75' lang='lat' dir='ltr'><strong>Vitam</strong></span> <span class='ocrx_word' id='word_1_230' title='bbox 525 2086 535 2115; x_wconf 87' lang='lat'>;</span> <span class='ocrx_word' id='word_1_231' title='bbox 546 2084 705 2106; x_wconf 86' lang='lat' dir='ltr'><strong>summam</strong></span> <span class='ocrx_word' id='word_1_232' title='bbox 720 2076 828 2114; x_wconf 82' lang='lat' dir='ltr'><strong>gloriae</strong></span> <span class='ocrx_word' id='word_1_233' title='bbox 844 2077 877 2106; x_wconf 91' lang='lat' dir='ltr'><strong>et</strong></span> <span class='ocrx_word' id='word_1_234' title='bbox 892 2076 994 2106; x_wconf 85' lang='lat' dir='ltr'><strong>hono-</strong></span> 
     </span>
     <span class='ocr_line' id='line_1_42' title="bbox 291 2121 993 2161; baseline -0.004 -6"><span class='ocrx_word' id='word_1_235' title='bbox 291 2126 336 2155; x_wconf 80' lang='lat' dir='ltr'><strong>ris</strong></span> <span class='ocrx_word' id='word_1_236' title='bbox 351 2125 436 2154; x_wconf 82' lang='lat' dir='ltr'><strong>inter</strong></span> <span class='ocrx_word' id='word_1_237' title='bbox 457 2123 647 2161; x_wconf 86' lang='lat' dir='ltr'><strong>opprobria,</strong></span> <span class='ocrx_word' id='word_1_238' title='bbox 661 2123 694 2152; x_wconf 89' lang='lat' dir='ltr'><strong>et</strong></span> <span class='ocrx_word' id='word_1_239' title='bbox 707 2122 768 2151; x_wconf 87' lang='lat' dir='ltr'><strong>sub</strong></span> <span class='ocrx_word' id='word_1_240' title='bbox 783 2121 874 2159; x_wconf 82' lang='lat' dir='ltr'><strong>nigro</strong></span> <span class='ocrx_word' id='word_1_241' title='bbox 900 2122 993 2152; x_wconf 88' lang='lat' dir='ltr'><strong>deni-</strong></span> 
     </span>
     <span class='ocr_line' id='line_1_43' title="bbox 292 2167 992 2209; baseline -0.003 -9"><span class='ocrx_word' id='word_1_242' title='bbox 292 2180 355 2209; x_wconf 82' lang='lat' dir='ltr'><strong>que</strong></span> <span class='ocrx_word' id='word_1_243' title='bbox 371 2169 485 2199; x_wconf 83' lang='lat' dir='ltr'><strong>habitu</strong></span> <span class='ocrx_word' id='word_1_244' title='bbox 496 2168 644 2198; x_wconf 84' lang='lat' dir='ltr'><strong>crucifixi</strong></span> <span class='ocrx_word' id='word_1_245' title='bbox 656 2167 827 2197; x_wconf 90' lang='lat' dir='ltr'><strong>candorem</strong></span> <span class='ocrx_word' id='word_1_246' title='bbox 840 2167 992 2198; x_wconf 87' lang='lat' dir='ltr'><strong>innocen-</strong></span> 
     </span>
     <span class='ocr_line' id='line_1_44' title="bbox 293 2212 990 2253; baseline -0.004 -8"><span class='ocrx_word' id='word_1_247' title='bbox 293 2216 363 2253; x_wconf 81' lang='lat' dir='ltr'><strong>tiae,</strong></span> <span class='ocrx_word' id='word_1_248' title='bbox 395 2214 669 2252; x_wconf 83' lang='lat' dir='ltr'><strong>splendoremque</strong></span> <span class='ocrx_word' id='word_1_249' title='bbox 696 2212 856 2241; x_wconf 76' lang='lat' dir='ltr'><strong>virtutum</strong></span> <span class='ocrx_word' id='word_1_250' title='bbox 872 2220 881 2241; x_wconf 71' lang='grc' dir='ltr'><strong><em>τ</em></strong></span> <span class='ocrx_word' id='word_1_251' title='bbox 907 2213 990 2242; x_wconf 84' lang='lat' dir='ltr'><strong>sicut</strong></span> 
     </span>
     <span class='ocr_line' id='line_1_45' title="bbox 293 2257 990 2298; baseline -0.006 -7"><span class='ocrx_word' id='word_1_252' title='bbox 293 2261 358 2291; x_wconf 78' lang='lat' dir='ltr'><strong>illae</strong></span> <span class='ocrx_word' id='word_1_253' title='bbox 380 2261 492 2298; x_wconf 83' lang='lat' dir='ltr'><strong>utique</strong></span> <span class='ocrx_word' id='word_1_254' title='bbox 520 2259 642 2296; x_wconf 86' lang='lat' dir='ltr'><strong>pelles,</strong></span> <span class='ocrx_word' id='word_1_255' title='bbox 664 2265 738 2287; x_wconf 89' lang='lat' dir='ltr'><strong>cum</strong></span> <span class='ocrx_word' id='word_1_256' title='bbox 761 2257 869 2286; x_wconf 88' lang='lat' dir='ltr'><strong>essent</strong></span> <span class='ocrx_word' id='word_1_257' title='bbox 891 2257 990 2295; x_wconf 78' lang='lat' dir='ltr'><strong>nigrae</strong></span> 
     </span>
     <span class='ocr_line' id='line_1_46' title="bbox 293 2302 989 2344; baseline -0.007 -8"><span class='ocrx_word' id='word_1_258' title='bbox 293 2307 389 2344; x_wconf 82' lang='lat' dir='ltr'><strong>atque</strong></span> <span class='ocrx_word' id='word_1_259' title='bbox 403 2303 729 2342; x_wconf 79' lang='lat' dir='ltr'><strong>despectae,pretiosa</strong></span> <span class='ocrx_word' id='word_1_260' title='bbox 741 2303 773 2331; x_wconf 89' lang='lat' dir='ltr'><strong>et</strong></span> <span class='ocrx_word' id='word_1_261' title='bbox 788 2302 989 2339; x_wconf 87' lang='lat' dir='ltr'><strong>praecandida</strong></span> 
     </span>
     <span class='ocr_line' id='line_1_47' title="bbox 291 2348 991 2391; baseline -0.009 -9"><span class='ocrx_word' id='word_1_262' title='bbox 291 2351 472 2391; x_wconf 79' lang='lat' dir='ltr'><strong>praedivitis</strong></span> <span class='ocrx_word' id='word_1_263' title='bbox 485 2350 571 2387; x_wconf 81' lang='lat' dir='ltr'><strong>regis</strong></span> <span class='ocrx_word' id='word_1_264' title='bbox 583 2350 614 2378; x_wconf 81' lang='lat' dir='ltr'><strong>in</strong></span> <span class='ocrx_word' id='word_1_265' title='bbox 631 2356 665 2378; x_wconf 89' lang='lat' dir='ltr'><strong>se</strong></span> <span class='ocrx_word' id='word_1_266' title='bbox 678 2348 865 2377; x_wconf 88' lang='lat' dir='ltr'><strong>ornamenta</strong></span> <span class='ocrx_word' id='word_1_267' title='bbox 882 2356 991 2377; x_wconf 85' lang='lat' dir='ltr'><strong>serva-</strong></span> 
     </span>
     <span class='ocr_line' id='line_1_48' title="bbox 294 2394 989 2433; baseline -0.009 -5"><span class='ocrx_word' id='word_1_268' title='bbox 294 2398 381 2428; x_wconf 87' lang='lat' dir='ltr'><strong>bant.</strong></span> <span class='ocrx_word' id='word_1_269' title='bbox 398 2396 510 2426; x_wconf 76' lang='lat' dir='ltr'><strong>Merito</strong></span> <span class='ocrx_word' id='word_1_270' title='bbox 522 2394 725 2433; x_wconf 78' lang='lat' dir='ltr'><strong>nigredinem</strong></span> <span class='ocrx_word' id='word_1_271' title='bbox 735 2401 799 2422; x_wconf 83' lang='lat' dir='ltr'><strong>non</strong></span> <span class='ocrx_word' id='word_1_272' title='bbox 814 2394 989 2423; x_wconf 83' lang='lat' dir='ltr'><strong>contemnit</strong></span> 
     </span>
     <span class='ocr_line' id='line_1_49' title="bbox 294 2438 989 2481; baseline -0.006 -8"><span class='ocrx_word' id='word_1_273' title='bbox 294 2444 329 2473; x_wconf 89' lang='lat' dir='ltr'><strong>in</strong></span> <span class='ocrx_word' id='word_1_274' title='bbox 343 2442 506 2481; x_wconf 81' lang='lat' dir='ltr'><strong>pellibus,</strong></span> <span class='ocrx_word' id='word_1_275' title='bbox 527 2440 676 2470; x_wconf 80' lang='lat' dir='ltr'><strong>decorem</strong></span> <span class='ocrx_word' id='word_1_276' title='bbox 698 2438 752 2477; x_wconf 86' lang='lat' dir='ltr'><strong>qui</strong></span> <span class='ocrx_word' id='word_1_277' title='bbox 769 2439 829 2468; x_wconf 82' lang='lat' dir='ltr'><strong>sul)</strong></span> <span class='ocrx_word' id='word_1_278' title='bbox 851 2439 989 2476; x_wconf 83' lang='lat' dir='ltr'><strong>pellibus</strong></span> 
     </span>
     <span class='ocr_line' id='line_1_50' title="bbox 295 2484 989 2522; baseline -0.009 -3"><span class='ocrx_word' id='word_1_279' title='bbox 295 2489 346 2519; x_wconf 86' lang='lat' dir='ltr'><strong>est</strong></span> <span class='ocrx_word' id='word_1_280' title='bbox 378 2487 560 2518; x_wconf 81' lang='lat' dir='ltr'><strong>advertens.</strong></span> <span class='ocrx_word' id='word_1_281' title='bbox 590 2486 629 2515; x_wconf 88' lang='lat' dir='ltr'><strong>Et</strong></span> <span class='ocrx_word' id='word_1_282' title='bbox 653 2485 727 2514; x_wconf 85' lang='lat' dir='ltr'><strong>ideo</strong></span> <span class='ocrx_word' id='word_1_283' title='bbox 753 2484 883 2522; x_wconf 85' lang='lat' dir='ltr'><strong>quidam</strong></span> <span class='ocrx_word' id='word_1_284' title='bbox 901 2485 989 2514; x_wconf 87' lang='lat' dir='ltr'><strong>illam</strong></span> 
     </span>
     <span class='ocr_line' id='line_1_51' title="bbox 293 2530 990 2571; baseline -0.01 -7"><span class='ocrx_word' id='word_1_285' title='bbox 293 2532 571 2571; x_wconf 84' lang='lat' dir='ltr'><strong>contempserunt,</strong></span> <span class='ocrx_word' id='word_1_286' title='bbox 581 2531 655 2569; x_wconf 90' lang='lat' dir='ltr'><strong>quia</strong></span> <span class='ocrx_word' id='word_1_287' title='bbox 667 2531 755 2560; x_wconf 90' lang='lat' dir='ltr'><strong>hunc</strong></span> <span class='ocrx_word' id='word_1_288' title='bbox 768 2530 901 2559; x_wconf 87' lang='lat' dir='ltr'><strong>minime</strong></span> <span class='ocrx_word' id='word_1_289' title='bbox 917 2539 990 2568; x_wconf 76' lang='lat' dir='ltr'><strong>cog-</strong></span> 
     </span>
     <span class='ocr_line' id='line_1_52' title="bbox 293 2577 991 2615; baseline -0.006 -5"><span class='ocrx_word' id='word_1_290' title='bbox 293 2579 466 2610; x_wconf 78' lang='lat' dir='ltr'><strong>noverunt.</strong></span> <span class='ocrx_word' id='word_1_291' title='bbox 491 2579 524 2608; x_wconf 76' lang='lat' dir='ltr'><strong>Si</strong></span> <span class='ocrx_word' id='word_1_292' title='bbox 548 2579 628 2607; x_wconf 80' lang='lat' dir='ltr'><strong>enim</strong></span> <span class='ocrx_word' id='word_1_293' title='bbox 653 2577 874 2615; x_wconf 62' lang='lat' dir='ltr'><strong>coquos-issent,</strong></span> <span class='ocrx_word' id='word_1_294' title='bbox 898 2585 991 2606; x_wconf 76' lang='lat' dir='ltr'><strong>num-</strong></span> 
     </span>
     <span class='ocr_line' id='line_1_53' title="bbox 293 2622 989 2664; baseline -0.006 -9"><span class='ocrx_word' id='word_1_295' title='bbox 293 2634 386 2664; x_wconf 80' lang='lat' dir='ltr'><strong>quam</strong></span> <span class='ocrx_word' id='word_1_296' title='bbox 398 2625 565 2655; x_wconf 75' lang='lat' dir='ltr'><strong>Dominum</strong></span> <span class='ocrx_word' id='word_1_297' title='bbox 576 2623 678 2662; x_wconf 68' lang='lat' dir='ltr'><strong>ylorz&#39;ae</strong></span> <span class='ocrx_word' id='word_1_298' title='bbox 685 2622 913 2659; x_wconf 66' lang='lat' dir='ltr'><strong>crucifixissent.</strong></span> <span class='ocrx_word' id='word_1_299' title='bbox 923 2622 948 2651; x_wconf 88' lang='lat' dir='ltr'>N</span> <span class='ocrx_word' id='word_1_300' title='bbox 951 2631 989 2651; x_wconf 90' lang='lat' dir='ltr'><strong>on</strong></span> 
     </span>
     <span class='ocr_line' id='line_1_54' title="bbox 295 2667 988 2710; baseline -0.006 -9"><span class='ocrx_word' id='word_1_301' title='bbox 295 2670 443 2710; x_wconf 76' lang='lat' dir='ltr'><strong>cognovit</strong></span> <span class='ocrx_word' id='word_1_302' title='bbox 462 2668 620 2707; x_wconf 82' lang='lat' dir='ltr'><strong>Herodes,</strong></span> <span class='ocrx_word' id='word_1_303' title='bbox 632 2669 665 2699; x_wconf 88' lang='lat' dir='ltr'><strong>et</strong></span> <span class='ocrx_word' id='word_1_304' title='bbox 690 2667 807 2699; x_wconf 85' lang='lat' dir='ltr'><strong>idcirco</strong></span> <span class='ocrx_word' id='word_1_305' title='bbox 823 2667 988 2706; x_wconf 75' lang='lat' dir='ltr'><strong>despexit3</strong></span> 
     </span>
    </p>
   </div>
   <div class='ocr_carea' id='block_1_3' title="bbox 774 252 1270 281">
    <p class='ocr_par' dir='ltr' id='par_1_4' title="bbox 774 252 1270 281">
     <span class='ocr_line' id='line_1_55' title="bbox 774 252 1270 281; baseline -0.002 -1"><span class='ocrx_word' id='word_1_306' title='bbox 774 253 806 280; x_wconf 81' lang='grc'><strong>8.</strong></span> <span class='ocrx_word' id='word_1_307' title='bbox 826 252 1057 281; x_wconf 70' lang='lat' dir='ltr'><strong>BERNARm</strong></span> <span class='ocrx_word' id='word_1_308' title='bbox 1078 252 1270 279; x_wconf 71' lang='lat' dir='ltr'><strong>ABssA&#39;ris</strong></span> 
     </span>
    </p>
   </div>
   <div class='ocr_carea' id='block_1_4' title="bbox 1023 305 1734 2706">
    <p class='ocr_par' dir='ltr' id='par_1_5' title="bbox 1026 305 1734 1926">
     <span class='ocr_line' id='line_1_56' title="bbox 1039 305 1734 346; baseline 0.01 -14"><span class='ocrx_word' id='word_1_309' title='bbox 1039 310 1103 333; x_wconf 90' lang='lat' dir='ltr'><strong>non</strong></span> <span class='ocrx_word' id='word_1_310' title='bbox 1130 305 1279 342; x_wconf 81' lang='lat' dir='ltr'><strong>cognovit</strong></span> <span class='ocrx_word' id='word_1_311' title='bbox 1295 314 1451 345; x_wconf 79' lang='lat' dir='ltr'><strong>synagoga</strong></span> <span class='ocrx_word' id='word_1_312' title='bbox 1462 328 1471 345; x_wconf 92' lang='lat'><strong>,</strong></span> <span class='ocrx_word' id='word_1_313' title='bbox 1497 315 1567 346; x_wconf 87' lang='lat' dir='ltr'><strong>quae</strong></span> <span class='ocrx_word' id='word_1_314' title='bbox 1592 308 1734 345; x_wconf 79' lang='lat' dir='ltr'><strong>nigredi-</strong></span> 
     </span>
     <span class='ocr_line' id='line_1_57' title="bbox 1038 349 1733 391; baseline 0.009 -14"><span class='ocrx_word' id='word_1_315' title='bbox 1038 356 1113 378; x_wconf 89' lang='lat' dir='ltr'><strong>nem</strong></span> <span class='ocrx_word' id='word_1_316' title='bbox 1125 349 1174 380; x_wconf 90' lang='lat' dir='ltr'><strong>illi</strong></span> <span class='ocrx_word' id='word_1_317' title='bbox 1188 351 1346 389; x_wconf 86' lang='lat' dir='ltr'><strong>passionis</strong></span> <span class='ocrx_word' id='word_1_318' title='bbox 1357 352 1390 383; x_wconf 90' lang='lat' dir='ltr'><strong>et</strong></span> <span class='ocrx_word' id='word_1_319' title='bbox 1401 352 1598 384; x_wconf 80' lang='lat' dir='ltr'><strong>infirmitatis</strong></span> <span class='ocrx_word' id='word_1_320' title='bbox 1614 352 1733 391; x_wconf 89' lang='lat' dir='ltr'><strong>impro-</strong></span> 
     </span>
     <span class='ocr_line' id='line_1_58' title="bbox 1038 397 1731 438; baseline 0.007 -15"><span class='ocrx_word' id='word_1_321' title='bbox 1038 401 1170 434; x_wconf 85' lang='lat' dir='ltr'><strong>perans,</strong></span> <span class='ocrx_word' id='word_1_322' title='bbox 1185 397 1287 434; x_wconf 80' lang='lat' dir='ltr'><strong>Alios,</strong></span> <span class='ocrx_word' id='word_1_323' title='bbox 1302 398 1365 436; x_wconf 90' lang='lat' dir='ltr'><strong>ait,</strong></span> <span class='ocrx_word' id='word_1_324' title='bbox 1387 399 1484 429; x_wconf 73' lang='lat' dir='ltr'><strong>salvos</strong></span> <span class='ocrx_word' id='word_1_325' title='bbox 1497 399 1584 437; x_wconf 74' lang='lat' dir='ltr'><strong>tecit,</strong></span> <span class='ocrx_word' id='word_1_326' title='bbox 1605 400 1731 438; x_wconf 75' lang='lat' dir='ltr'><strong>seipsum</strong></span> 
     </span>
     <span class='ocr_line' id='line_1_59' title="bbox 1037 443 1731 482; baseline 0.012 -15"><span class='ocrx_word' id='word_1_327' title='bbox 1037 447 1099 469; x_wconf 79' lang='lat' dir='ltr'><strong>non</strong></span> <span class='ocrx_word' id='word_1_328' title='bbox 1119 443 1349 478; x_wconf 71' lang='lat' dir='ltr'><strong>potestsalvum</strong></span> <span class='ocrx_word' id='word_1_329' title='bbox 1375 443 1487 482; x_wconf 81' lang='lat' dir='ltr'><strong>facere.</strong></span> <span class='ocrx_word' id='word_1_330' title='bbox 1516 444 1655 475; x_wconf 77' lang='lat' dir='ltr'><strong>Christus</strong></span> <span class='ocrx_word' id='word_1_331' title='bbox 1673 453 1731 475; x_wconf 64' lang='lat' dir='ltr'><strong>rw</strong></span> 
     </span>
     <span class='ocr_line' id='line_1_60' title="bbox 1036 485 1732 526; baseline 0.009 -12"><span class='ocrx_word' id='word_1_332' title='bbox 1036 485 1132 515; x_wconf 82' lang='lat' dir='ltr'><strong>Israel</strong></span> <span class='ocrx_word' id='word_1_333' title='bbox 1153 487 1310 518; x_wconf 79' lang='lat' dir='ltr'><strong>descendat</strong></span> <span class='ocrx_word' id='word_1_334' title='bbox 1331 496 1411 519; x_wconf 69' lang='lat' dir='ltr'><strong>minc</strong></span> <span class='ocrx_word' id='word_1_335' title='bbox 1425 491 1460 519; x_wconf 83' lang='lat' dir='ltr'><strong>de</strong></span> <span class='ocrx_word' id='word_1_336' title='bbox 1470 498 1557 520; x_wconf 79' lang='lat' dir='ltr'><strong>cruce</strong></span> <span class='ocrx_word' id='word_1_337' title='bbox 1568 510 1579 526; x_wconf 89' lang='lat'><strong>,</strong></span> <span class='ocrx_word' id='word_1_338' title='bbox 1594 491 1622 520; x_wconf 85' lang='lat' dir='ltr'><strong>et</strong></span> <span class='ocrx_word' id='word_1_339' title='bbox 1635 489 1732 520; x_wconf 80' lang='lat' dir='ltr'><strong>credi-</strong></span> 
     </span>
     <span class='ocr_line' id='line_1_61' title="bbox 1035 530 1730 573; baseline 0.009 -14"><span class='ocrx_word' id='word_1_340' title='bbox 1035 538 1104 560; x_wconf 80' lang='lat' dir='ltr'><strong>mus</strong></span> <span class='ocrx_word' id='word_1_341' title='bbox 1126 532 1165 561; x_wconf 80' lang='lat' dir='ltr'><strong>ei.</strong></span> <span class='ocrx_word' id='word_1_342' title='bbox 1179 530 1243 562; x_wconf 85' lang='lat' dir='ltr'><strong>Sed</strong></span> <span class='ocrx_word' id='word_1_343' title='bbox 1270 534 1417 572; x_wconf 81' lang='lat' dir='ltr'><strong>cognovit</strong></span> <span class='ocrx_word' id='word_1_344' title='bbox 1443 535 1537 564; x_wconf 86' lang='lat' dir='ltr'><strong>Latro</strong></span> <span class='ocrx_word' id='word_1_345' title='bbox 1552 534 1592 564; x_wconf 90' lang='lat' dir='ltr'><strong>de</strong></span> <span class='ocrx_word' id='word_1_346' title='bbox 1607 542 1702 564; x_wconf 89' lang='lat' dir='ltr'><strong>cruce</strong></span> <span class='ocrx_word' id='word_1_347' title='bbox 1718 555 1730 573; x_wconf 85' lang='lat'><strong>,</strong></span> 
     </span>
     <span class='ocr_line' id='line_1_62' title="bbox 1036 575 1732 617; baseline 0.009 -13"><span class='ocrx_word' id='word_1_348' title='bbox 1036 575 1113 606; x_wconf 89' lang='lat' dir='ltr'><strong>licet</strong></span> <span class='ocrx_word' id='word_1_349' title='bbox 1127 576 1161 606; x_wconf 93' lang='lat' dir='ltr'><strong>in</strong></span> <span class='ocrx_word' id='word_1_350' title='bbox 1176 585 1288 617; x_wconf 89' lang='lat' dir='ltr'><strong>cruce,</strong></span> <span class='ocrx_word' id='word_1_351' title='bbox 1303 579 1359 617; x_wconf 91' lang='lat' dir='ltr'><strong>qui</strong></span> <span class='ocrx_word' id='word_1_352' title='bbox 1374 580 1407 610; x_wconf 78' lang='lat' dir='ltr'><strong>et</strong></span> <span class='ocrx_word' id='word_1_353' title='bbox 1427 579 1621 610; x_wconf 84' lang='lat' dir='ltr'><strong>innocentiae</strong></span> <span class='ocrx_word' id='word_1_354' title='bbox 1639 580 1732 617; x_wconf 87' lang='lat' dir='ltr'><strong>puri-</strong></span> 
     </span>
     <span class='ocr_line' id='line_1_63' title="bbox 1035 620 1732 664; baseline 0.007 -15"><span class='ocrx_word' id='word_1_355' title='bbox 1035 620 1134 651; x_wconf 82' lang='lat' dir='ltr'><strong>tatem</strong></span> <span class='ocrx_word' id='word_1_356' title='bbox 1143 623 1306 655; x_wconf 85' lang='lat' dir='ltr'><strong>consessus</strong></span> <span class='ocrx_word' id='word_1_357' title='bbox 1314 626 1374 655; x_wconf 85' lang='lat' dir='ltr'><strong>est.</strong></span> <span class='ocrx_word' id='word_1_358' title='bbox 1383 627 1440 656; x_wconf 79' lang='lat' dir='ltr'><strong>Hic</strong></span> <span class='ocrx_word' id='word_1_359' title='bbox 1449 627 1550 656; x_wconf 83' lang='lat' dir='ltr'><strong>autem</strong></span> <span class='ocrx_word' id='word_1_360' title='bbox 1552 646 1564 662; x_wconf 86' lang='lat'><strong>,</strong></span> <span class='ocrx_word' id='word_1_361' title='bbox 1571 624 1732 664; x_wconf 83' lang='lat' dir='ltr'><strong>inquiens,</strong></span> 
     </span>
     <span class='ocr_line' id='line_1_64' title="bbox 1035 668 1730 709; baseline 0.006 -13"><span class='ocrx_word' id='word_1_362' title='bbox 1035 668 1105 704; x_wconf 76' lang='lat' dir='ltr'><strong>qnid</strong></span> <span class='ocrx_word' id='word_1_363' title='bbox 1116 669 1192 699; x_wconf 83' lang='lat' dir='ltr'><strong>mali</strong></span> <span class='ocrx_word' id='word_1_364' title='bbox 1198 669 1268 707; x_wconf 73' lang='lat' dir='ltr'><strong>fecit</strong></span> <span class='ocrx_word' id='word_1_365' title='bbox 1279 669 1293 699; x_wconf 74' lang='grc' dir='ltr'><strong><em>ἓ</em></strong></span> <span class='ocrx_word' id='word_1_366' title='bbox 1304 671 1342 700; x_wconf 88' lang='lat' dir='ltr'><strong>Et</strong></span> <span class='ocrx_word' id='word_1_367' title='bbox 1356 671 1489 709; x_wconf 83' lang='lat' dir='ltr'><strong>gloriam</strong></span> <span class='ocrx_word' id='word_1_368' title='bbox 1503 670 1600 709; x_wconf 82' lang='lat' dir='ltr'><strong>regiae</strong></span> <span class='ocrx_word' id='word_1_369' title='bbox 1614 669 1730 707; x_wconf 83' lang='lat' dir='ltr'><strong>majes-</strong></span> 
     </span>
     <span class='ocr_line' id='line_1_65' title="bbox 1035 713 1730 754; baseline 0.006 -12"><span class='ocrx_word' id='word_1_370' title='bbox 1035 713 1109 743; x_wconf 81' lang='lat' dir='ltr'><strong>tatis</strong></span> <span class='ocrx_word' id='word_1_371' title='bbox 1137 714 1235 744; x_wconf 88' lang='lat' dir='ltr'><strong>simul</strong></span> <span class='ocrx_word' id='word_1_372' title='bbox 1259 716 1308 746; x_wconf 90' lang='lat' dir='ltr'><strong>est</strong></span> <span class='ocrx_word' id='word_1_373' title='bbox 1334 717 1529 754; x_wconf 82' lang='lat' dir='ltr'><strong>protestatus</strong></span> <span class='ocrx_word' id='word_1_374' title='bbox 1546 725 1555 745; x_wconf 71' lang='grc' dir='ltr'>ς</span> <span class='ocrx_word' id='word_1_375' title='bbox 1581 716 1730 746; x_wconf 78' lang='lat' dir='ltr'><strong>Memento</strong></span> 
     </span>
     <span class='ocr_line' id='line_1_66' title="bbox 1032 758 1728 800; baseline 0.006 -14"><span class='ocrx_word' id='word_1_376' title='bbox 1032 759 1103 795; x_wconf 82' lang='lat' dir='ltr'><strong>mei,</strong></span> <span class='ocrx_word' id='word_1_377' title='bbox 1116 758 1317 797; x_wconf 78' lang='lat' dir='ltr'><strong>dicens,dmn</strong></span> <span class='ocrx_word' id='word_1_378' title='bbox 1327 763 1444 792; x_wconf 80' lang='lat' dir='ltr'><strong>veneris</strong></span> <span class='ocrx_word' id='word_1_379' title='bbox 1451 763 1484 792; x_wconf 82' lang='lat' dir='ltr'><strong>in</strong></span> <span class='ocrx_word' id='word_1_380' title='bbox 1495 769 1625 800; x_wconf 72' lang='lat' dir='ltr'><strong>rcqnum</strong></span> <span class='ocrx_word' id='word_1_381' title='bbox 1632 762 1728 790; x_wconf 79' lang='lat' dir='ltr'><strong>tuum.</strong></span> 
     </span>
     <span class='ocr_line' id='line_1_67' title="bbox 1031 803 1731 845; baseline 0.003 -13"><span class='ocrx_word' id='word_1_382' title='bbox 1031 803 1183 841; x_wconf 78' lang='lat' dir='ltr'><strong>Cognovit</strong></span> <span class='ocrx_word' id='word_1_383' title='bbox 1207 805 1377 844; x_wconf 76' lang='lat' dir='ltr'><strong>Centurio,</strong></span> <span class='ocrx_word' id='word_1_384' title='bbox 1391 807 1447 845; x_wconf 91' lang='lat' dir='ltr'><strong>qui</strong></span> <span class='ocrx_word' id='word_1_385' title='bbox 1467 806 1572 836; x_wconf 85' lang='lat' dir='ltr'><strong>fillum</strong></span> <span class='ocrx_word' id='word_1_386' title='bbox 1586 805 1647 835; x_wconf 89' lang='lat' dir='ltr'><strong>Dei</strong></span> <span class='ocrx_word' id='word_1_387' title='bbox 1666 805 1731 834; x_wconf 91' lang='lat' dir='ltr'><strong>cla-</strong></span> 
     </span>
     <span class='ocr_line' id='line_1_68' title="bbox 1032 850 1730 890; baseline 0.001 -12"><span class='ocrx_word' id='word_1_388' title='bbox 1032 850 1116 887; x_wconf 85' lang='lat' dir='ltr'><strong>mat;</strong></span> <span class='ocrx_word' id='word_1_389' title='bbox 1129 850 1289 887; x_wconf 80' lang='lat' dir='ltr'><strong>cognoscit</strong></span> <span class='ocrx_word' id='word_1_390' title='bbox 1316 852 1476 889; x_wconf 78' lang='lat' dir='ltr'><strong>Ecclesia,</strong></span> <span class='ocrx_word' id='word_1_391' title='bbox 1497 860 1568 890; x_wconf 77' lang='lat' dir='ltr'><strong>quae</strong></span> <span class='ocrx_word' id='word_1_392' title='bbox 1583 851 1617 881; x_wconf 89' lang='lat' dir='ltr'><strong>et</strong></span> <span class='ocrx_word' id='word_1_393' title='bbox 1629 857 1730 880; x_wconf 90' lang='lat' dir='ltr'><strong>aemu-</strong></span> 
     </span>
     <span class='ocr_line' id='line_1_69' title="bbox 1032 894 1733 935; baseline 0.001 -12"><span class='ocrx_word' id='word_1_394' title='bbox 1032 894 1114 924; x_wconf 90' lang='lat' dir='ltr'><strong>latur</strong></span> <span class='ocrx_word' id='word_1_395' title='bbox 1138 896 1358 935; x_wconf 78' lang='lat' dir='ltr'><strong>nigredinem,</strong></span> <span class='ocrx_word' id='word_1_396' title='bbox 1371 898 1408 927; x_wconf 90' lang='lat' dir='ltr'><strong>ut</strong></span> <span class='ocrx_word' id='word_1_397' title='bbox 1434 897 1583 928; x_wconf 91' lang='lat' dir='ltr'><strong>decorem</strong></span> <span class='ocrx_word' id='word_1_398' title='bbox 1597 894 1733 934; x_wconf 83' lang='lat' dir='ltr'><strong>partici-</strong></span> 
     </span>
     <span class='ocr_line' id='line_1_70' title="bbox 1031 939 1730 980; baseline 0.001 -11"><span class='ocrx_word' id='word_1_399' title='bbox 1031 940 1097 976; x_wconf 85' lang='lat' dir='ltr'><strong>pet.</strong></span> <span class='ocrx_word' id='word_1_400' title='bbox 1122 941 1190 971; x_wconf 89' lang='lat' dir='ltr'><strong>Non</strong></span> <span class='ocrx_word' id='word_1_401' title='bbox 1205 942 1410 972; x_wconf 86' lang='lat' dir='ltr'><strong>confunditur</strong></span> <span class='ocrx_word' id='word_1_402' title='bbox 1433 943 1523 980; x_wconf 80' lang='lat' dir='ltr'><strong>nigra</strong></span> <span class='ocrx_word' id='word_1_403' title='bbox 1537 941 1661 980; x_wconf 84' lang='lat' dir='ltr'><strong>videri,</strong></span> <span class='ocrx_word' id='word_1_404' title='bbox 1675 939 1730 971; x_wconf 83' lang='lat' dir='ltr'><strong>ni-</strong></span> 
     </span>
     <span class='ocr_line' id='line_1_71' title="bbox 1030 985 1729 1027; baseline 0.006 -14"><span class='ocrx_word' id='word_1_405' title='bbox 1030 992 1083 1021; x_wconf 81' lang='lat' dir='ltr'><strong>gra</strong></span> <span class='ocrx_word' id='word_1_406' title='bbox 1096 985 1157 1015; x_wconf 90' lang='lat' dir='ltr'><strong>dici</strong></span> <span class='ocrx_word' id='word_1_407' title='bbox 1171 1008 1180 1023; x_wconf 94' lang='lat'><strong>,</strong></span> <span class='ocrx_word' id='word_1_408' title='bbox 1195 989 1231 1018; x_wconf 90' lang='lat' dir='ltr'><strong>ut</strong></span> <span class='ocrx_word' id='word_1_409' title='bbox 1242 988 1360 1019; x_wconf 88' lang='lat' dir='ltr'><strong>dilecto</strong></span> <span class='ocrx_word' id='word_1_410' title='bbox 1372 988 1458 1018; x_wconf 87' lang='lat' dir='ltr'><strong>dicat</strong></span> <span class='ocrx_word' id='word_1_411' title='bbox 1470 997 1479 1018; x_wconf 70' lang='grc' dir='ltr'><strong><em>ε</em></strong></span> <span class='ocrx_word' id='word_1_412' title='bbox 1490 987 1661 1027; x_wconf 78' lang='lat' dir='ltr'><strong>Opprobria</strong></span> <span class='ocrx_word' id='word_1_413' title='bbox 1670 994 1729 1017; x_wconf 72' lang='lat' dir='ltr'><strong>etc·</strong></span> 
     </span>
     <span class='ocr_line' id='line_1_72' title="bbox 1028 1031 1728 1071; baseline 0.001 -11"><span class='ocrx_word' id='word_1_414' title='bbox 1028 1031 1244 1068; x_wconf 63' lang='lat' dir='ltr'><strong>probraneium</strong></span> <span class='ocrx_word' id='word_1_415' title='bbox 1258 1034 1312 1063; x_wconf 75' lang='lat' dir='ltr'><strong>tibi</strong></span> <span class='ocrx_word' id='word_1_416' title='bbox 1324 1035 1492 1064; x_wconf 79' lang='lat' dir='ltr'><strong>ceciderunt</strong></span> <span class='ocrx_word' id='word_1_417' title='bbox 1509 1042 1599 1071; x_wconf 77' lang='lat' dir='ltr'><strong>super</strong></span> <span class='ocrx_word' id='word_1_418' title='bbox 1609 1041 1670 1062; x_wconf 84' lang='lat' dir='ltr'><strong>me.</strong></span> <span class='ocrx_word' id='word_1_419' title='bbox 1687 1032 1728 1062; x_wconf 76' lang='lat' dir='ltr'><strong>At</strong></span> 
     </span>
     <span class='ocr_line' id='line_1_73' title="bbox 1031 1075 1728 1116; baseline 0.001 -12"><span class='ocrx_word' id='word_1_420' title='bbox 1031 1083 1106 1104; x_wconf 89' lang='lat' dir='ltr'><strong>sane</strong></span> <span class='ocrx_word' id='word_1_421' title='bbox 1130 1076 1222 1114; x_wconf 81' lang='lat' dir='ltr'><strong>nigra</strong></span> <span class='ocrx_word' id='word_1_422' title='bbox 1246 1077 1346 1107; x_wconf 89' lang='lat' dir='ltr'><strong>instar</strong></span> <span class='ocrx_word' id='word_1_423' title='bbox 1370 1078 1506 1116; x_wconf 90' lang='lat' dir='ltr'><strong>pellium</strong></span> <span class='ocrx_word' id='word_1_424' title='bbox 1532 1075 1728 1114; x_wconf 90' lang='lat' dir='ltr'><strong>Salomonis,</strong></span> 
     </span>
     <span class='ocr_line' id='line_1_74' title="bbox 1031 1121 1727 1161; baseline 0.001 -11"><span class='ocrx_word' id='word_1_425' title='bbox 1031 1121 1108 1151; x_wconf 87' lang='lat' dir='ltr'><strong>foris</strong></span> <span class='ocrx_word' id='word_1_426' title='bbox 1122 1122 1266 1161; x_wconf 84' lang='lat' dir='ltr'><strong>scilicet,</strong></span> <span class='ocrx_word' id='word_1_427' title='bbox 1283 1124 1316 1153; x_wconf 91' lang='lat' dir='ltr'><strong>et</strong></span> <span class='ocrx_word' id='word_1_428' title='bbox 1327 1131 1391 1153; x_wconf 91' lang='lat' dir='ltr'><strong>non</strong></span> <span class='ocrx_word' id='word_1_429' title='bbox 1403 1123 1508 1154; x_wconf 87' lang='lat' dir='ltr'><strong>intus:</strong></span> <span class='ocrx_word' id='word_1_430' title='bbox 1520 1129 1626 1160; x_wconf 88' lang='lat' dir='ltr'><strong>neque</strong></span> <span class='ocrx_word' id='word_1_431' title='bbox 1639 1121 1727 1151; x_wconf 89' lang='lat' dir='ltr'><strong>enim</strong></span> 
     </span>
     <span class='ocr_line' id='line_1_75' title="bbox 1030 1165 1725 1204; baseline 0.001 -9"><span class='ocrx_word' id='word_1_432' title='bbox 1030 1166 1117 1196; x_wconf 89' lang='lat' dir='ltr'><strong>intus</strong></span> <span class='ocrx_word' id='word_1_433' title='bbox 1131 1167 1334 1204; x_wconf 76' lang='lat' dir='ltr'><strong>nigredinem</strong></span> <span class='ocrx_word' id='word_1_434' title='bbox 1347 1176 1439 1198; x_wconf 89' lang='lat' dir='ltr'><strong>meus</strong></span> <span class='ocrx_word' id='word_1_435' title='bbox 1454 1167 1602 1197; x_wconf 83' lang='lat' dir='ltr'><strong>Salomon</strong></span> <span class='ocrx_word' id='word_1_436' title='bbox 1616 1165 1725 1197; x_wconf 88' lang='lat' dir='ltr'><strong>habet.</strong></span> 
     </span>
     <span class='ocr_line' id='line_1_76' title="bbox 1029 1212 1727 1252; baseline -0.001 -10"><span class='ocrx_word' id='word_1_437' title='bbox 1029 1213 1174 1251; x_wconf 89' lang='lat' dir='ltr'><strong>Denique</strong></span> <span class='ocrx_word' id='word_1_438' title='bbox 1186 1221 1251 1243; x_wconf 92' lang='lat' dir='ltr'><strong>non</strong></span> <span class='ocrx_word' id='word_1_439' title='bbox 1266 1213 1328 1252; x_wconf 89' lang='lat' dir='ltr'><strong>ait,</strong></span> <span class='ocrx_word' id='word_1_440' title='bbox 1342 1215 1442 1252; x_wconf 76' lang='lat' dir='ltr'><strong>Niqra</strong></span> <span class='ocrx_word' id='word_1_441' title='bbox 1459 1222 1528 1244; x_wconf 82' lang='lat' dir='ltr'><strong>sum</strong></span> <span class='ocrx_word' id='word_1_442' title='bbox 1542 1212 1626 1242; x_wconf 88' lang='lat' dir='ltr'><strong>sicut</strong></span> <span class='ocrx_word' id='word_1_443' title='bbox 1639 1212 1727 1242; x_wconf 88' lang='lat' dir='ltr'><strong>Salo-</strong></span> 
     </span>
     <span class='ocr_line' id='line_1_77' title="bbox 1030 1257 1728 1298; baseline 0 -11"><span class='ocrx_word' id='word_1_444' title='bbox 1030 1267 1124 1297; x_wconf 89' lang='lat' dir='ltr'><strong>mon,</strong></span> <span class='ocrx_word' id='word_1_445' title='bbox 1138 1259 1195 1289; x_wconf 91' lang='lat' dir='ltr'><strong>sed</strong></span> <span class='ocrx_word' id='word_1_446' title='bbox 1217 1260 1295 1289; x_wconf 73' lang='lat' dir='ltr'><strong>sicut</strong></span> <span class='ocrx_word' id='word_1_447' title='bbox 1315 1260 1407 1298; x_wconf 78' lang='lat' dir='ltr'><strong>pelles</strong></span> <span class='ocrx_word' id='word_1_448' title='bbox 1432 1259 1606 1289; x_wconf 80' lang='lat' dir='ltr'><strong>Salomonis</strong></span> <span class='ocrx_word' id='word_1_449' title='bbox 1617 1267 1628 1287; x_wconf 88' lang='lat'><strong>.·</strong></span> <span class='ocrx_word' id='word_1_450' title='bbox 1643 1257 1728 1296; x_wconf 88' lang='lat' dir='ltr'><strong>quod</strong></span> 
     </span>
     <span class='ocr_line' id='line_1_78' title="bbox 1029 1303 1731 1343; baseline 0 -10"><span class='ocrx_word' id='word_1_451' title='bbox 1029 1303 1064 1333; x_wconf 89' lang='lat' dir='ltr'><strong>in</strong></span> <span class='ocrx_word' id='word_1_452' title='bbox 1090 1304 1263 1343; x_wconf 87' lang='lat' dir='ltr'><strong>superficie</strong></span> <span class='ocrx_word' id='word_1_453' title='bbox 1288 1305 1414 1335; x_wconf 86' lang='lat' dir='ltr'><strong>tantum</strong></span> <span class='ocrx_word' id='word_1_454' title='bbox 1441 1304 1483 1334; x_wconf 88' lang='lat' dir='ltr'><strong>sit</strong></span> <span class='ocrx_word' id='word_1_455' title='bbox 1496 1304 1568 1334; x_wconf 84' lang='lat' dir='ltr'><strong>veri</strong></span> <span class='ocrx_word' id='word_1_456' title='bbox 1595 1303 1731 1341; x_wconf 82' lang='lat' dir='ltr'><strong>nigredo</strong></span> 
     </span>
     <span class='ocr_line' id='line_1_79' title="bbox 1029 1349 1726 1388; baseline 0 -10"><span class='ocrx_word' id='word_1_457' title='bbox 1029 1350 1168 1379; x_wconf 85' lang='lat' dir='ltr'><strong>Pacifici.</strong></span> <span class='ocrx_word' id='word_1_458' title='bbox 1190 1350 1318 1380; x_wconf 89' lang='lat' dir='ltr'><strong>Peccati</strong></span> <span class='ocrx_word' id='word_1_459' title='bbox 1343 1349 1480 1388; x_wconf 78' lang='lat' dir='ltr'><strong>nigredo</strong></span> <span class='ocrx_word' id='word_1_460' title='bbox 1505 1349 1592 1379; x_wconf 87' lang='lat' dir='ltr'><strong>intus</strong></span> <span class='ocrx_word' id='word_1_461' title='bbox 1607 1349 1726 1380; x_wconf 75' lang='lat' dir='ltr'><strong>estzet</strong></span> 
     </span>
     <span class='ocr_line' id='line_1_80' title="bbox 1030 1395 1724 1434; baseline 0 -10"><span class='ocrx_word' id='word_1_462' title='bbox 1030 1395 1119 1432; x_wconf 88' lang='lat' dir='ltr'><strong>prius</strong></span> <span class='ocrx_word' id='word_1_463' title='bbox 1127 1396 1280 1426; x_wconf 89' lang='lat' dir='ltr'><strong>interiora</strong></span> <span class='ocrx_word' id='word_1_464' title='bbox 1291 1397 1385 1434; x_wconf 89' lang='lat' dir='ltr'><strong>culpa</strong></span> <span class='ocrx_word' id='word_1_465' title='bbox 1395 1395 1621 1433; x_wconf 88' lang='lat' dir='ltr'><strong>commaculat,</strong></span> <span class='ocrx_word' id='word_1_466' title='bbox 1629 1402 1724 1432; x_wconf 87' lang='lat' dir='ltr'><strong>quam</strong></span> 
     </span>
     <span class='ocr_line' id='line_1_81' title="bbox 1028 1439 1724 1480; baseline 0 -11"><span class='ocrx_word' id='word_1_467' title='bbox 1028 1440 1069 1470; x_wconf 87' lang='lat' dir='ltr'><strong>ad</strong></span> <span class='ocrx_word' id='word_1_468' title='bbox 1095 1441 1203 1471; x_wconf 85' lang='lat' dir='ltr'><strong>oculos</strong></span> <span class='ocrx_word' id='word_1_469' title='bbox 1237 1441 1382 1480; x_wconf 83' lang='lat' dir='ltr'><strong>prodeat.</strong></span> <span class='ocrx_word' id='word_1_470' title='bbox 1405 1441 1554 1478; x_wconf 86' lang='lat' dir='ltr'><strong>Denique</strong></span> <span class='ocrx_word' id='word_1_471' title='bbox 1584 1441 1619 1469; x_wconf 79' lang='lat' dir='ltr'><strong>de</strong></span> <span class='ocrx_word' id='word_1_472' title='bbox 1640 1439 1724 1469; x_wconf 79' lang='lat' dir='ltr'><strong>corde</strong></span> 
     </span>
     <span class='ocr_line' id='line_1_82' title="bbox 1027 1485 1727 1525; baseline -0.003 -9"><span class='ocrx_word' id='word_1_473' title='bbox 1027 1489 1140 1517; x_wconf 77' lang='lat' dir='ltr'><strong>exeunt</strong></span> <span class='ocrx_word' id='word_1_474' title='bbox 1155 1488 1348 1525; x_wconf 67' lang='lat' dir='ltr'><strong>coqitaeioues</strong></span> <span class='ocrx_word' id='word_1_475' title='bbox 1362 1487 1453 1516; x_wconf 85' lang='lat' dir='ltr'><strong>malae</strong></span> <span class='ocrx_word' id='word_1_476' title='bbox 1461 1507 1472 1523; x_wconf 84' lang='lat'>‚</span> <span class='ocrx_word' id='word_1_477' title='bbox 1487 1487 1572 1524; x_wconf 73' lang='lat' dir='ltr'><strong>furta</strong></span> <span class='ocrx_word' id='word_1_478' title='bbox 1579 1507 1591 1522; x_wconf 92' lang='lat'>‚</span> <span class='ocrx_word' id='word_1_479' title='bbox 1604 1485 1727 1515; x_wconf 79' lang='lat' dir='ltr'><strong>homici-</strong></span> 
     </span>
     <span class='ocr_line' id='line_1_83' title="bbox 1027 1531 1725 1570; baseline 0 -10"><span class='ocrx_word' id='word_1_480' title='bbox 1027 1532 1076 1561; x_wconf 86' lang='lat' dir='ltr'><strong>dia</strong></span> <span class='ocrx_word' id='word_1_481' title='bbox 1088 1552 1098 1569; x_wconf 90' lang='lat'><strong>,</strong></span> <span class='ocrx_word' id='word_1_482' title='bbox 1113 1533 1282 1569; x_wconf 73' lang='lat' dir='ltr'><strong>adulteria,</strong></span> <span class='ocrx_word' id='word_1_483' title='bbox 1302 1532 1513 1570; x_wconf 73' lang='lat' dir='ltr'><strong>blasplzem.ice‚·</strong></span> <span class='ocrx_word' id='word_1_484' title='bbox 1528 1532 1561 1561; x_wconf 84' lang='lat' dir='ltr'><strong>ct</strong></span> <span class='ocrx_word' id='word_1_485' title='bbox 1575 1531 1638 1561; x_wconf 84' lang='lat' dir='ltr'><strong>hoec</strong></span> <span class='ocrx_word' id='word_1_486' title='bbox 1655 1532 1725 1561; x_wconf 77' lang='lat' dir='ltr'><strong>sunt</strong></span> 
     </span>
     <span class='ocr_line' id='line_1_84' title="bbox 1027 1575 1726 1616; baseline -0.003 -9"><span class='ocrx_word' id='word_1_487' title='bbox 1027 1586 1095 1616; x_wconf 83' lang='lat' dir='ltr'><strong>quoe</strong></span> <span class='ocrx_word' id='word_1_488' title='bbox 1129 1579 1329 1616; x_wconf 75' lang='lat' dir='ltr'><strong>coinquinant</strong></span> <span class='ocrx_word' id='word_1_489' title='bbox 1355 1577 1509 1606; x_wconf 80' lang='lat' dir='ltr'><strong>hominem</strong></span> <span class='ocrx_word' id='word_1_490' title='bbox 1525 1586 1535 1606; x_wconf 83' lang='lat'><strong>.·</strong></span> <span class='ocrx_word' id='word_1_491' title='bbox 1560 1576 1617 1606; x_wconf 91' lang='lat' dir='ltr'><strong>sed</strong></span> <span class='ocrx_word' id='word_1_492' title='bbox 1644 1575 1726 1605; x_wconf 87' lang='lat' dir='ltr'><strong>absit</strong></span> 
     </span>
     <span class='ocr_line' id='line_1_85' title="bbox 1028 1620 1726 1660; baseline -0.001 -9"><span class='ocrx_word' id='word_1_493' title='bbox 1028 1624 1064 1652; x_wconf 93' lang='lat' dir='ltr'><strong>ut</strong></span> <span class='ocrx_word' id='word_1_494' title='bbox 1086 1623 1304 1653; x_wconf 89' lang='lat' dir='ltr'><strong>Salomonem.</strong></span> <span class='ocrx_word' id='word_1_495' title='bbox 1331 1622 1463 1651; x_wconf 89' lang='lat' dir='ltr'><strong>Minime</strong></span> <span class='ocrx_word' id='word_1_496' title='bbox 1488 1629 1616 1659; x_wconf 86' lang='lat' dir='ltr'><strong>prorsus</strong></span> <span class='ocrx_word' id='word_1_497' title='bbox 1640 1620 1726 1660; x_wconf 88' lang='lat' dir='ltr'><strong>apud</strong></span> 
     </span>
     <span class='ocr_line' id='line_1_86' title="bbox 1028 1667 1726 1704; baseline -0.003 -7"><span class='ocrx_word' id='word_1_498' title='bbox 1028 1676 1139 1698; x_wconf 90' lang='lat' dir='ltr'><strong>verum</strong></span> <span class='ocrx_word' id='word_1_499' title='bbox 1164 1668 1334 1698; x_wconf 88' lang='lat' dir='ltr'><strong>Pacificum</strong></span> <span class='ocrx_word' id='word_1_500' title='bbox 1359 1667 1542 1697; x_wconf 86' lang='lat' dir='ltr'><strong>istiusmodi</strong></span> <span class='ocrx_word' id='word_1_501' title='bbox 1574 1667 1726 1704; x_wconf 90' lang='lat' dir='ltr'><strong>inquina-</strong></span> 
     </span>
     <span class='ocr_line' id='line_1_87' title="bbox 1028 1713 1724 1752; baseline -0.001 -10"><span class='ocrx_word' id='word_1_502' title='bbox 1028 1714 1137 1744; x_wconf 88' lang='lat' dir='ltr'><strong>menta</strong></span> <span class='ocrx_word' id='word_1_503' title='bbox 1160 1713 1317 1752; x_wconf 88' lang='lat' dir='ltr'><strong>reperies.</strong></span> <span class='ocrx_word' id='word_1_504' title='bbox 1333 1713 1466 1752; x_wconf 87' lang='lat' dir='ltr'><strong>Oportet</strong></span> <span class='ocrx_word' id='word_1_505' title='bbox 1486 1720 1627 1751; x_wconf 85' lang='lat' dir='ltr'><strong>namque</strong></span> <span class='ocrx_word' id='word_1_506' title='bbox 1654 1720 1724 1742; x_wconf 87' lang='lat' dir='ltr'><strong>esse</strong></span> 
     </span>
     <span class='ocr_line' id='line_1_88' title="bbox 1027 1757 1726 1796; baseline -0.004 -8"><span class='ocrx_word' id='word_1_507' title='bbox 1027 1759 1095 1788; x_wconf 86' lang='lat' dir='ltr'><strong>sine</strong></span> <span class='ocrx_word' id='word_1_508' title='bbox 1130 1759 1263 1796; x_wconf 86' lang='lat' dir='ltr'><strong>peccato</strong></span> <span class='ocrx_word' id='word_1_509' title='bbox 1298 1766 1373 1788; x_wconf 88' lang='lat' dir='ltr'><strong>eum</strong></span> <span class='ocrx_word' id='word_1_510' title='bbox 1397 1758 1454 1795; x_wconf 92' lang='lat' dir='ltr'><strong>qui</strong></span> <span class='ocrx_word' id='word_1_511' title='bbox 1485 1757 1569 1786; x_wconf 86' lang='lat' dir='ltr'><strong>tollit</strong></span> <span class='ocrx_word' id='word_1_512' title='bbox 1593 1757 1726 1795; x_wconf 85' lang='lat' dir='ltr'><strong>peccata</strong></span> 
     </span>
     <span class='ocr_line' id='line_1_89' title="bbox 1027 1801 1725 1841; baseline -0.001 -8"><span class='ocrx_word' id='word_1_513' title='bbox 1027 1803 1139 1834; x_wconf 88' lang='lat' dir='ltr'><strong>mundi</strong></span> <span class='ocrx_word' id='word_1_514' title='bbox 1149 1825 1158 1840; x_wconf 93' lang='lat'><strong>,</strong></span> <span class='ocrx_word' id='word_1_515' title='bbox 1173 1811 1237 1841; x_wconf 93' lang='lat' dir='ltr'><strong>quo</strong></span> <span class='ocrx_word' id='word_1_516' title='bbox 1252 1803 1293 1833; x_wconf 89' lang='lat' dir='ltr'><strong>ad</strong></span> <span class='ocrx_word' id='word_1_517' title='bbox 1308 1801 1560 1832; x_wconf 87' lang='lat' dir='ltr'><strong>reconciliandos</strong></span> <span class='ocrx_word' id='word_1_518' title='bbox 1576 1801 1725 1839; x_wconf 87' lang='lat' dir='ltr'><strong>peccato-</strong></span> 
     </span>
     <span class='ocr_line' id='line_1_90' title="bbox 1026 1846 1724 1885; baseline -0.003 -7"><span class='ocrx_word' id='word_1_519' title='bbox 1026 1857 1078 1879; x_wconf 88' lang='lat' dir='ltr'><strong>res</strong></span> <span class='ocrx_word' id='word_1_520' title='bbox 1093 1849 1249 1878; x_wconf 90' lang='lat' dir='ltr'><strong>inventus</strong></span> <span class='ocrx_word' id='word_1_521' title='bbox 1272 1848 1427 1885; x_wconf 88' lang='lat' dir='ltr'><strong>idoneus,</strong></span> <span class='ocrx_word' id='word_1_522' title='bbox 1439 1847 1513 1885; x_wconf 81' lang='lat' dir='ltr'><strong>jure</strong></span> <span class='ocrx_word' id='word_1_523' title='bbox 1533 1846 1595 1877; x_wconf 83' lang='lat' dir='ltr'><strong>sibi</strong></span> <span class='ocrx_word' id='word_1_524' title='bbox 1607 1854 1724 1880; x_wconf 82' lang='lat' dir='ltr'><strong>nomen</strong></span> 
     </span>
     <span class='ocr_line' id='line_1_91' title="bbox 1026 1893 1382 1926; baseline -0.011 0"><span class='ocrx_word' id='word_1_525' title='bbox 1026 1894 1172 1926; x_wconf 85' lang='lat' dir='ltr'><strong>vindicet</strong></span> <span class='ocrx_word' id='word_1_526' title='bbox 1192 1893 1382 1923; x_wconf 88' lang='lat' dir='ltr'><strong>Salomonis.</strong></span> 
     </span>
    </p>

    <p class='ocr_par' dir='ltr' id='par_1_6' title="bbox 1023 1936 1723 2706">
     <span class='ocr_line' id='line_1_92' title="bbox 1067 1936 1722 1977; baseline -0.006 -7"><span class='ocrx_word' id='word_1_527' title='bbox 1067 1940 1118 1970; x_wconf 71' lang='lat'><strong>42.</strong></span> <span class='ocrx_word' id='word_1_528' title='bbox 1135 1939 1199 1969; x_wconf 89' lang='lat' dir='ltr'><strong>Sed</strong></span> <span class='ocrx_word' id='word_1_529' title='bbox 1213 1940 1262 1969; x_wconf 89' lang='lat' dir='ltr'><strong>est</strong></span> <span class='ocrx_word' id='word_1_530' title='bbox 1276 1938 1409 1977; x_wconf 86' lang='lat' dir='ltr'><strong>nigredo</strong></span> <span class='ocrx_word' id='word_1_531' title='bbox 1431 1936 1604 1975; x_wconf 81' lang='lat' dir='ltr'><strong>affligentis</strong></span> <span class='ocrx_word' id='word_1_532' title='bbox 1617 1936 1722 1966; x_wconf 85' lang='lat' dir='ltr'><strong>Poeni-</strong></span> 
     </span>
     <span class='ocr_line' id='line_1_93' title="bbox 1026 1981 1721 2022; baseline -0.004 -8"><span class='ocrx_word' id='word_1_533' title='bbox 1026 1984 1154 2022; x_wconf 85' lang='lat' dir='ltr'><strong>tentiae,</strong></span> <span class='ocrx_word' id='word_1_534' title='bbox 1167 1992 1240 2013; x_wconf 89' lang='lat' dir='ltr'><strong>curn</strong></span> <span class='ocrx_word' id='word_1_535' title='bbox 1267 1983 1443 2013; x_wconf 86' lang='lat' dir='ltr'><strong>assumitur</strong></span> <span class='ocrx_word' id='word_1_536' title='bbox 1463 1981 1649 2012; x_wconf 88' lang='lat' dir='ltr'><strong>lamentatio</strong></span> <span class='ocrx_word' id='word_1_537' title='bbox 1663 1990 1721 2019; x_wconf 88' lang='lat' dir='ltr'><strong>pro</strong></span> 
     </span>
     <span class='ocr_line' id='line_1_94' title="bbox 1026 2027 1722 2060; baseline -0.006 0"><span class='ocrx_word' id='word_1_538' title='bbox 1026 2030 1165 2060; x_wconf 83' lang='lat' dir='ltr'><strong>delictis.</strong></span> <span class='ocrx_word' id='word_1_539' title='bbox 1187 2030 1278 2058; x_wconf 81' lang='lat' dir='ltr'><strong>Hane</strong></span> <span class='ocrx_word' id='word_1_540' title='bbox 1303 2028 1445 2059; x_wconf 82' lang='lat' dir='ltr'><strong>fortassis</strong></span> <span class='ocrx_word' id='word_1_541' title='bbox 1462 2036 1527 2058; x_wconf 91' lang='lat' dir='ltr'><strong>non</strong></span> <span class='ocrx_word' id='word_1_542' title='bbox 1554 2027 1722 2057; x_wconf 86' lang='lat' dir='ltr'><strong>abhorreat</strong></span> 
     </span>
     <span class='ocr_line' id='line_1_95' title="bbox 1026 2072 1723 2112; baseline -0.007 -5"><span class='ocrx_word' id='word_1_543' title='bbox 1026 2077 1060 2106; x_wconf 89' lang='lat' dir='ltr'><strong>in</strong></span> <span class='ocrx_word' id='word_1_544' title='bbox 1083 2084 1136 2106; x_wconf 86' lang='lat' dir='ltr'><strong>me</strong></span> <span class='ocrx_word' id='word_1_545' title='bbox 1161 2076 1326 2112; x_wconf 87' lang='lat' dir='ltr'><strong>Salomon,</strong></span> <span class='ocrx_word' id='word_1_546' title='bbox 1347 2074 1374 2104; x_wconf 90' lang='lat' dir='ltr'><strong>si</strong></span> <span class='ocrx_word' id='word_1_547' title='bbox 1396 2074 1508 2112; x_wconf 89' lang='lat' dir='ltr'><strong>sponte</strong></span> <span class='ocrx_word' id='word_1_548' title='bbox 1537 2073 1646 2103; x_wconf 82' lang='lat' dir='ltr'><strong>tamen</strong></span> <span class='ocrx_word' id='word_1_549' title='bbox 1673 2072 1723 2102; x_wconf 92' lang='lat' dir='ltr'><strong>in-</strong></span> 
     </span>
     <span class='ocr_line' id='line_1_96' title="bbox 1025 2117 1722 2158; baseline -0.006 -6"><span class='ocrx_word' id='word_1_550' title='bbox 1025 2122 1122 2152; x_wconf 88' lang='lat' dir='ltr'><strong>duam</strong></span> <span class='ocrx_word' id='word_1_551' title='bbox 1156 2121 1239 2150; x_wconf 89' lang='lat' dir='ltr'><strong>mihi</strong></span> <span class='ocrx_word' id='word_1_552' title='bbox 1266 2128 1325 2158; x_wconf 91' lang='lat' dir='ltr'><strong>pro</strong></span> <span class='ocrx_word' id='word_1_553' title='bbox 1343 2119 1485 2157; x_wconf 86' lang='lat' dir='ltr'><strong>peccatis</strong></span> <span class='ocrx_word' id='word_1_554' title='bbox 1511 2117 1594 2149; x_wconf 88' lang='lat' dir='ltr'><strong>meis</strong></span> <span class='ocrx_word' id='word_1_555' title='bbox 1616 2126 1624 2147; x_wconf 76' lang='lat' dir='ltr'><strong>t</strong></span> <span class='ocrx_word' id='word_1_556' title='bbox 1648 2118 1722 2156; x_wconf 91' lang='lat' dir='ltr'><strong>quia</strong></span> 
     </span>
     <span class='ocr_line' id='line_1_97' title="bbox 1025 2164 1721 2197; baseline -0.004 0"><span class='ocrx_word' id='word_1_557' title='bbox 1025 2175 1080 2197; x_wconf 91' lang='lat' dir='ltr'><strong>cor</strong></span> <span class='ocrx_word' id='word_1_558' title='bbox 1116 2167 1292 2196; x_wconf 84' lang='lat' dir='ltr'><strong>contritum</strong></span> <span class='ocrx_word' id='word_1_559' title='bbox 1323 2165 1357 2194; x_wconf 90' lang='lat' dir='ltr'><strong>et</strong></span> <span class='ocrx_word' id='word_1_560' title='bbox 1385 2164 1593 2194; x_wconf 88' lang='lat' dir='ltr'><strong>humiliatum</strong></span> <span class='ocrx_word' id='word_1_561' title='bbox 1636 2164 1721 2194; x_wconf 91' lang='lat' dir='ltr'><strong>Deus</strong></span> 
     </span>
     <span class='ocr_line' id='line_1_98' title="bbox 1025 2209 1721 2249; baseline -0.001 -8"><span class='ocrx_word' id='word_1_562' title='bbox 1025 2220 1089 2242; x_wconf 89' lang='lat' dir='ltr'><strong>non</strong></span> <span class='ocrx_word' id='word_1_563' title='bbox 1119 2211 1286 2249; x_wconf 87' lang='lat' dir='ltr'><strong>despiciet.</strong></span> <span class='ocrx_word' id='word_1_564' title='bbox 1310 2210 1363 2239; x_wconf 90' lang='lat' dir='ltr'><strong>Est</strong></span> <span class='ocrx_word' id='word_1_565' title='bbox 1378 2210 1411 2239; x_wconf 87' lang='lat' dir='ltr'><strong>et</strong></span> <span class='ocrx_word' id='word_1_566' title='bbox 1431 2209 1603 2239; x_wconf 88' lang='lat' dir='ltr'><strong>afficientis</strong></span> <span class='ocrx_word' id='word_1_567' title='bbox 1631 2210 1721 2240; x_wconf 86' lang='lat' dir='ltr'><strong>Com·</strong></span> 
     </span>
     <span class='ocr_line' id='line_1_99' title="bbox 1025 2254 1719 2295; baseline -0.001 -9"><span class='ocrx_word' id='word_1_568' title='bbox 1025 2257 1198 2295; x_wconf 87' lang='lat' dir='ltr'><strong>passionis,</strong></span> <span class='ocrx_word' id='word_1_569' title='bbox 1211 2256 1237 2285; x_wconf 91' lang='lat' dir='ltr'><strong>si</strong></span> <span class='ocrx_word' id='word_1_570' title='bbox 1266 2255 1386 2285; x_wconf 84' lang='lat' dir='ltr'><strong>afflicto</strong></span> <span class='ocrx_word' id='word_1_571' title='bbox 1402 2254 1589 2292; x_wconf 85' lang='lat' dir='ltr'><strong>condoleas;</strong></span> <span class='ocrx_word' id='word_1_572' title='bbox 1608 2255 1643 2285; x_wconf 89' lang='lat' dir='ltr'><strong>et</strong></span> <span class='ocrx_word' id='word_1_573' title='bbox 1658 2254 1719 2285; x_wconf 83' lang='lat' dir='ltr'><strong>fra-</strong></span> 
     </span>
     <span class='ocr_line' id='line_1_100' title="bbox 1024 2299 1717 2332; baseline -0.003 -1"><span class='ocrx_word' id='word_1_574' title='bbox 1024 2303 1151 2332; x_wconf 87' lang='lat' dir='ltr'><strong>ternum</strong></span> <span class='ocrx_word' id='word_1_575' title='bbox 1166 2302 1198 2330; x_wconf 89' lang='lat' dir='ltr'><strong>te</strong></span> <span class='ocrx_word' id='word_1_576' title='bbox 1215 2300 1378 2330; x_wconf 88' lang='lat' dir='ltr'><strong>decoloret</strong></span> <span class='ocrx_word' id='word_1_577' title='bbox 1392 2299 1641 2330; x_wconf 86' lang='lat' dir='ltr'><strong>incommodum.</strong></span> <span class='ocrx_word' id='word_1_578' title='bbox 1655 2299 1717 2329; x_wconf 88' lang='lat' dir='ltr'><strong>Nec</strong></span> 
     </span>
     <span class='ocr_line' id='line_1_101' title="bbox 1024 2345 1717 2385; baseline -0.003 -8"><span class='ocrx_word' id='word_1_579' title='bbox 1024 2348 1106 2377; x_wconf 89' lang='lat' dir='ltr'><strong>hanc</strong></span> <span class='ocrx_word' id='word_1_580' title='bbox 1121 2346 1264 2385; x_wconf 81' lang='lat' dir='ltr'><strong>profecto</strong></span> <span class='ocrx_word' id='word_1_581' title='bbox 1282 2345 1495 2383; x_wconf 88' lang='lat' dir='ltr'><strong>rejiciendam</strong></span> <span class='ocrx_word' id='word_1_582' title='bbox 1507 2345 1600 2382; x_wconf 84' lang='lat' dir='ltr'><strong>putat</strong></span> <span class='ocrx_word' id='word_1_583' title='bbox 1611 2345 1717 2375; x_wconf 82' lang='lat' dir='ltr'><strong>noster</strong></span> 
     </span>
     <span class='ocr_line' id='line_1_102' title="bbox 1024 2389 1716 2430; baseline -0.003 -8"><span class='ocrx_word' id='word_1_584' title='bbox 1024 2393 1174 2422; x_wconf 83' lang='lat' dir='ltr'><strong>Pacificus</strong></span> <span class='ocrx_word' id='word_1_585' title='bbox 1184 2414 1193 2430; x_wconf 88' lang='lat'><strong>,</strong></span> <span class='ocrx_word' id='word_1_586' title='bbox 1209 2392 1329 2430; x_wconf 88' lang='lat' dir='ltr'><strong>quippe</strong></span> <span class='ocrx_word' id='word_1_587' title='bbox 1343 2399 1440 2428; x_wconf 86' lang='lat' dir='ltr'><strong>quam</strong></span> <span class='ocrx_word' id='word_1_588' title='bbox 1455 2390 1489 2420; x_wconf 88' lang='lat' dir='ltr'><strong>et</strong></span> <span class='ocrx_word' id='word_1_589' title='bbox 1500 2389 1562 2419; x_wconf 90' lang='lat' dir='ltr'><strong>sibi</strong></span> <span class='ocrx_word' id='word_1_590' title='bbox 1577 2390 1645 2428; x_wconf 85' lang='lat' dir='ltr'><strong>ipse</strong></span> <span class='ocrx_word' id='word_1_591' title='bbox 1660 2398 1716 2428; x_wconf 91' lang='lat' dir='ltr'><strong>pro</strong></span> 
     </span>
     <span class='ocr_line' id='line_1_103' title="bbox 1023 2436 1718 2476; baseline -0.007 -7"><span class='ocrx_word' id='word_1_592' title='bbox 1023 2439 1114 2469; x_wconf 88' lang='lat' dir='ltr'><strong>nobis</strong></span> <span class='ocrx_word' id='word_1_593' title='bbox 1130 2437 1299 2476; x_wconf 81' lang='lat' dir='ltr'><strong>dignanter</strong></span> <span class='ocrx_word' id='word_1_594' title='bbox 1310 2436 1434 2473; x_wconf 90' lang='lat' dir='ltr'><strong>induit,</strong></span> <span class='ocrx_word' id='word_1_595' title='bbox 1450 2437 1503 2475; x_wconf 79' lang='lat' dir='ltr'><strong>qui</strong></span> <span class='ocrx_word' id='word_1_596' title='bbox 1510 2437 1633 2474; x_wconf 79' lang='lat' dir='ltr'><strong>peccata</strong></span> <span class='ocrx_word' id='word_1_597' title='bbox 1647 2444 1718 2465; x_wconf 75' lang='lat' dir='ltr'><strong>nos-</strong></span> 
     </span>
     <span class='ocr_line' id='line_1_104' title="bbox 1024 2480 1714 2522; baseline -0.01 -6"><span class='ocrx_word' id='word_1_598' title='bbox 1024 2488 1074 2516; x_wconf 79' lang='lat' dir='ltr'><strong>tra</strong></span> <span class='ocrx_word' id='word_1_599' title='bbox 1086 2485 1151 2514; x_wconf 73' lang='lat' dir='ltr'><strong>tulit</strong></span> <span class='ocrx_word' id='word_1_600' title='bbox 1168 2486 1335 2522; x_wconf 78' lang='lat' dir='ltr'><strong>incorpore</strong></span> <span class='ocrx_word' id='word_1_601' title='bbox 1350 2491 1404 2513; x_wconf 79' lang='lat' dir='ltr'><strong>suo</strong></span> <span class='ocrx_word' id='word_1_602' title='bbox 1419 2491 1508 2521; x_wconf 75' lang='lat' dir='ltr'><strong>super</strong></span> <span class='ocrx_word' id='word_1_603' title='bbox 1522 2482 1646 2519; x_wconf 60' lang='lat' dir='ltr'><strong>lignum.</strong></span> <span class='ocrx_word' id='word_1_604' title='bbox 1663 2480 1714 2510; x_wconf 88' lang='lat' dir='ltr'><strong>Est</strong></span> 
     </span>
     <span class='ocr_line' id='line_1_105' title="bbox 1025 2527 1716 2566; baseline -0.013 -5"><span class='ocrx_word' id='word_1_605' title='bbox 1025 2532 1057 2561; x_wconf 91' lang='lat' dir='ltr'><strong>et</strong></span> <span class='ocrx_word' id='word_1_606' title='bbox 1079 2529 1335 2560; x_wconf 84' lang='lat' dir='ltr'><strong>Perseculionis:</strong></span> <span class='ocrx_word' id='word_1_607' title='bbox 1350 2537 1421 2566; x_wconf 84' lang='lat' dir='ltr'><strong>quae</strong></span> <span class='ocrx_word' id='word_1_608' title='bbox 1446 2527 1543 2558; x_wconf 82' lang='lat' dir='ltr'><strong>etiam</strong></span> <span class='ocrx_word' id='word_1_609' title='bbox 1557 2534 1613 2564; x_wconf 90' lang='lat' dir='ltr'><strong>pro</strong></span> <span class='ocrx_word' id='word_1_610' title='bbox 1627 2533 1716 2554; x_wconf 89' lang='lat' dir='ltr'><strong>sum-</strong></span> 
     </span>
     <span class='ocr_line' id='line_1_106' title="bbox 1024 2571 1713 2612; baseline -0.013 -6"><span class='ocrx_word' id='word_1_611' title='bbox 1024 2586 1075 2606; x_wconf 90' lang='lat' dir='ltr'><strong>mo</strong></span> <span class='ocrx_word' id='word_1_612' title='bbox 1092 2576 1278 2606; x_wconf 88' lang='lat' dir='ltr'><strong>ornamento</strong></span> <span class='ocrx_word' id='word_1_613' title='bbox 1295 2574 1433 2604; x_wconf 86' lang='lat' dir='ltr'><strong>habetur</strong></span> <span class='ocrx_word' id='word_1_614' title='bbox 1444 2595 1454 2612; x_wconf 84' lang='lat'><strong>,</strong></span> <span class='ocrx_word' id='word_1_615' title='bbox 1469 2571 1624 2612; x_wconf 83' lang='lat' dir='ltr'><strong>siqnidem</strong></span> <span class='ocrx_word' id='word_1_616' title='bbox 1645 2577 1713 2598; x_wconf 89' lang='lat' dir='ltr'><strong>sus-</strong></span> 
     </span>
     <span class='ocr_line' id='line_1_107' title="bbox 1024 2612 1712 2659; baseline -0.015 -7"><span class='ocrx_word' id='word_1_617' title='bbox 1024 2622 1163 2659; x_wconf 84' lang='lat' dir='ltr'><strong>cipiatur</strong></span> <span class='ocrx_word' id='word_1_618' title='bbox 1191 2628 1248 2659; x_wconf 88' lang='lat' dir='ltr'><strong>pro</strong></span> <span class='ocrx_word' id='word_1_619' title='bbox 1260 2619 1386 2657; x_wconf 83' lang='lat' dir='ltr'><strong>justitia</strong></span> <span class='ocrx_word' id='word_1_620' title='bbox 1407 2620 1440 2648; x_wconf 89' lang='lat' dir='ltr'><strong>et</strong></span> <span class='ocrx_word' id='word_1_621' title='bbox 1459 2617 1605 2648; x_wconf 82' lang='lat' dir='ltr'><strong>veritate.</strong></span> <span class='ocrx_word' id='word_1_622' title='bbox 1620 2612 1712 2644; x_wconf 87' lang='lat' dir='ltr'><strong>Unde</strong></span> 
     </span>
     <span class='ocr_line' id='line_1_108' title="bbox 1025 2659 1713 2706; baseline -0.007 -9"><span class='ocrx_word' id='word_1_623' title='bbox 1025 2668 1072 2698; x_wconf 81' lang='lat' dir='ltr'><strong>est</strong></span> <span class='ocrx_word' id='word_1_624' title='bbox 1101 2667 1181 2697; x_wconf 87' lang='lat' dir='ltr'><strong>illud</strong></span> <span class='ocrx_word' id='word_1_625' title='bbox 1204 2675 1212 2696; x_wconf 90' lang='lat'><strong>:</strong></span> <span class='ocrx_word' id='word_1_626' title='bbox 1236 2666 1327 2696; x_wconf 79' lang='lat' dir='ltr'><strong>Ibant</strong></span> <span class='ocrx_word' id='word_1_627' title='bbox 1356 2665 1515 2706; x_wconf 71' lang='lat' dir='ltr'><strong>qaudentes</strong></span> <span class='ocrx_word' id='word_1_628' title='bbox 1535 2659 1670 2702; x_wconf 68' lang='lat' dir='ltr'><strong>discipuli</strong></span> <span class='ocrx_word' id='word_1_629' title='bbox 1691 2668 1713 2689; x_wconf 81' lang='grc' dir='ltr'><em>α</em></span> 
     </span>
    </p>
   </div>
  </div>
 </body>
</html>
