1830 3073
242 231 282 261 20

244 287 352 319 omnia
365 285 465 327 fiant,
475 286 508 320 et
522 284 670 320 laborent
684 286 780 321 taedio
792 292 942 328 quodam,
955 300 959 337 g

243 333 276 364 et
289 333 383 374 quasi
394 334 549 373 vapulent
567 335 655 365 intus
668 335 702 365 in
721 335 840 372 anima,
857 341 958 381 ama-g

242 378 384 410 ritudine
398 379 525 410 scilicet
534 380 776 418 cogitationum.
786 380 944 410 Haeesunt
956 417 957 425 ἵ

242 425 330 454 enim
340 425 475 456 verbera
483 447 493 464 ,
509 425 627 464 quibus
639 425 772 463 castigat
783 433 857 454 suos
868 434 957 463 par—:

240 470 331 501 vulos
350 470 459 509 Deus,
483 480 553 509 quae
577 470 694 500 melius
714 471 942 508 experimento

239 515 471 554 dignoscimus,
496 523 592 554 quam
615 523 775 545 sermone.
797 516 888 546 Unde
908 510 956 546 et¹

238 561 307 599 ipse
322 561 480 592 Dominus
492 561 634 599 loquitur
650 569 708 599 per
722 561 915 598 prophetam
930 570 937 591 ε
953 602 955 604 ¹

237 607 272 636 Si
285 608 498 646 dereliquerint
510 608 566 644 filii
576 606 639 643 ejus
656 607 749 644 legem
760 615 872 645 meam,
883 609 937 637 etc.

237 652 366 683 visitabo
384 655 415 683 in
430 655 517 691 rii-qa
532 653 705 690 iniquitates
719 660 844 689 eorum,
860 655 888 684 et
906 655 937 685 in
952 655 954 679 ῐ

236 697 410 728 verberibus
422 699 547 736 peccata
561 705 678 726 corum.
950 681 954 739 ἒ

277 743 306 772 7.
324 743 360 772 ln
376 743 427 773 liis
443 743 550 780 itaque
567 741 773 779 primordiis,
795 743 829 773 et
845 743 936 782 quasi
950 750 952 755 '

721 238 751 265 S.
773 238 1002 266 BERNARDI
1023 241 1215 269 ABBATIS

975 293 1102 322 servilis
1116 295 1226 326 oculus
1247 295 1510 330 inamaritudine
1527 301 1673 331 morab&-

975 336 1048 367 tur:
1061 338 1118 368 sed
1130 347 1172 369 ne
1187 340 1257 379 ipsa
1271 343 1403 380 quidem
1413 346 1583 383 praesentia
1599 355 1679 376 con-⁷

974 382 1204 423 siderans,nec
1227 395 1342 425 parvas
1361 392 1571 428 parvulorum
1595 401 1672 422 con-

972 428 1146 461 solationes
1175 433 1325 470 captam,
1352 436 1456 474 magis
1479 439 1589 467 autem
1612 446 1671 467 ex-

972 474 1109 506 tendens
1140 484 1175 507 se
1201 476 1235 507 in
1264 479 1440 518 anteriora,
1465 482 1506 511 ad
1530 482 1670 520 palmam

971 525 1118 556 supernae
1130 521 1325 561 vocationis,
1336 525 1545 556 etintroitum
1554 527 1672 557 futurae

971 563 1196 605 beatitudinis,
1210 569 1387 606 expectans
1397 571 1522 601 beatam
1534 580 1624 610 spem
1637 574 1671 602 et

969 609 1145 642 adventum
1157 613 1268 651 gloriae
1282 614 1391 653 magni
1406 616 1478 645 Dei.
1495 617 1671 647 Evacuavit

969 655 1055 685 enim
1074 665 1144 694 quae
1163 660 1255 690 erant
1273 659 1414 698 parvuli,
1429 668 1491 690 nec
1505 661 1592 691 circa
1606 662 1670 691 hu-

965 699 1105 736 jusmodi
1131 710 1245 733 suaves
1269 705 1416 743 quidem,
1442 705 1499 735 sed
1524 713 1589 735 non
1610 714 1670 743 pe·-

966 752 1084 776 rennes
1100 747 1335 778 consolationes
1354 749 1512 779 hactenus
1533 757 1670 788 occupa·

235 787 378 817 infantili
391 789 495 824 aetate,
512 787 557 816 sic
576 787 721 817 vicissim
742 788 805 818 sibi
824 798 936 820 succe·
950 784 952 791 '
966 790 1029 819 tur.
1042 790 1105 820 Sed
1117 792 1272 829 quiajam
1287 793 1423 832 profecit
1437 795 1585 825 invirum
1593 803 1669 833 per-

235 833 418 863 dunttimor
431 832 575 870 Domini,
591 832 624 862 et
635 832 805 871 disciplina
819 835 936 873 magis-

234 877 272 907 tri
284 901 292 914 ,
310 879 345 907 ut
369 885 454 906 nunc
470 877 504 906 in
528 876 602 914 isto,
619 886 706 907 nune
729 878 764 908 in
778 880 862 909 statu
877 880 934 910 illo

232 931 300 952 sese
317 922 474 959 inveniat,
488 922 635 960 quisquis
650 923 809 954 sollicitus
834 925 934 956 tuerit

234 967 404 1005 diligenter
419 967 480 997 hoc
494 968 678 998 observare.
689 969 766 999 Inde
776 970 836 1008 est,
848 971 934 1009 quod

231 1013 368 1042 novellae
384 1012 489 1043 adhuc
505 1014 656 1044 Ecclesiae
671 1015 818 1054 loquens,
835 1016 932 1046 simul

231 1058 398 1095 utriusque
407 1059 548 1088 nominis
557 1060 720 1098 meminit,
729 1060 858 1091 dicens:
870 1063 932 1093 Vos

229 1104 342 1133 vocatis
351 1112 397 1133 me
403 1105 548 1142 Maqister
556 1106 736 1142 etDomine,
745 1108 772 1136 et
781 1106 852 1137 bene
861 1108 932 1137 dici-

229 1150 265 1178 tis
287 1158 296 1178 .·
318 1158 387 1179 sum
404 1151 526 1180 etem'm.
548 1151 730 1189 Agnoscunt
749 1151 803 1182 hic
825 1152 931 1183 locum

227 1203 321 1224 suum
333 1194 451 1225 novitii
467 1195 568 1225 nostri
578 1217 588 1234 ,
603 1196 640 1226 ut
654 1196 786 1227 solliciti
803 1198 870 1229 sint
890 1199 930 1229 de

227 1240 345 1269 caetero
366 1240 478 1270 sedule
493 1241 596 1279 magis
617 1241 703 1271 circa
718 1242 780 1272 ista
794 1244 928 1274 versari.

225 1334 293 1364 rius
308 1334 376 1372 est,
397 1343 460 1373 quo
474 1335 633 1364 nimirum
654 1337 787 1373 peccata
806 1338 930 1376 possint

225 1380 391 1417 praeterita
406 1380 530 1418 delere,
543 1389 659 1411 cavere
675 1381 797 1412 futura.
822 1385 930 1414 Tt'mor

225 1426 311 1454 enim
326 1427 471 1464 Domini,
487 1426 525 1456 ut
542 1426 588 1456 ait
608 1426 792 1465 Scriptura,
807 1430 928 1466 expellit

221 1472 398 1508 peccatum,
412 1471 482 1501 sive
497 1471 585 1509 quod
599 1470 665 1508 jam
677 1471 850 1502 admissum
867 1473 927 1511 est,

222 1515 290 1544 sive
297 1516 383 1553 quod
391 1515 635 1547 tentatintrare.
643 1517 784 1555 Expellit
792 1526 880 1557 sane,
890 1519 928 1548 il-

222 1560 278 1590 lud
285 1561 428 1599 quidem,
436 1562 625 1600 poenitendo
635 1570 643 1600 3
654 1563 726 1601 hoc,
735 1562 925 1594 resistendo.

221 1606 285 1636 Sed
300 1607 455 1645 quoniam
470 1607 558 1638 arcta
574 1608 718 1638 etardua
733 1610 781 1639 est
791 1609 843 1639 via
856 1618 927 1648 quae

221 1651 313 1682 ducit
337 1652 377 1682 ad
391 1653 493 1683 vitam
511 1660 521 1682 z
537 1653 702 1691 tamquam
723 1655 867 1692 parvulis
891 1655 926 1685 in

219 1697 344 1728 Christo
355 1698 544 1736 paedagogus
555 1698 659 1736 vohis,
668 1707 686 1728 o
698 1699 803 1737 filioli,
820 1708 857 1730 ac
867 1709 926 1731 nu-

220 1742 329 1773 tritius
343 1744 546 1774 necessarius
561 1744 628 1782 est,
644 1744 701 1782 qui
717 1744 849 1784 doceat,
868 1746 925 1777 de-

220 1789 328 1826 ducat,
344 1789 452 1820 foveat
473 1797 549 1827 vos,
575 1790 609 1820 et
623 1790 786 1828 tamquam
802 1792 925 1822 alludat

220 1835 376 1873 parvulis,
399 1843 435 1865 ac
451 1835 620 1866 blanditiis
636 1836 829 1875 quibusdam
851 1846 925 1868 con-

220 1881 361 1919 soletur,
378 1888 420 1911 ne
433 1882 549 1919 pereat
572 1882 650 1911 aetas
672 1881 812 1912 infirma.
828 1883 924 1921 Prop-

219 1928 311 1956 terea
324 1934 390 1956 non
405 1934 481 1965 ego,
494 1926 552 1957 sed
562 1927 664 1966 magis
677 1928 924 1959 EcclesiaePrin-

220 1979 295 2010 ceps
311 1973 345 2002 et
354 1973 464 2003 Pastor
473 1980 531 2003 vos
545 1973 714 2003 admonet:
729 1975 825 2013 Quasi
833 1976 922 2005 modo

219 2018 310 2054 qeniti
320 2018 465 2055 infantes,
489 2018 689 2049 rationabiles
708 2020 772 2049 sine
786 2020 854 2050 dolo
875 2020 922 2050 lac

218 2063 428 2100 concupiscite,
438 2063 483 2094 ita
495 2071 571 2094 sane
579 2063 616 2094 ut
628 2062 663 2093 in
671 2072 709 2094 eo
717 2072 921 2103 nequaquam

218 2108 452 2146 permaneatis,
467 2108 525 2139 sed
539 2109 574 2139 in
590 2117 628 2139 eo
644 2111 796 2146 crescatis
817 2111 851 2141 in
872 2119 922 2141 sa—

217 2152 331 2181 lutem.
360 2153 452 2189 Quod
485 2154 549 2183 alia
581 2155 728 2192 quaedam
761 2156 921 2194 scriptura

217 2197 425 2228 manifestius
454 2199 643 2238 exprimens
673 2201 816 2239 loquitur
840 2203 887 2232 sic
910 2211 918 2231 :

217 2243 353 2273 Gaudete
365 2244 474 2281 qaudio
487 2254 589 2276 omnes
601 2247 655 2284 qui
673 2246 820 2284 luqebatis
830 2256 920 2286 super

216 2296 286 2317 eam
299 2287 410 2327 (haud
424 2288 559 2319 dubium
578 2291 658 2328 quin
679 2299 776 2328 super
792 2291 920 2322 Jerusa-

215 2331 294 2370 lem,
311 2332 351 2362 de
364 2340 402 2362 ea
417 2333 577 2372 siquidem
590 2335 784 2373 loquebatur
799 2334 811 2374 )
824 2338 857 2366 ut
866 2346 919 2375 po-

215 2378 332 2414 temini,
340 2377 397 2415 ait,
406 2387 426 2407 a
437 2379 523 2416 lacte,
533 2381 687 2410 etsatiemi
690 2381 721 2410 ni
731 2380 770 2410 ab
779 2381 918 2414 uberibus

214 2423 429 2453 consolationis
441 2424 504 2460 ejus
515 2434 526 2462 ,-
538 2427 566 2454 et
577 2434 645 2454 cum
661 2426 759 2456 avulsi
769 2426 887 2463 fiteritis
898 2437 918 2459 a

215 2467 304 2504 lacte,
315 2468 478 2506 epulemini
497 2469 536 2499 ab
548 2470 674 2500 introitu
685 2471 788 2508 qloriae
802 2471 878 2506 eius.

255 2512 286 2542 8.
303 2513 374 2551 lpse
387 2514 435 2543 est
449 2513 538 2544 enim
547 2515 648 2545 status
662 2515 721 2544 filii
728 2515 794 2552 jam
806 2517 918 2547 robus-

216 2558 256 2586 tae
271 2559 387 2596 aetatis,
398 2559 453 2597 qui
465 2560 524 2590 sub
536 2560 628 2590 Patre
644 2560 740 2598 vivit,
756 2569 816 2592 nec
832 2562 915 2593 lacte

214 2600 279 2638 jam
296 2603 446 2642 potatur,
469 2604 527 2634 sed
550 2604 694 2635 vescitur
707 2606 809 2636 solido
825 2607 916 2645 cibo,

218 2645 336 2679 oblitus
351 2656 429 2680 sane
445 2658 516 2689 quae
535 2650 623 2682 retro
637 2651 729 2690 sunt,
747 2652 780 2683 in
799 2652 915 2691 quibus

228 1286 306 1316 Ante
319 1286 426 1316 omnia
440 1287 603 1325 siquidem
615 1287 711 1317 timor
720 1288 767 1318 eis
780 1296 930 1319 necessa-
941 1307 949 1724 Ι

949 823 952 884 ᾗ
966 834 1106 874 fectum3
1124 838 1159 867 in
1174 838 1224 868 his
1239 847 1310 877 quae
1322 840 1423 878 patris
1441 842 1528 877 sunt,
1541 841 1667 878 oportet

949 888 1042 939 icum
1067 890 1156 921 esse,
1180 884 1342 922 suspIrare
1365 886 1407 915 ad
1420 885 1666 923 haereditatem,

949 926 1141 984 'sedulaque
1157 929 1243 960 circa
1263 938 1334 960 eam
1358 930 1569 961 meditatione
1591 940 1668 961 ver-

947 972 1037 1026 }sari.
1053 973 1214 1012 Numquid
1229 975 1319 1005 enim
1334 977 1574 1006 mercenarium
1591 985 1666 1006 eum

963 1018 1035 1055 quis
1049 1019 1200 1057 aestimet,
1216 1021 1272 1059 qui
1285 1021 1427 1059 paternae
1442 1021 1547 1052 inhiat
1561 1022 1666 1052 haere-

963 1063 1069 1101 ditati,
1091 1073 1229 1104 eamque
1252 1067 1320 1097 toto
1345 1067 1466 1097 affectu
1488 1067 1617 1105 expetit
1631 1069 1665 1097 et

963 1110 1148 1148 exspectat,
1164 1119 1261 1149 quam
1283 1111 1437 1141 nimirum
1459 1112 1517 1142 filii
1538 1121 1665 1142 merce-

962 1154 1037 1184 dem
1050 1163 1131 1194 esse,
1146 1165 1210 1186 non
1222 1157 1415 1187 mercenarii
1429 1157 1587 1196 Propheta
1599 1159 1665 1188 tes-

962 1199 1073 1230 tatur?
1088 1203 1166 1232 Cum
1178 1203 1302 1239 dederit,
1316 1202 1442 1240 inquit,
1467 1204 1582 1234 dilectis
1601 1206 1665 1234 suis

960 1254 1115 1283 somnum,
1143 1256 1208 1277 ecce
1233 1247 1395 1279 haereditas
1419 1249 1556 1285 Domini,
1588 1250 1662 1287 filii,-

960 1299 1090 1329 merces,
1104 1292 1223 1329 fructus
1238 1294 1363 1323 ventris.

1000 1335 1031 1366 9.
1050 1337 1219 1367 Invenitur
1236 1339 1347 1368 tamen
1367 1338 1450 1368 alter
1471 1339 1587 1376 gradus
1608 1347 1663 1369 su·

960 1379 1109 1420 blimior,
1131 1383 1165 1412 et
1184 1382 1321 1412 affectus
1342 1382 1470 1422 dignior
1491 1383 1570 1422 isto,
1587 1392 1660 1413 cum

960 1426 1090 1464 penitus
1109 1427 1285 1458 castificato
1298 1427 1392 1457 corde
1407 1428 1490 1458 nihil
1502 1428 1590 1458 aliud
1605 1429 1662 1458 de-
1709 1446 1712 1450 -

959 1471 1079 1502 siderat
1090 1472 1209 1510 anima,
1225 1472 1308 1502 nihil
1320 1472 1409 1502 aliud
1421 1480 1438 1502 a
1449 1473 1517 1502 Deo
1531 1473 1660 1511 quaerit,

958 1524 1055 1554 quam
1079 1518 1185 1556 ipsum
1214 1518 1331 1548 Deum.
1357 1518 1474 1547 Crebro
1497 1518 1660 1556 siquidem

959 1562 1072 1592 didicit
1103 1563 1348 1601 experimento,
1373 1564 1526 1602 quoniam
1559 1564 1661 1594 honus

957 1607 1112 1637 Dominus
1124 1609 1327 1645 sperantibus
1340 1609 1372 1637 in
1384 1616 1430 1645 se,
1445 1608 1560 1638 animae
1572 1616 1661 1646 quae-

956 1653 1042 1683 renti
1057 1653 1175 1692 ipsum,
1186 1653 1229 1684 ita
1243 1656 1278 1683 ut
1289 1655 1355 1692 jam
1371 1663 1413 1684 ex
1422 1654 1543 1684 affectu
1555 1655 1660 1684 cordis

957 1698 1054 1736 atque
1069 1706 1111 1728 ex
1124 1699 1285 1729 sententia
1301 1699 1417 1729 clamet
1429 1699 1510 1729 illud
1522 1699 1561 1729 de
1573 1700 1660 1738 psal-

956 1751 1007 1773 mo
1021 1752 1029 1772 ε
1043 1745 1123 1783 Quid
1143 1746 1223 1774 enim
1238 1745 1314 1775 mihi
1327 1747 1369 1775 est
1389 1746 1422 1774 in
1446 1745 1530 1782 coelo,
1553 1747 1581 1775 et
1596 1755 1616 1775 a
1630 1747 1658 1775 te

955 1790 1027 1827 quid
1038 1790 1120 1820 volui
1130 1792 1341 1828 superterram
1354 1790 1367 1819 ἒ
1380 1791 1496 1828 Defecit
1508 1799 1580 1820 caro
1590 1799 1658 1820 mea.

956 1836 984 1864 et
994 1843 1169 1871 cormeum,
1182 1837 1264 1865 Deus
1279 1836 1375 1865 cordis
1382 1836 1453 1870 mci,
1466 1836 1494 1865 et
1505 1843 1580 1873 pars
1589 1844 1658 1864 mea

954 1881 1037 1910 Deus
1052 1881 1084 1910 in
1098 1882 1257 1910 oeternum.
1267 1880 1376 1918 Neque
1393 1879 1480 1909 enim
1495 1888 1587 1909 suum
1599 1880 1658 1909 ali-

955 1925 1044 1963 quid,
1059 1934 1123 1955 non
1138 1925 1342 1961 felicitatem,
1357 1933 1421 1954 non
1437 1925 1656 1963 gloriam,non

955 1971 1044 2000 aliud
1058 1972 1249 2009 quicquam,
1265 1971 1430 2008 tamquam
1451 1970 1579 2009 privato
1604 1971 1655 1999 sui

954 2016 1055 2054 ipsius
1069 2024 1177 2046 amore
1187 2015 1348 2046 desiderat
1364 2015 1471 2045 anima
1485 2024 1556 2054 quae
1569 2015 1656 2052 ejus-

953 2062 1040 2092 modi
1056 2063 1103 2092 est
1117 2071 1124 2091 :
1139 2061 1196 2092 sed
1209 2063 1276 2092 tota
1286 2061 1392 2099 pergit
1403 2061 1438 2090 in
1451 2062 1567 2099 Deum,
1580 2061 1657 2090 uni-

951 2116 1092 2146 cumque
1122 2108 1154 2137 ei
1181 2115 1218 2137 ac
1242 2107 1425 2146 perfectum
1456 2106 1655 2137 desiderium

953 2153 1019 2192 est,
1033 2155 1070 2184 ut
1085 2153 1270 2183 introducat
1285 2161 1358 2183 eam
1375 2154 1447 2183 Rex
1468 2153 1504 2182 in
1520 2153 1655 2183 cubicu-

952 2200 1019 2229 lum
1035 2207 1141 2237 suum,
1154 2199 1191 2229 ut
1215 2199 1278 2237 ipsi
1294 2199 1467 2236 adhaereat,
1481 2199 1550 2237 ipso
1565 2199 1654 2228 frua-

952 2245 1016 2274 tur.
1038 2244 1129 2274 Unde
1161 2246 1194 2274 et
1218 2244 1343 2282 Jugiter
1370 2244 1515 2273 revelata
1548 2243 1631 2273 facie
1642 2266 1652 2282 ,

951 2289 1055 2328 quoad
1079 2289 1202 2327 potest,
1225 2288 1363 2319 coelestis
1383 2288 1496 2326 Sponsi
1518 2289 1652 2327 gloriam

951 2334 1157 2373 speculandO,
1166 2330 1356 2364 in‘camdem
1366 2334 1539 2372 imaginem
1551 2334 1654 2364 trans-

951 2380 1106 2410 formatur
1113 2380 1152 2409 de
1161 2380 1309 2410 claritate
1319 2379 1352 2408 in
1365 2379 1559 2418 claritatem,
1568 2381 1652 2410 tam-

950 2434 1046 2464 quam
1074 2434 1092 2455 a
1113 2425 1243 2455 Domini
1259 2425 1386 2462 spiritu.
1404 2426 1451 2454 Ex
1472 2425 1533 2455 hoc
1553 2426 1651 2464 plane

950 2472 1061 2501 audire
1080 2472 1247 2501 meretur:
1268 2473 1346 2501 Tota
1367 2472 1473 2509 pulcra
1497 2473 1650 2509 es,amica

949 2526 1030 2546 mea.
1046 2516 1150 2546 Audet
1165 2516 1197 2546 et
1210 2516 1277 2554 ipsa
1294 2516 1381 2554 loqui
1395 2525 1403 2545 :
1419 2517 1553 2546 Dilectus
1564 2523 1650 2546 meus

950 2562 1043 2598 mihi,
1058 2563 1085 2592 et
1099 2571 1151 2600 eqo
1177 2563 1231 2592 illi.
1248 2562 1352 2600 Atque
1370 2560 1551 2600 hujusmodi
1573 2560 1648 2591 feli-

950 2607 1078 2637 cissima
1092 2609 1124 2637 et
1136 2607 1369 2644 jucundissima
1387 2605 1648 2638 confabulatione

951 2653 1132 2684 delectatur
1152 2653 1287 2693 gloriosa
1311 2661 1384 2683 cum
1399 2659 1525 2692 sponso.
