1830 3073
282 213 321 243 {2

321 269 351 298 5.
364 269 450 309 *Quae
471 278 543 309 ergo
563 271 788 311 participatio,
806 282 877 311 quae
901 281 978 303 con-

280 315 391 344 ventio
406 315 492 345 illius
505 316 562 354 qui
582 325 646 347 non
669 319 735 354 est,
752 318 793 348 ad
812 318 905 347 illum
920 318 977 356 qui

280 358 330 389 cst
339 358 351 388 ἒ
360 360 521 396 Quomodo
535 363 667 400 possunt
681 363 746 393 tam
761 362 888 393 diversa
901 371 977 392 con-
992 358 995 410 J

275 403 390 441 jungi?
403 406 495 443 ΜιἸιῖ,
508 408 554 437 ait
569 408 702 437 Sanctus
711 429 721 445 ,
742 408 898 438 adlioerere
912 411 976 438 Deo

279 449 392 480 bonam
414 454 468 482 est.
481 453 669 483 Immediate
690 453 721 482 ei
739 453 891 490 conjungi
912 461 976 482 non

272 497 444 533 'possumus
459 499 535 528 :sed
546 506 605 536 per
619 497 763 527 medIum
778 497 908 534 aliquod
920 507 976 535 po-

271 541 354 571 'terit
374 542 444 572 fieri
465 543 610 574 fortassis
634 543 697 572 ista
722 541 921 577 conjunctio.
938 544 974 572 Et

275 594 317 616 ne
330 587 450 618 diutius
462 597 517 619 vos
528 588 711 627 protraham
725 608 734 623 ‚
747 586 808 616 tria
819 588 894 617 sunt
904 588 974 618 vin-

274 632 349 662 cula
373 635 490 671 quibus
517 635 548 663 ei
576 632 809 670 adstringimur
834 641 843 662 t
870 634 903 663 et
927 634 972 664 sic

273 678 355 717 tria,
371 680 407 709 ut
427 680 493 708 sola
515 687 523 707 :
540 686 612 708 cum
624 678 701 707 soils
712 678 801 716 istis,
826 679 879 709 vel
894 679 973 710 isto-

271 731 345 753 rum
366 724 524 753 similibus
537 745 546 760 ‚
562 731 657 752 omne
678 723 766 761 quod
780 724 915 763 ligatur,
931 725 972 754 li-

271 770 378 806 getur.
395 769 433 797 Et
454 769 594 806 primum
613 767 752 806 accipite
784 768 897 807 funes3
920 778 969 800 se-

273 814 413 843 cundum
424 814 529 843 clavos
541 813 665 851 ligneos
677 814 730 844 vel
749 812 889 853 ferre0s3
905 815 970 845 ter-

271 858 353 887 tium
368 858 640 894 gluten.Primum
654 858 828 896 adstringit
842 859 971 890 fortiter

272 905 305 933 et
319 904 396 933 dure
412 911 421 932 z
437 903 616 933 secundum
636 904 752 934 fortius
773 906 807 934 et
821 904 934 935 durius
958 915 967 936 :

270 948 401 977 tertium
422 949 566 980 suaviter
586 949 621 979 et
644 958 770 980 secure.
785 950 874 981 Fune
889 960 969 990 quo—

269 992 446 1024 dammodo
461 994 611 1033 alligatus
632 997 682 1025 est
692 995 919 1034 Redemptori,
940 997 967 1027 si

268 1038 340 1075 quis
364 1039 467 1078 sorte,
491 1040 569 1070 dum
596 1040 839 1070 vehementiori
862 1043 968 1073 tenta-

266 1084 353 1114 tione
369 1086 536 1124 turbatur,
548 1086 700 1124 proponit
711 1086 775 1115 sibi
790 1086 967 1119 honestatis

266 1131 440 1169 intuitum,
463 1132 654 1162 memoriam
676 1132 914 1172 promissionis3
933 1134 966 1165 et

264 1177 325 1206 hoc
343 1176 477 1206 interim
495 1185 530 1208 se
545 1177 622 1207 fune
637 1178 776 1216 retinet,
791 1187 835 1209 ne
848 1188 966 1218 propo-

263 1222 362 1252 situm
377 1223 507 1260 penitus
520 1223 742 1261 abrumpatur.
758 1225 880 1255 Durum
892 1234 965 1264 pro-

263 1267 349 1298 fecto
363 1269 529 1299 vinculum
543 1271 576 1299 et
590 1271 760 1300 molestum
770 1271 849 1309 ‚sed
862 1273 895 1302 et
905 1281 964 1311 pe-

261 1313 435 1344 riculosum
446 1314 544 1344 nimis
554 1336 563 1352 ,
575 1315 607 1345 et
616 1316 700 1353 quod
711 1315 767 1346 diu
778 1317 962 1349 tenerenon

261 1360 373 1396 possit.
396 1359 565 1398 Siquidem
586 1361 777 1399 putrescunt
800 1362 913 1402 funes,
929 1365 963 1395 et

259 1404 392 1443 pudoris
406 1405 572 1436 vinculum
588 1406 644 1435 aut
655 1407 893 1447 obliviscimur,
906 1410 962 1440 aut

259 1450 484 1487 abrumpimus
498 1451 574 1481 cito.
591 1452 644 1481 Est
662 1452 773 1481 autem
786 1454 843 1491 qui
861 1454 960 1486 clavis

259 1496 431 1533 configitur
444 1497 582 1526 Domino
594 1497 772 1534 majestatis
782 1518 792 1535 ,
804 1507 902 1536 quem
919 1500 961 1529 ti-

258 1549 328 1571 mor
342 1542 403 1572 Dei
427 1543 522 1581 ligat,
543 1543 600 1581 qui
618 1551 685 1573 non
705 1545 895 1581 expavescit
918 1545 974 1575 ad>

256 1587 369 1617 vultus
380 1588 565 1626 hominum‚
577 1588 633 1618 sed
646 1588 686 1618 ad
701 1590 889 1620 memoriam
905 1599 959 1629 ge-

256 1632 448 1663 hennalium
472 1634 730 1671 tormentorum3
756 1635 790 1664 et
809 1634 863 1665 hic
885 1636 958 1674 qui-

258 1678 332 1707 dem
351 1687 488 1717 peccare
507 1688 573 1709 non
590 1679 727 1717 metuit,
746 1679 803 1710 sed
829 1680 954 1712 ardere.

256 1724 374 1754 DurIus
387 1726 496 1755 tamen
512 1727 544 1755 et
556 1725 670 1755 fortius
683 1726 788 1763 primo
800 1725 971 1764 imprimi-1

255 1772 329 1800 tur:
343 1770 418 1808 quia
433 1779 506 1801 cum
519 1771 576 1801 ille
588 1771 720 1801 vacillet
735 1771 766 1800 in
780 1773 954 1810 proposito,

256 1815 317 1845 iste
341 1816 546 1854 propositum
571 1824 636 1846 non
666 1816 799 1847 amittit.
827 1818 954 1848 Tertius

254 1869 331 1890 vero
356 1862 480 1900 glutine
505 1862 537 1892 ei
564 1862 821 1900 conglutinatur,
847 1862 882 1893 id
907 1865 954 1894 est

254 1906 407 1942 caritate,
431 1906 488 1944 qui
508 1908 575 1936 tam
597 1907 760 1944 suaviter,
782 1915 880 1945 quam
905 1917 953 1939 se-

254 1958 330 1980 cure
352 1950 470 1988 ligatus
489 1951 658 1982 adhaerens
674 1952 761 1990 Deo,
783 1961 867 1983 unus
889 1955 952 1992 spi—

254 1995 334 2024 ritus
347 1997 394 2025 est
407 2004 480 2026 cum
502 2004 552 2026 eo.
566 1997 628 2026 Iste
643 1997 710 2034 est,
725 1996 780 2034 qui
793 2006 952 2035 quaecum-

252 2048 315 2077 que
329 2061 337 2076 ‚
348 2041 576 2080 undecumque
587 2064 596 2079 ,
608 2042 676 2071 sive
691 2051 762 2080 quae
779 2043 868 2081 facIt,
883 2045 951 2075 sive

251 2093 322 2122 quze
344 2086 486 2125 eitiunt,
509 2088 548 2116 ad
569 2096 663 2117 suum
684 2089 885 2119 commodum
899 2099 952 2120 re-

251 2131 366 2169 vocat,
383 2133 416 2161 et
429 2134 605 2171 retorquet.
629 2135 746 2164 Beatus
766 2134 950 2172 hujusmodi

251 2174 365 2212 homo,
386 2178 420 2207 et
442 2178 635 2209 abundantis
658 2179 792 2217 spiritus
813 2181 951 2213 inssuens

251 2221 439 2259 majestate,
454 2223 510 2260 qui
526 2225 632 2254 suavis
656 2226 689 2253 et
709 2226 825 2255 unctus
846 2228 951 2263 portat

250 2275 380 2305 omnes,
403 2269 435 2297 et
462 2269 626 2299 neminem
648 2271 760 2299 onerat
784 2270 854 2308 ipse
870 2280 879 2300 z
895 2273 950 2310 qui

250 2312 433 2343 terribilius
449 2314 481 2343 et
502 2315 691 2344 horribilius
713 2315 781 2352 ipsa
801 2316 949 2353 gehenna

246 2355 373 2391 judicat
387 2357 422 2386 in
437 2365 472 2387 re
488 2359 539 2388 vel
556 2359 719 2389 levissima
734 2360 861 2390 vultum
876 2363 950 2392 Om-

248 2402 426 2439 nipotentis
453 2403 595 2433 scienter
624 2405 799 2435 offendere.
821 2407 880 2436 Hic
906 2411 949 2438 est

247 2448 383 2484 fratrum
398 2450 520 2478 amator
541 2450 569 2478 et
591 2450 697 2487 populi
710 2451 815 2480 Israel.
831 2453 889 2481 Hz'c
905 2454 948 2483 est

248 2494 303 2530 qm·
313 2494 584 2532 nuiltumoratpro
594 2496 716 2532 populo,
725 2497 752 2525 et
761 2505 817 2534 pro
830 2498 946 2527 civitate

246 2540 355 2568 sancta
375 2540 554 2571 Jerusalem.
567 2541 691 2569 Glutino
704 2540 816 2570 bonum
830 2543 889 2579 est,
901 2543 946 2572 ait

247 2582 356 2612 Isaias.
369 2585 491 2614 Bonum
504 2586 553 2614 est
569 2593 684 2614 revera
702 2586 735 2615 et
746 2585 943 2625 jucundum,

248 2627 322 2665 qnia
342 2627 404 2657 alia
419 2627 498 2667 duo,
524 2636 564 2659 ne
586 2630 668 2659 mala
684 2629 839 2668 ‹iixexim2
857 2640 943 2660 com-

739 221 767 248 S.
789 222 1020 249 BERNARD!
1040 223 1231 253 ABBATls

992 273 1176 310 lparatione
1194 278 1286 308 istius
1307 280 1416 318 gravia
1442 282 1474 314 ct
1488 282 1706 321 importabilia

993 343 995 356 A
1009 320 1096 349 sunt.

1048 361 1079 392 li.
1093 363 1154 394 Sed
1170 365 1226 396 ille
1240 368 1422 400 misericors
1433 372 1562 410 oculus,
1576 372 1632 411 qui
1647 372 1706 403 no-

992 412 994 451 }
1008 408 1057 437 vit
1073 408 1261 445 figmentum
1278 415 1420 444 nostrum
1431 437 1440 452 ,
1454 417 1621 447 neminem
1641 418 1704 446 sal-

992 453 1185 484 *vandorum
1203 456 1338 487 dimittit
1358 460 1393 489 in
1413 461 1536 499 primo,
1551 463 1609 492 sed
1629 471 1703 500 pro—-

1005 497 1098 528 vehit
1111 500 1152 529 ad
1171 502 1369 540 secundum3
1392 507 1425 535 et
1446 514 1488 536 ne
1508 507 1554 536 ibi
1569 508 1700 545 quidem

1005 541 1176 582 deserens,
1197 546 1238 575 de
1253 549 1396 578 sec-undo
1416 552 1565 587 perducit
1580 553 1620 582 ad
1635 553 1702 583 ter-

1003 586 1097 616 tium.
1110 588 1216 618 Primo
1230 590 1390 628 siquidem
1402 595 1476 631 quia
1496 596 1597 633 pudet
1608 597 1702 627 desc-

988 667 989 672 *
1002 638 1074 660 rere
1084 653 1095 670 ,
1109 634 1282 666 aestuantes
1297 637 1355 668 vix
1369 639 1564 670 sustinemus
1587 642 1628 671 ad
1642 643 1701 671 ho-

987 676 1070 719 Jram
1093 686 1102 707 t
1124 681 1268 711 secundo
1293 683 1362 719 jam
1387 684 1544 716 timentes
1572 687 1606 716 et
1629 696 1701 725 spe-

987 723 1109 754 rantes
1136 726 1322 763 proficimus
1344 737 1353 757 :
1379 729 1482 759 tertio>
1511 732 1699 769 perficimur

986 771 1156 800 amantes.
1173 771 1226 801 Sic
1246 772 1347 809 igitur
1362 774 1487 805 duobus
1509 778 1699 814 praeceden-

985 825 987 836 ·
1000 813 1086 844 tibus
1097 815 1214 847 timore
1228 817 1351 855 pariter
1361 820 1395 848 et
1408 820 1532 857 pudore
1545 823 1697 860 exclusis,

1001 859 1033 889 in
1053 861 1153 891 solius
1166 862 1284 893 amoris
1299 864 1506 895 reclinatorio
1522 875 1698 897 commora-

999 913 1080 936 mur.
1097 907 1144 936 Ita
1160 908 1193 937 et
1210 908 1352 940 Christus
1366 910 1458 948 prius
1469 911 1602 949 quidem
1616 914 1697 952 liga-

1000 950 1068 989 tur,
1088 954 1228 984 secundo
1253 955 1471 995 crucifigitur,
1485 958 1582 988 tertio
1597 959 1697 997 gluti-

998 1005 1073 1027 nosa
1089 1001 1269 1030 aromatum
1284 1000 1474 1033 inunctione
1485 1004 1615 1034 linitur.
1626 1006 1695 1035 Non

996 1043 1080 1080 quod
1096 1052 1176 1082 opus
1191 1046 1327 1076 haberet
1341 1055 1458 1085 corpus
1475 1049 1559 1079 illud
1582 1050 1696 1088 hujus-

996 1089 1082 1119 modi
1097 1091 1296 1121 aromatibus
1309 1093 1453 1131 solidari‚
1464 1094 1549 1132 quod
1563 1095 1693 1126 dissolvi

996 1135 1127 1165 omnino
1150 1144 1215 1166 non
1238 1138 1384 1176 poterat,
1410 1141 1468 1168 aut.
1487 1139 1600 1170 videre
1624 1148 1694 1170 cor-

994 1180 1179 1217 ruptionem
1206 1190 1214 1211 :
1241 1182 1300 1212 scd
1320 1183 1377 1220 qui
1403 1185 1535 1222 propter
1559 1192 1616 1214 nos
1638 1186 1694 1215 Ju-

994 1223 1136 1254 daeorum
1156 1226 1250 1263 sputa
1276 1227 1451 1266 sustinuit,
1476 1230 1610 1266 propter
1634 1238 1692 1259 nos

992 1278 1117 1308 quoque
1129 1271 1277 1302 fideHum
1292 1281 1357 1302 non
1371 1274 1420 1303 est
1431 1274 1622 1312 dedignatus
1635 1284 1692 1304 un-

992 1316 1122 1352 guenta.
1135 1318 1173 1346 Et
1183 1318 1316 1347 attende
1325 1339 1335 1356 ,
1345 1319 1431 1356 quod
1442 1320 1501 1349 vix
1514 1319 1610 1350 unius
1625 1321 1690 1350 diei

991 1361 1094 1398 spatio
1106 1362 1141 1392 in
1151 1362 1284 1393 funibus
1293 1364 1326 1393 et
1341 1364 1441 1394 clavis
1453 1365 1607 1402 moratus,
1616 1374 1689 1395 cum

993 1407 1142 1438 unctione
1154 1408 1259 1438 victor
1268 1431 1278 1447 ‚
1291 1409 1325 1438 et
1338 1409 1488 1440 victurus
1501 1411 1690 1447 perenniter

990 1453 1183 1483 resurrexit.
1209 1453 1262 1484 Sic
1287 1454 1321 1485 et
1349 1455 1472 1485 electos
1499 1456 1535 1493 iu
1565 1456 1690 1486 duobus

989 1497 1151 1534 praedictis
1163 1507 1229 1528 non
1245 1499 1368 1530 diutius
1378 1500 1501 1537 patitur
1513 1501 1688 1539 immorari,

988 1542 1046 1572 scd
1071 1543 1165 1581 ungIt
1188 1552 1244 1574 eos
1271 1544 1427 1575 unctione
1458 1545 1688 1577 misericordiae.

987 1596 1071 1627 suae,
1092 1590 1131 1619 ut
1151 1588 1301 1619 crucifixi
1320 1590 1464 1628 mundo,
1489 1591 1523 1620 et
1548 1592 1688 1621 mundus·

988 1634 1074 1673 illis,
1091 1634 1160 1671 jam
1178 1635 1348 1672 resurgant
1373 1635 1408 1665 in
1429 1637 1577 1666 novitate
1592 1637 1688 1674 spiri-

987 1680 1054 1718 tus,
1078 1680 1113 1710 et
1126 1680 1236 1721 dicant
1255 1682 1350 1720 :Quis
1361 1689 1417 1715 nos
1433 1682 1589 1723 separabit
1603 1692 1623 1712 a
1635 1692 1686 1713 ca-

984 1727 1075 1756 ritate
1085 1727 1145 1756 Dei
1150 1725 1164 1755 ἓ

1024 1772 1055 1801 5.
1079 1772 1146 1801 Hoc
1167 1771 1292 1810 glutino
1308 1772 1522 1810 agglutinavit
1537 1780 1595 1803 nos
1620 1773 1683 1802 sibi

984 1816 1041 1847 ille
1073 1816 1206 1848 divinus
1238 1818 1377 1848 intuitus
1403 1826 1423 1848 a
1455 1818 1684 1848 constitutione

983 1862 1108 1900 mundi,
1119 1864 1158 1893 ut
1169 1871 1312 1893 essemus
1328 1862 1431 1893 sancti
1444 1863 1476 1893 et
1485 1863 1683 1893 immaculati

983 1907 1017 1937 in
1038 1909 1213 1946 conspectu
1234 1908 1306 1945 ejus
1326 1908 1362 1938 in
1385 1908 1534 1938 caritate.
1559 1908 1684 1938 Scimus

983 1953 1071 1983 enim
1091 1953 1169 1992 quia
1193 1953 1250 1992 qui
1273 1955 1366 1984 natus
1391 1955 1433 1983 est
1453 1963 1494 1983 ex
1513 1955 1596 1989 Deo,
1619 1962 1683 1984 ‘non

979 2000 1100 2036 peccat,
1110 1999 1183 2036 quia
1192 2000 1345 2036 generatio
1357 1997 1480 2028 coelrstts
1490 2000 1591 2028 servat
1601 2007 1680 2027 mim.

981 2044 1154 2073 Generatio
1169 2043 1311 2073 coelestis
1325 2044 1374 2073 est
1385 2044 1506 2073 aeterna
1517 2043 1684 2084 praedesti-

982 2089 1070 2118 natio
1079 2110 1089 2126 ,
1099 2096 1162 2127 qua
1174 2089 1260 2118 Deus
1274 2088 1425 2126 praevidit
1433 2096 1490 2119 nos
1501 2088 1682 2119 conformes

983 2134 1052 2163 sieri
1077 2134 1212 2172 imagini
1237 2134 1312 2163 Filii
1337 2134 1398 2164 sui.
1423 2135 1472 2163 Ex
1497 2133 1549 2164 his
1572 2135 1681 2164 nullus

983 2181 1112 2217 peccat,
1131 2180 1165 2209 id
1183 2180 1232 2210 est
1254 2180 1289 2209 in
1308 2179 1441 2218 peccato
1462 2181 1651 2217 perseverat
1670 2190 1677 2208 :

982 2225 1058 2262 quia
1075 2225 1169 2254 novit
1183 2226 1341 2254 Dominus
1356 2225 1412 2262 qui
1433 2225 1509 2254 sunt
1529 2224 1600 2261 ejus
1613 2247 1622 2262 ‚
1645 2226 1681 2254 et

982 2270 1181 2308 propositum
1199 2269 1260 2299 Dei
1280 2270 1392 2299 manet
1414 2269 1591 2298 immobile.
1613 2270 1678 2299 Etsi

983 2315 1213 2345 horrendorum
1254 2314 1427 2344 criminum
1461 2315 1537 2344 nota
1574 2315 1678 2344 David

982 2359 1138 2398 inuritur,
1155 2360 1216 2390 etsi
1239 2359 1337 2390 Maria
1351 2359 1536 2398 Magdalene
1552 2360 1676 2397 septem

981 2404 1147 2434 daemoniis
1185 2405 1387 2441 cumulatur,
1425 2404 1486 2433 etsi
1527 2405 1677 2442 princeps

980 2450 1201 2488 Apostolorum
1222 2448 1256 2478 in
1276 2449 1470 2487 profundum
1498 2448 1676 2486 negationis

979 2495 1196 2532 submergitur
1219 2503 1227 2523 ι
1258 2502 1322 2524 nou
1347 2495 1396 2523 cst
1422 2495 1532 2523 tamen
1555 2492 1610 2530 qui
1635 2492 1674 2521 de

978 2549 1077 2570 manu
1091 2540 1151 2569 Dei
1162 2540 1261 2578 possit
1275 2548 1399 2569 eruere.
1410 2540 1491 2578 Quos
1505 2539 1584 2567 enim
1596 2546 1675 2575 pru*-

978 2586 1151 2623 destinavit,
1166 2586 1219 2615 hos
1233 2586 1261 2615 et
1275 2585 1443 2623 vocavit5et
1457 2583 1674 2621 quast-ocavit,

979 2632 1032 2663 lios
1046 2633 1072 2663 el
1083 2631 1269 2669 jicstz‘ficarit.
1292 2630 1400 2661 Nonne
1417 2628 1493 2659 huic
1509 2627 1673 2663 adhaeres>¹
