1810 3073
286 213 344 242 216

283 269 394 299 doctor
407 268 534 309 depulit
547 271 695 301 umbram
718 271 907 311 ignorantiae
922 272 985 302 tuae

281 315 355 345 luce
370 315 538 354 sapientiae
552 325 629 347 suae.
642 318 703 347 Per
712 318 878 348 Justitiam
892 317 984 347 dein-

280 361 320 391 de
329 383 338 399 ,
354 370 425 400 quae
441 360 560 394 ex‘fide
575 363 640 401 est,
652 363 750 393 solvit
762 363 856 393 funes
868 371 985 401 pecca-

278 408 404 445 torum,
430 408 528 446 gratis
559 408 740 446 justificans
764 409 981 446 peccatorem.

277 453 347 490 Quo
368 454 497 492 gemino
512 453 671 483 beneficio
694 454 846 492 implevit
861 462 983 484 sermo-

277 506 355 528 nem
368 499 463 528 illum
478 500 584 529 sancti
609 498 713 528 David
730 508 738 528 ε
760 501 912 530 Dominus
923 500 982 530 sol-

276 545 317 575 vit
335 547 525 583 compeditos,
538 546 690 575 Dominus
706 545 861 575 illuminat
875 555 980 577 coecos.

274 590 408 620 Addidit
421 598 548 628 quoque
564 591 674 619 sancte
694 590 780 620 inter
794 592 981 629 peccatores

273 636 406 673 vivere,
433 636 467 665 et
497 636 542 665 sic
567 635 696 665 tradere
721 636 858 666 formam
884 638 978 676 vitae,

271 682 438 718 tamquam
453 680 515 710 viae
525 702 534 718 ,
549 688 612 718 qua
630 681 756 710 redires
771 682 811 710 ad
826 683 977 719 patriam.

270 726 321 756 Ad
336 727 501 756 cumulum
517 728 682 765 postremo
696 727 830 765 pietatis
845 729 979 759 tradidit

269 771 307 802 in
322 773 459 802 mortem
472 773 612 802 animam
627 780 734 810 suam,
747 773 780 802 et
795 773 834 803 de
850 775 978 813 proprio

270 818 375 848 latere
399 818 537 856 protulit
562 819 705 856 pretium
731 819 992 859 satisfactionis„

270 872 335 901 quo
356 864 501 901 placaret
524 864 670 900 Patrem3
692 872 752 902 per
775 865 860 901 quod
885 865 977 896 illum

269 908 368 946 plane
393 909 433 938 ad
457 917 492 938 se
515 908 715 938 versiculum
734 909 835 938 traxit
855 918 864 938 ε
888 913 977 948 Apud

269 955 441 984 Dominum
462 954 691 989 misericordia,
713 955 741 983 et
761 954 882 991 copiosa
897 958 976 994 apud

269 1008 340 1028 cum
361 1000 540 1037 redemptio.
563 999 696 1028 Prorsus
722 999 850 1036 copiosa
871 1008 879 1028 ε
901 1002 974 1039 quia

268 1052 336 1074 non
358 1045 466 1083 gutta,
483 1043 539 1074 sed
561 1044 649 1073 unda
664 1044 831 1082 sanguinis
845 1045 976 1083 largiter

739 216 769 245 S.
789 216 1024 246 BERNARDI
1046 218 1240 246 ABBATls

1020 279 1084 300 non
1107 272 1194 310 ipsos
1228 274 1436 307 crucifixores
1462 275 1543 306 tuos.
1569 277 1604 306 ln
1628 277 1726 309 odore

1019 316 1134 347 horum
1160 319 1331 349 currimus.
1347 321 1443 351 Porro
1467 322 1637 360 sapientiae
1656 324 1722 353 tuae

1017 361 1147 392 odorem
1165 371 1207 393 ex
1224 371 1263 393 eo
1278 366 1478 404 percipimus
1493 367 1581 405 quod
1596 367 1722 399 audivi-

1016 415 1105 445 mus,
1131 409 1207 446 quia
1231 409 1259 439 si
1284 410 1356 448 quis
1381 411 1509 450 indiget
1542 412 1720 451 sapientia,

1015 453 1159 490 postulet
1183 461 1255 484 eam
1280 456 1371 494 ate,
1386 456 1421 486 et
1445 457 1538 487 dabis
1553 457 1595 487 ei.
1622 457 1720 490 Aiunt

1014 498 1174 536 siquidem
1190 500 1275 538 quod
1291 501 1347 531 des
1362 502 1513 532 omnibus
1526 502 1719 541 affluenter,

1014 545 1046 573 et
1061 553 1124 574 non
1138 546 1349 584 improperes.
1362 548 1401 576 At
1415 555 1492 577 vero
1505 547 1642 585 justitiae
1655 548 1719 578 tuae

1014 590 1102 619 tanta
1128 591 1252 629 ubique
1278 591 1453 629 fragrantia
1478 592 1658 631 spargitur,
1683 593 1719 623 ut

1012 643 1075 664 non
1092 637 1196 666 solum
1209 636 1333 675 justus,
1350 637 1407 668 sed
1424 638 1524 667 etiam
1546 638 1616 676 ipsa
1630 638 1719 669 dica-

1012 680 1055 711 ris
1076 682 1202 718 J'ustitia
1215 704 1224 719 ,
1241 683 1275 713 et
1293 683 1422 720 iustitia
1434 683 1627 720 justificans.
1640 684 1717 714 Tam

1010 727 1135 757 validus
1159 728 1302 767 denique
1328 737 1362 759 es
1393 729 1433 759 ad
1454 729 1715 768 justificandum,

1009 781 1106 810 quam
1116 775 1235 804 multus
1247 774 1287 804 ad
1297 774 1541 813 ignoscendum.
1554 774 1713 811 Quamob-

1009 827 1078 848 rem
1097 820 1243 857 quisquis
1260 828 1318 857 pro
1337 821 1482 858 peccatis
1503 820 1716 858 compunctus

990 868 991 875 ¹
1009 864 1111 893 esurit
1122 865 1154 894 et
1165 865 1233 894 sitit
1245 864 1407 901 justitiam
1417 886 1426 902 ,
1440 864 1551 894 credat
1562 864 1596 894 in
1611 865 1643 894 te
1656 863 1713 902 qui

1006 908 1162 945 justificas
1177 910 1334 948 impium,
1351 911 1385 941 et
1400 911 1500 940 solam
1522 909 1714 947 justificatus

1008 963 1065 991 per
1089 955 1204 994 fidem,
1229 964 1344 994 pacem
1369 956 1507 986 habebit
1531 956 1571 985 ad
1595 957 1710 985 Deum.

1008 1000 1218 1031 Sanctitatem
1240 1009 1369 1040 quoque
1393 1001 1584 1032 suavissime
1602 1001 1636 1031 et
1658 1009 1713 1031 co-

1007 1046 1188 1082 piosissime
1210 1047 1267 1076 tua
1282 1047 1409 1076 redolet
1429 1055 1494 1076 non
1519 1047 1621 1076 solum
1637 1054 1713 1075 con—

989 1092 1166 1130 lversatio,
1192 1092 1250 1122 sed
1276 1094 1310 1123 et
1336 1093 1516 1130 conceptio.
1541 1092 1711 1122 Peccatum

267 1091 622 1172 pegqgin·((11mt3·1l‚]·arge{
637 1090 778 1165 cfzrpforis
799 1092 990 1167 emaitiavit.¹
1025 1137 1031 1142 ι
1085 1137 1114 1166 ’ὁ
1409 1138 1415 1143 .
1439 1139 1444 1143 -
1467 1138 1489 1167 t.

332 1157 340 1165 .
394 1145 425 1166 ui
488 1146 497 1165 1
524 1146 534 1166 ι
583 1144 599 1165 e
626 1145 657 1165 ui
719 1144 830 1173 acere,
858 1146 875 1166 e
912 1146 974 1168 non
1006 1145 1092 1174 siqui
1119 1146 1169 1167 em
1203 1146 1268 1167 non
1299 1146 1490 1168 commisisi
1536 1146 1597 1167 nec
1634 1146 1710 1167 con-

265 1180 371 1211 fecit?
387 1181 591 1211 llluminavit
614 1189 754 1220 caecum,
769 1182 867 1212 solvit
883 1183 974 1213 vinc-
988 1202 989 1215 l
1005 1182 1146 1212 traxisti.
1162 1183 1222 1220 Qui
1247 1192 1322 1222 ergo
1345 1160 1512 1220 justificati
1536 1192 1554 1213 a
1568 1184 1710 1221 peccatis

265 1228 359 1266 ium,
374 1228 508 1310 regu-xit
532 1221 989 1305 crroneutm,ureco1llcliliatvit=
1004 1230 1120 1303 {ectasi
1143 1229 1330 1280 desiderant
1351 1229 1707 1304 deliberadnzqitigsanc—

265 1280 373 1303 reum.
429 1282 479 1303 uis
508 1281 575 1302 non
631 1281 664 1303 os
711 1283 721 1303 1
750 1282 806 1302 um
846 1283 854 1302 1
882 1282 920 1304 en
939 1282 988 1305 er:
1020 1282 1173 1304 imoniam
1198 1284 1267 1305 sme
1300 1282 1441 1304 uanemo
1453 1283 1484 1303 vi
1509 1283 1526 1304 e
1552 1284 1561 1303 1
1613 1282 1704 1303 eum·

264 1320 365 1357 atque
381 1319 535 1349 alacriter
550 1282 674 1357 cingat,
690 1319 743 1357 qui
762 1321 794 1349 et
809 1320 848 1349 ab
864 1329 971 1350 errore
985 1304 988 1337 ¹
1003 1318 1136 1349 audiant
1159 1298 1192 1350 te
1219 1284 1411 1349 cladliantem
1435 1327 1442 1347 :
1463 1320 1571 1349 Sancti
1593 1296 1704 1354 estote}

266 1365 402 1402 liberat,
427 1366 461 1395 et
483 1366 589 1395 errata
610 1364 811 1403 dissimulat3
833 1366 889 1404 qui
915 1349 1149 1402 de-3quoniam
1173 1374 1226 1403 eqo
1250 1366 1375 1394 sanctus
1399 1373 1479 1394 sum.
1496 1363 1705 1392 Considerent

263 1410 342 1440 inde
373 1411 491 1440 merita
520 1410 661 1440 vivendo
688 1411 804 1449 tradit,
838 1395 1069 1449 praemia¹vias
1084 1412 1171 1448 tuas,
1189 1411 1222 1441 et
1247 1410 1372 1440 discant
1395 1410 1479 1446 ate,
1501 1409 1577 1447 quia
1600 1410 1705 1439 Jastus

263 1455 434 1486 moriendo
460 1456 645 1494 conquirit?
658 1457 760 1493 Quam
786 1459 970 1488 excusatio—
982 1421 986 1483 ¹
999 1457 1039 1485 sis
1054 1458 1085 1485 in
1097 1457 1236 1486 omnibus
1250 1457 1306 1486 viis
1322 1457 1398 1492 tuis,
1413 1457 1441 1485 et
1454 1456 1578 1491 sanctus
1592 1455 1624 1483 in
1638 1462 1704 1483 om-

263 1509 340 1531 nem
356 1502 455 1532 hahet
469 1502 525 1541 qui
540 1502 574 1531 in
587 1502 683 1532 odore
697 1503 813 1531 horum
826 1512 969 1542 unguen-
998 1501 1087 1531 nibus
1111 1502 1252 1539 operibus
1276 1502 1347 1531 tuis.
1372 1501 1443 1529 Jam
1469 1499 1704 1537 redemptionis

262 1549 371 1577 torum
395 1556 459 1578 non
483 1548 601 1585 currit,
617 1548 678 1578 nisi
704 1548 743 1577 ad
768 1557 865 1586 quem
885 1549 966 1580 forte
980 1572 983 1588 ,
999 1546 1075 1575 odor
1090 1546 1226 1584 quantos
1248 1554 1380 1576 currere
1404 1544 1503 1575 facIt?
1518 1546 1595 1574 Cum
1612 1544 1702 1574 exal-

261 1593 341 1623 odor
366 1595 503 1625 minime
534 1593 709 1633 pervenit?
734 1594 797 1624 Sed
821 1595 908 1626 enim
933 1597 964 1626 jn
979 1591 983 1624 l
998 1592 1075 1621 taris
1090 1600 1107 1621 a
1122 1594 1225 1629 terra,
1241 1593 1319 1622 tunc
1335 1599 1464 1629 prorsus
1480 1590 1586 1620 omnia
1601 1589 1703 1663 trapis

260 1648 390 1669 omnem
451 1649 465 1669 r
485 1649 535 1669 am
573 1665 581 1670 ,
598 1641 638 1669 'v'
734 1641 795 1669 rvi
856 1649 863 1669 :
952 1659 965 1663 -
997 1636 1036 1665 ad
1059 1636 1104 1666 tei
1131 1645 1212 1666 sum.
1228 1637 1334 1666 Passio
1357 1638 1413 1666 tua
1438 1635 1591 1665 ultimum
1612 1643 1647 1664 re
1666 1643 1702 1664 u-

261 1685 352 1715 niam
384 1642 610 1716 migeiicorssiiss
631 1640 770 1715 11ξὲιῇἳηί
796 1642 964 1724 Ῑῒιῗριιθψιοέῐ
996 1645 1289 1720 giumapSin‘a'Ulasss
1310 1682 1505 1712 remedium·
1522 1681 1701 1710 Defic'lffllfss

260 1732 367 1769 terra,
385 1734 418 1763 et
440 1732 667 1762 miserationes
689 1732 759 1769 ejus
774 1741 872 1770 super
896 1741 964 1762 om-
996 1728 1310 1766 Sflpiesstffisiusfflia
1321 1736 1386 1757 510ss
1399 1727 1595 1763 sufficiente,
1609 1735 1699 1756 sanc·

260 1776 315 1806 nia
339 1785 437 1814 opera
454 1776 536 1813 ejus.
552 1778 632 1814 Ergo
647 1777 703 1814 qui
728 1777 864 1806 vitalem
880 1763 1098 1825 hancJtitatis
1139 1773 1429 1804 succumbentibus
1464 1772 1610 1810 meritis,
1643 1773 1697 1802 illa

259 1831 402 1859 sparsam
416 1822 538 1860 ubique
553 1822 760 1860 fragrantiam
773 1831 836 1852 non
852 1824 961 1861 sentit,

260 1870 294 1897 et
309 1868 348 1897 ob
365 1868 425 1897 hoc
439 1876 503 1897 non
521 1869 641 1905 currit3
659 1868 714 1897 aut
729 1870 876 1898 mortuus
897 1870 961 1907 est,

257 1914 314 1942 aut
329 1913 470 1951 putidus.
488 1913 675 1950 Fragrantia
698 1913 782 1942 sama
805 1914 865 1943 est.
889 1915 962 1944 Per-

257 1959 350 1988 venit
361 1958 522 1996 opinionis
533 1959 611 1988 odor
620 1980 629 1995 ‚
643 1959 765 1988 excitat
777 1959 816 1988 ad
829 1967 962 1989 curren-

257 2004 334 2033 dum
344 2026 353 2042 ,
366 2004 517 2042 perducit
527 2004 567 2033 ad
577 2004 742 2034 unctionis
754 2005 961 2042 experimen-

255 2049 344 2086 tum,
372 2049 412 2079 ad
440 2049 593 2078 bravium
620 2048 767 2078 visionis.
798 2050 869 2078 Vox
897 2058 959 2080 una

253 2094 454 2133 1aetantium,
483 2095 630 2125 omnium
657 2094 922 2132 pervenientium
949 2104 957 2124 :

255 2143 340 2171 Sicut
360 2143 549 2179 audivimus,
570 2142 613 2171 sic
637 2142 767 2171 vidimus
790 2142 822 2171 in
842 2142 958 2172 civitate

253 2187 382 2215 Domini
392 2188 549 2216 virtutum.
567 2184 703 2215 Omnino
719 2186 852 2224 propter
867 2190 973 2216 man-¹

978 1829 979 1840 ¹
994 1819 1165 1850 succurrit.
1182 1819 1261 1856 Quis
1274 1819 1363 1849 enim
1379 1818 1418 1848 de
1434 1826 1490 1848 sua
1505 1818 1558 1847 vel
1570 1817 1698 1856 sapien-

976 1863 1056 1903 ³tia,
1072 1865 1124 1895 vel
1149 1865 1295 1902 justitia,
1311 1865 1365 1894 vel
1381 1864 1552 1894 sanctitate
1577 1871 1698 1901 praesu-

976 1919 978 1924 ⁸
993 1913 1060 1942 mat
1073 1911 1300 1941 sufficientiam
1321 1910 1383 1940 sibi
1399 1909 1440 1939 ad
1455 1907 1614 1939 salutem?
1627 1910 1695 1939 Non

976 1958 1071 1996 'quod
1090 1957 1289 1995 sufficientes,
1308 1955 1432 1993 inquit,
1453 1956 1548 1985 simus
1565 1955 1695 1993 coqilare

991 2004 1106 2041 aliquid
1128 2012 1148 2032 a
1164 2002 1250 2032 nobis
1278 2004 1437 2039 tamquam
1461 2010 1500 2030 ex
1520 2000 1624 2036 nobis,
1645 2001 1694 2030 sed

974 2055 975 2060 ¹
989 2049 1170 2086 sufficientia
1181 2049 1287 2077 nostra
1300 2056 1339 2076 ex
1350 2048 1415 2076 Deo
1430 2048 1484 2076 est.
1498 2046 1610 2083 Itaque
1622 2052 1693 2074 cum

991 2094 1149 2124 defecerit
1176 2093 1280 2122 virtus
1297 2101 1388 2129 mea,
1414 2100 1479 2121 nou
1505 2091 1693 2128 conturbor,

989 2149 1052 2170 non
1068 2139 1190 2169 diffido.
1207 2139 1279 2168 Scio
1301 2138 1379 2177 quid
1402 2138 1520 2168 faciam
1536 2146 1544 2166 τ
1562 2138 1692 2167 Calicem

987 2186 1133 2215 salutaris
1145 2185 1311 2222 accipiam,
1333 2186 1361 2213 et
1378 2193 1489 2213 ‘nomen
1504 2184 1632 2213 Domini
1645 2184 1693 2212 in-

252 2230 478 2268 suetudinem,
491 2240 562 2269 quae
578 2231 611 2260 in
621 2232 653 2260 te
662 2230 873 2268 praedicatur,
888 2240 957 2260 cur-
970 2232 973 2251 Ι
988 2230 1110 2260 vocabo.
1124 2229 1275 2258 Illumina
1291 2229 1399 2258 oculos
1414 2236 1520 2265 meos,
1536 2228 1690 2265 Domine,

251 2275 356 2305 rimus
370 2277 442 2314 post
457 2278 506 2314 te,
520 2276 658 2306 Domine
673 2276 750 2305 Jesu
760 2297 768 2313 ‚
785 2272 956 2307 audie‘fites
987 2277 1023 2305 ut
1038 2277 1132 2306 sciam
1145 2276 1214 2313 qnid
1227 2277 1380 2312 acceptum
1393 2275 1431 2304 sii
1446 2282 1550 2303 coram
1566 2275 1592 2303 tc
1607 2275 1691 2302 omni

251 2321 338 2359 quod
352 2330 415 2351 non
439 2330 570 2359 spernas
594 2329 790 2360 pauperem,
806 2323 956 2359 peccato-
988 2323 1137 2359 tempore,
1155 2321 1186 2349 et
1199 2320 1326 2357 sapiens
1348 2328 1430 2349 sum.
1446 2320 1566 2349 Delicta
1581 2319 1689 2356 jucen-

249 2374 321 2396 rem
334 2375 397 2396 non
406 2367 547 2397 horreas.
558 2368 626 2396 Non
635 2366 787 2396 horruisti
803 2368 954 2398 confiten-
987 2369 1058 2397 lutis
1076 2375 1149 2396 meae
1159 2388 1168 2402 ,
1188 2368 1215 2395 ct
1230 2367 1421 2404 ianm-antias
1434 2374 1518 2394 ineas
1532 2374 1570 2394 ne
1584 2365 1689 2394 memi-

251 2414 319 2442 icm
342 2413 518 2450 latronem,
533 2420 598 2442 non
621 2413 855 2450 lacrymantem
878 2422 969 2451 pec-¹
985 2414 1084 2449 neris,
1101 2414 1134 2442 et
1156 2411 1262 2448 justus
1277 2420 1359 2441 sum.
1377 2412 1481 2441 Deduc
1496 2420 1543 2440 me
1558 2410 1687 2440 Domine

250 2457 491 2495 catricem,non
504 2458 689 2487 Cananaeam
703 2435 968 2497 supplicantem‚¹
985 2460 1017 2488 in
1037 2460 1088 2488 via
1112 2460 1184 2493 tua,
1211 2458 1245 2487 ct
1260 2458 1390 2486 sanctus
1419 2465 1502 2485 sum.
1519 2455 1689 2484 Verumta-

250 2511 315 2532 non
330 2503 565 2541 deprehensam
581 2503 615 2532 in
629 2503 806 2540 adulterio,
823 2512 886 2533 non
902 2513 952 2534 se-
985 2512 1060 2533 men
1075 2503 1138 2533 nisi
1165 2502 1354 2541 interpellet
1379 2501 1510 2539 sanguis
1534 2501 1608 2530 tuus
1628 2506 1685 2537 pro

248 2548 383 2579 dentem
404 2549 439 2579 in
463 2549 602 2587 telonio,
619 2558 685 2579 non
712 2550 950 2588 supplicantem

247 2593 477 2632 Publicanum,
503 2603 569 2625 non
594 2594 769 2633 negantem
801 2594 952 2632 Discipu-

248 2640 334 2680 ium,
357 2649 420 2671 non
436 2642 679 2681 persecutorem
705 2640 949 2681 discipulorum,

985 2558 1055 2587 me,
1078 2549 1185 2578 salvus
1208 2556 1272 2577 non
1294 2556 1376 2577 sum.
1392 2548 1451 2576 Pro
1474 2546 1525 2576 his
1540 2544 1687 2575 omnibus

985 2595 1144 2624 currimus
1169 2595 1242 2632 post
1265 2596 1299 2623 te
1324 2602 1332 2622 :
1359 2593 1488 2624 dimitte
1512 2600 1585 2629 nos,
1609 2590 1685 2628 quia

986 2641 1158 2671 clamamus
1172 2640 1243 2678 post
1258 2639 1304 2669 te.
