1846 3078
579 224 623 251 ΙΝ
649 222 852 251 CANTICA
873 221 1023 250 SERMo
1044 223 1147 251 LXX.

140 280 194 311 tiae
209 280 359 318 spiritum
371 300 381 317 ,
397 278 453 308 scd
469 279 501 307 et
522 277 577 316 qui
594 286 652 316 per
667 277 765 307 fidem
785 276 837 307 vi-

139 326 213 361 det,
229 326 257 355 si
271 325 344 363 quis
358 324 465 362 ipsum
481 331 608 361 quoque
626 323 710 353 dicat
724 322 837 352 videre

139 372 172 400 in
185 371 302 409 spiritu
315 391 324 407 ,
340 369 421 399 1111111
436 377 500 398 11011
516 369 647 398 videtur
662 376 783 398 errare.

179 418 209 447 5.
225 417 272 445 lta
287 423 362 454 ergo
375 415 460 454 quod
472 415 513 445 ad
523 415 595 444 lilia
615 413 818 444 descendere
828 433 838 450 ‚

139 464 173 493 ct
196 462 282 492 inter
302 462 373 491 lilia
395 461 484 499 pasci
504 460 654 498 dignatus
669 459 719 490 est
739 459 767 490 is
782 459 839 497 qui

137 516 248 538 omnes
260 507 541 546 pascit,‹lilectu1n
553 506 632 536 fecit
646 506 753 542 illum,
763 504 839 542 quia

136 562 201 583 non
215 554 324 592 potuit
347 553 423 584 ante
449 552 561 591 diligi,
578 559 674 590 quam
695 549 837 589 agnosci.

135 601 180 630 Ac
201 608 261 638 per
285 600 346 629 hoc
370 607 445 630 cum
473 599 514 628 (10
539 598 662 628 dilecto
684 597 770 627 facta
791 596 840 626 est

135 646 260 676 mentio
268 667 277 682 ,
287 645 399 683 pulcre
413 645 446 675 et
458 644 542 674 illud
552 643 767 673 memoratum
778 642 838 679 est,

135 691 223 729 quod
248 690 433 721 dilectionis
454 691 488 720 et
508 688 687 727 agnitionis
711 686 839 717 exstitit

135 745 242 767 causa.
256 735 434 774 Quaerenda
446 735 481 765 111
493 733 610 773 spiritu
623 732 758 763 refectio
770 732 839 761 haec

136 783 222 812 inter
235 782 306 812 lilia
322 791 330 811 ε
344 789 419 811 113111
435 787 623 818 corpoream
638 777 780 815 cogitare
792 777 840 806 ri-

135 827 281 858 diculum
293 827 353 857 est.
369 826 454 863 Quin
468 825 538 863 ipsa
562 823 634 853 lilia
656 822 838 861 spiritualia

136 871 183 910 (si
197 872 330 910 quidem
345 868 568 909 potuerimus)
591 868 838 899 demonstranda

133 925 154 947 a
166 917 260 948 nobis
275 917 382 947 erunt.
401 917 482 947 Puto
504 916 565 946 hoc
581 923 710 954 quoque
729 914 837 944 dicere

132 970 192 993 nos
206 963 381 1001 oportebit,
398 962 486 993 unde
502 962 588 992 inter
607 961 677 991 lilia
689 961 839 998 pascatur

134 1009 300 1047 Dilectus,
322 1009 445 1038 liliisne
466 1007 567 1046 ipsis,
589 1015 631 1036 an
655 1007 728 1036 aliis
753 1006 839 1036 inter

134 1055 205 1084 lilia
225 1054 402 1085 reconditis
425 1054 536 1084 herbis
558 1054 612 1083 vel
634 1051 839 1082 floribus?Et

135 1101 170 1130 in
194 1100 245 1130 his
266 1100 349 1130 illud
371 1100 454 1130 mihi
480 1099 649 1129 difficilius
680 1097 835 1136 apparet,

133 1146 220 1184 quod
241 1146 354 1184 pasci,
381 1153 447 1176 non
471 1153 605 1183 pascere
630 1143 836 1182 perhibetur.

133 1192 212 1221 Nam
227 1191 304 1229 quia
327 1191 438 1229 pascat
451 1190 588 1220 dubium
603 1196 668 1218 non
692 1188 759 1226 est,
775 1196 836 1217 nec

134 1237 222 1266 enim
244 1236 415 1274 indignum
438 1236 469 1266 ei
485 1244 494 1265 ε
510 1236 544 1265 at
564 1234 671 1273 pasci,
686 1233 839 1271 indigen-

133 1282 214 1312 tiam
228 1283 321 1312 sonat
331 1304 340 1320 ,
358 1284 393 1312 et
406 1290 448 1312 ne
463 1281 680 1320 spiritualiter
703 1279 837 1317 quidem

133 1328 204 1359 sine
220 1329 340 1366 injuria
360 1327 539 1365 majestatis
560 1327 657 1357 facile
678 1325 729 1355 1111
744 1333 836 1363 posse

135 1374 292 1413 assignari
304 1374 450 1405 videtur.
474 1374 539 1403 Nec
552 1381 610 1411 ego
625 1380 703 1403 sane
727 1379 838 1401 recor-

134 1418 192 1449 dor
210 1428 312 1458 usque
328 1420 424 1450 modo
445 1419 623 1449 advertisse
649 1426 701 1447 me
718 1417 752 1446 in
777 1417 836 1446 hoc

133 1464 265 1495 Cantico
279 1466 409 1504 pastum
425 1465 552 1503 uspiam
566 1463 749 1502 perhiberi,
763 1470 836 1492 cum

134 1511 321 1551 pascentem
354 1511 433 1549 puto
464 1509 686 1540 recordemini
716 1508 750 1537 et
780 1516 836 1538 vos

133 1565 276 1588 mecum.
306 1556 455 1595 Denique
483 1556 660 1594 postulavit
687 1554 750 1585 sibi
777 1554 837 1583 ali-

133 1603 262 1642 quando
288 1601 501 1632 demonstrari
515 1623 524 1640 ,
546 1600 604 1630 ubi
635 1600 670 1630 in
699 1599 836 1629 meridie

132 1649 283 1687 pasceret
304 1648 338 1678 et
362 1646 509 1676 cubaret.
530 1646 570 1675 Et
592 1653 679 1675 nunc
704 1644 836 1683 quidem

135 1693 242 1733 (quod
253 1693 394 1723 necdum
406 1689 553 1730 dixerat)
566 1690 721 1729 perhibet
735 1690 836 1728 pasci,

134 1739 192 1769 sed
213 1747 279 1768 non
299 1737 453 1768 similiter
474 1736 616 1775 postulat
631 1736 738 1765 locum
749 1735 838 1765 indi-

134 1784 201 1815 cari
219 1784 302 1822 sibi3
318 1783 376 1814 sed
397 1782 466 1820 ipsa
487 1782 631 1819 indicat,
654 1780 835 1819 assignans,

134 1835 215 1864 inter
235 1833 314 1864 lilia.
326 1831 424 1862 Novit
439 1831 499 1861 hoc
510 1853 520 1869 ,
543 1830 626 1860 illud
640 1839 705 1860 non
719 1830 811 1861 novit
827 1839 835 1859 ε

134 1879 211 1917 quia
224 1886 315 1916 aeque
327 1878 444 1916 praesto
461 1885 531 1907 esse
549 1884 614 1906 non
630 1876 736 1914 potest
751 1876 837 1915 quod

135 1925 275 1954 sublime
291 1924 324 1954 et
339 1924 374 1953 in
388 1923 520 1953 sublimi
536 1922 602 1960 est,
619 1923 652 1952 et
666 1923 752 1960 quod
775 1923 836 1952 hu-

135 1970 214 2000 mile
230 1971 263 2000 et
283 1978 382 2008 super
406 1970 541 1999 terram.
568 1968 714 1998 Sublime
738 1977 835 2007 opus,

134 2016 284 2046 sublimis
299 2016 332 2046 et
346 2017 434 2046 locus
450 2024 458 2045 ε
474 2024 534 2045 1100
547 2023 694 2046 accessus
708 2015 749 2045 ad
761 2023 835 2045 eum

135 2070 238 2101 usque
254 2062 359 2092 adhuc
373 2062 427 2092 vel
442 2061 504 2100 ipsi
517 2070 652 2100 sponsae.

175 2107 207 2138 [ι.
237 2108 276 2137 Et
301 2108 376 2138 ideo
404 2108 617 2146 semetipsum
653 2107 837 2138 exinanivit

134 2162 238 2192 nsque
253 2153 292 2183 ad
307 2153 367 2183 hoc
380 2174 390 2191 ,
412 2154 448 2183 ut
463 2154 651 2192 pasceretur
675 2153 744 2191 ipse
767 2161 837 2183 om-

134 2201 226 2231 nium
238 2200 365 2238 past0r3
381 2199 415 2229 et
426 2199 578 2229 inventus
591 2200 638 2229 est
653 2199 738 2229 inter
754 2199 835 2237 lilia,

135 2246 169 2276 et
181 2246 270 2276 visus
290 2245 330 2274 ab
351 2244 512 2283 Ecclesia,
534 2244 699 2274 adamatus
722 2245 770 2274 est
795 2245 835 2274 ab

137 2292 234 2329 inope
258 2298 401 2328 pauper,
424 2290 528 2321 factus
548 2290 687 2320 dilectus
704 2292 837 2328 propter

137 2336 399 2368 similitudinem.
424 2336 493 2365 Non
507 2337 611 2366 solum
636 2338 763 2375 autem,
780 2338 837 2367 sed

137 2383 171 2414 et
184 2382 318 2421 propter
341 2380 516 2411 veritatem
532 2403 542 2419 ,
556 2382 589 2411 et
613 2383 836 2413 mansuetudi-

135 2436 232 2466 nem,
249 2428 284 2458 et
295 2426 456 2464 justitiam
474 2435 481 2455 :
498 2427 583 2465 quod
605 2435 664 2464 per
679 2436 753 2457 eum
774 2428 837 2458 sci-

136 2474 216 2504 licet
227 2473 455 2512 promissiones
463 2473 647 2511 adimpletae
656 2475 744 2512 sunt,
752 2475 837 2512 quod

137 2522 328 2560 iniquitates
339 2521 482 2551 remissae
497 2521 591 2559 sunt,
606 2521 693 2560 quod
704 2523 837 2560 superbi

136 2568 300 2599 daemones
309 2575 375 2598 una
387 2576 460 2598 cum
472 2567 621 2606 principe
633 2576 689 2598 suo
699 2567 836 2606 judicati

136 2615 226 2645 sunt.
248 2613 335 2644 Talis
360 2621 436 2652 ergo
461 2613 612 2651 apparuit
639 2613 695 2652 qui
720 2614 837 2646 merito

139 2660 317 2698 amaretur,
335 2667 433 2689 verax
449 2667 506 2698 pro
520 2668 570 2698 se,
587 2659 674 2690 mitis
695 2660 837 2691 homini-
853 2686 856 2691 .

1505 228 1559 259 53³

872 275 929 307 bus
942 299 951 315 ‚
981 277 1088 314 justus
1122 285 1179 315 pro
1211 278 1404 311 hominibus.
1431 286 1455 312 0
1487 293 1563 314 vere

870 322 1043 352 amandum
1059 323 1093 352 et
1116 323 1192 353 totis
1206 325 1358 353 medullis
1378 328 1481 357 cordis
1496 337 1564 358 am-

870 367 1079 404 plectendum
1094 368 1270 406 Sponsum!
1282 370 1366 406 Quid
1378 371 1443 406 jam
1468 382 1564 403 cunc-

871 414 959 443 tetur
973 415 1119 444 Ecclesia
1134 415 1235 444 totam
1257 423 1291 444 se
1306 415 1373 445 tota
1395 416 1564 447 dev0t101122

871 458 1074 489 committere
1086 459 1153 489 tam
1168 458 1231 489 fido
1246 458 1422 496 redditori,
1433 460 1499 490 tam
1513 463 1566 499 pio

872 503 1050 542 indultori,
1086 504 1152 534 tam
1193 504 1281 542 justo
1319 507 1568 542 propugnatori?

870 550 966 579 Porro
987 549 1189 589 praemiserat
1212 550 1392 589 Propheta,
1421 549 1533 579 dicens
1559 560 1568 579 z

871 595 972 632 Specie
1010 597 1063 625 tna
1086 597 1114 626 et
1137 597 1342 634 pulcritudine
1366 597 1420 626 tua
1451 596 1570 624 intende

867 649 1021 678 prospere.
1041 641 1132 671 Unde
1155 642 1281 679 species
1306 641 1374 671 haec
1391 641 1423 670 et
1446 640 1571 679 pulcri-

870 685 966 715 tudo?
985 686 1066 716 Puto
1081 695 1124 716 ex
1139 687 1229 717 liliis.
1253 687 1339 724 Quid
1359 686 1429 717 lilio
1444 686 1572 725 specio-

869 729 959 760 sius?
977 731 1024 761 sic
1045 732 1129 761 nihil
1150 732 1320 763 formosius
1335 733 1469 771 Sponso.
1493 733 1571 769 Quae

869 777 945 806 sunt
965 785 1040 814 ergo
1062 778 1119 807 1113
1143 779 1237 816 11113,
1262 786 1280 808 0
1305 779 1424 816 quibus
1444 779 1572 817 species

869 821 994 852 (1000115
1006 823 1096 861 ejus?
1116 826 1268 861 Procede,
1288 824 1415 862 inquit,
1431 827 1459 854 et
1473 834 1571 863 requio

869 869 991 916 propter
1003 871 1163 900 veritatem
1174 892 1183 908 ,
1201 872 1229 901 et
1242 871 1508 901 mansuetudinem
1516 892 1526 907 ,
1541 872 1572 900 ct

867 913 1031 946 justitiam.
1055 914 1137 944 Lilia
1166 915 1261 953 sunt,
1295 915 1366 944 lilia
1378 937 1388 953 ,
1419 914 1570 953 inquam,

869 957 938 987 orta
964 958 1004 989 de
1018 960 1127 997 terra,
1152 960 1293 990 nitentia
1314 969 1413 998 super
1429 961 1570 998 terram,

870 1005 1048 1035 eminentia
1061 1006 1094 1035 in
1113 1005 1248 1036 floribus
1263 1007 1376 1044 terrae,
1394 1006 1569 1044 fragrantia

868 1058 966 1087 super
973 1051 1103 1081 odorem
1115 1053 1305 1082 aromatum.
1314 1054 1391 1090 Ergo
1405 1053 1490 1082 inter
1501 1053 1570 1083 haec

870 1095 938 1125 lilia
963 1096 1126 1136 Sponsus,
1149 1100 1182 1128 et
1203 1099 1334 1128 omniuo
1361 1107 1403 1128 ex
1426 1099 1477 1128 his
1499 1108 1572 1137 spe-

869 1141 975 1172 ciosus
1000 1143 1033 1173 et
1060 1144 1209 1182 pulcher.
1238 1145 1323 1174 Alias
1353 1144 1440 1174 enim
1463 1142 1571 1183 (quod

868 1188 1001 1225 quidem
1019 1190 1058 1220 ad
1074 1190 1181 1220 carnis
1198 1190 1324 1220 1111111113
1343 1190 1490 1230 spectat)
1505 1199 1570 1221 11011

869 1235 938 1264 erat
954 1236 984 1265 ei
1002 1238 1127 1274 species
1140 1245 1245 1274 neque
1261 1237 1368 1266 decor.

908 1282 938 1311 5.
955 1283 1078 1312 Bonum
1094 1284 1204 1313 autem
1218 1283 1325 1312 lilium
1337 1283 1458 1313 veritas
1469 1305 1478 1321 ,
1493 1292 1570 1314 can-

869 1327 945 1357 dore
972 1329 1205 1367 conspicuum,
1227 1328 1324 1359 odore
1350 1329 1568 1367 praecipuum3

869 1373 1009 1412 denique
1025 1374 1143 1404 candor
1153 1376 1201 1404 est
1212 1374 1295 1404 lucis
1310 1376 1452 1412 aeternae,
1465 1374 1572 1412 splen-

869 1419 926 1449 dor
952 1421 985 1450 et
1009 1421 1111 1458 figura
1139 1421 1327 1450 substantiae
1349 1421 1422 1450 Dei.
1448 1422 1569 1451 Lilium

869 1467 964 1503 plane
975 1488 985 1505 ,
1001 1466 1087 1504 quod
1108 1467 1148 1496 ad
1170 1475 1288 1496 novam
1305 1466 1570 1498 benedictionem

868 1513 955 1541 terra
979 1513 1087 1542 nostra
1104 1512 1282 1551 produxit,
1305 1513 1338 1542 et
1353 1513 1480 1550 paravit
1495 1515 1570 1544 ante

868 1556 985 1587 faciem
1009 1558 1154 1588 omnium
1170 1558 1383 1597 populorum,
1400 1559 1511 1589 lumen
1530 1561 1572 1590 ad

868 1605 1103 1634 revelationem
1119 1604 1278 1642 gentium.
1296 1605 1405 1633 Donec
1421 1605 1480 1634 sub
1503 1614 1572 1635 ma-

869 1650 988 1680 ledicto
1015 1651 1079 1680 fuit
1103 1651 1209 1687 terra,
1237 1650 1347 1687 spinas
1375 1650 1408 1679 et
1432 1650 1571 1681 tribulos

868 1696 1072 1733 germinavit.
1098 1696 1138 1725 At
1164 1703 1251 1724 nunc
1276 1695 1403 1724 Veritas
1419 1695 1459 1725 (10
1482 1696 1570 1728 terra

869 1743 937 1772 orta
953 1743 1000 1772 est
1013 1741 1149 1771 Domino
1162 1740 1390 1779 benedicente,
1404 1743 1570 1780 speciosus

869 1787 999 1817 omnino
1025 1787 1158 1826 quidam
1183 1785 1242 1816 flos
1266 1787 1390 1824 campi,
1407 1788 1568 1819 etlilium

869 1833 1076 1863 convallium.
1089 1832 1231 1870 Agnosce
1241 1832 1346 1861 lilium
1360 1840 1402 1861 cx
1417 1833 1567 1871 candore,

869 1880 923 1918 qui
949 1888 1026 1909 mox
1042 1879 1075 1908 in
1095 1879 1164 1917 ipso
1188 1877 1305 1908 exortu
1322 1877 1410 1907 floris
1430 1879 1569 1917 pastori-

869 1926 928 1954 bus
944 1925 984 1954 (10
1009 1925 1104 1954 nocte
1132 1923 1284 1960 emicuit,
1307 1923 1438 1953 dicente
1464 1925 1568 1955 Evan-

869 1971 953 2010 gelio
964 1993 972 2009 ,
989 1971 1064 2009 quia
1079 1971 1213 2009 Anqelus
1232 1970 1361 2000 Domini
1375 1970 1456 1999 stetit
1470 1970 1569 2008 juxta

869 2019 952 2054 ilias,
973 2019 1001 2047 et
1033 2018 1159 2047 claritas
1181 2016 1240 2046 Dei
1263 2015 1462 2052 circumfalsst
1487 2017 1568 2047 illos.

869 2065 955 2094 Bene
980 2064 1060 2100 Dei,
1084 2062 1160 2101 quia
1182 2069 1246 2090 non
1267 2060 1404 2098 Angeli,
1419 2061 1477 2091 sed
1505 2062 1569 2092 lilii

869 2110 998 2141 candor.
1015 2110 1074 2139 Ille
1099 2107 1230 2144 aderat,
1254 2106 1311 2136 sed
1332 2106 1413 2136 illud
1428 2107 1570 2139 micabat

869 2158 908 2187 ab
924 2164 1026 2195 usque
1049 2154 1231 2184 Bethleem.
1246 2152 1388 2190 Agnosce
1413 2152 1520 2183 lilium
1537 2155 1570 2185 et

870 2212 912 2233 ex
927 2203 1024 2232 odore
1035 2224 1044 2240 ,
1064 2209 1127 2239 quo
1140 2200 1173 2230 et
1187 2200 1280 2236 longe
1296 2197 1410 2236 positis
1425 2198 1570 2231 innotuit

870 2250 977 2287 Magis.
994 2249 1032 2278 Et
1045 2247 1178 2286 quidem
1193 2246 1286 2275 stella
1308 2244 1461 2282 apparuit
1481 2253 1490 2274 ε
1511 2247 1569 2276 scd

870 2304 940 2326 eam
952 2294 1087 2324 minime
1099 2292 1163 2323 viri
1178 2299 1291 2330 graves
1300 2290 1405 2320 secuti
1418 2290 1566 2330 fuissent,

870 2341 931 2371 nisi
956 2340 1071 2371 intima
1096 2338 1234 2377 quadam
1255 2336 1478 2366 suaveolentia
1506 2338 1569 2369 orti

870 2387 931 2417 lilii
946 2386 1165 2417 traherentur.
1178 2383 1217 2412 Et
1227 2390 1306 2413 vere
1317 2381 1422 2411 lilium
1434 2382 1567 2421 veritas,

871 2433 963 2470 cujus
978 2432 1056 2462 odor
1075 2429 1197 2460 animat
1219 2428 1334 2464 fidem,
1350 2427 1501 2464 splendor
1515 2428 1564 2457 in-

870 2479 1039 2509 tellectum
1055 2475 1230 2506 illuminat.
1244 2475 1329 2503 Leva
1341 2472 1439 2502 etiam
1459 2473 1568 2503 oculos

870 2533 955 2555 nunc
979 2525 1015 2553 in
1039 2523 1140 2560 ipsam
1157 2526 1325 2559 personam
1339 2516 1487 2553 Domini,
1510 2517 1566 2555 qui

872 2572 905 2600 111
916 2569 1091 2607 Evangelio
1106 2566 1248 2605 loquitur
1262 2565 1344 2600 :qu
1358 2570 1427 2592 sum
1441 2563 1564 2593 veritas.

871 2617 909 2646 Et
927 2616 999 2646 vide
1015 2622 1111 2652 quam
1128 2610 1351 2649 competenter
1361 2607 1480 2638 veritas
1495 2609 1566 2639 lilio

873 2662 1088 2699 comparetur.
1105 2658 1137 2687 Si
1154 2664 1215 2685 non
1233 2652 1416 2693 advertisti,
1431 2652 1563 2685 adverte
