<?xml version="1.0" encoding="UTF-8"?>
<!DOCTYPE html PUBLIC "-//W3C//DTD XHTML 1.0 Transitional//EN"
    "http://www.w3.org/TR/xhtml1/DTD/xhtml1-transitional.dtd">
<html xmlns="http://www.w3.org/1999/xhtml" xml:lang="en" lang="en">
 <head>
  <title>
</title>
<meta http-equiv="Content-Type" content="text/html;charset=utf-8" />
  <meta name='ocr-system' content='tesseract 3.04.00' />
  <meta name='ocr-capabilities' content='ocr_page ocr_carea ocr_par ocr_line ocrx_word'/>
</head>
<body>
  <div class='ocr_page' id='page_1' title='image "./operagenuinajuxt03bernuoft/operagenuinajuxt03bernuoft_0359.png"; bbox 0 0 1846 3078; ppageno 0'>
   <div class='ocr_carea' id='block_1_1' title="bbox 553 195 1108 225">
    <p class='ocr_par' dir='ltr' id='par_1_1' title="bbox 553 195 1108 225">
     <span class='ocr_line' id='line_1_1' title="bbox 553 195 1108 225; baseline 0 0"><span class='ocrx_word' id='word_1_1' title='bbox 553 198 596 225; x_wconf 82' lang='lat' dir='ltr'>IN</span> <span class='ocrx_word' id='word_1_2' title='bbox 622 196 826 225; x_wconf 70' lang='lat' dir='ltr'>CANTICA</span> <span class='ocrx_word' id='word_1_3' title='bbox 846 195 997 224; x_wconf 82' lang='lat' dir='ltr'>SERMO</span> <span class='ocrx_word' id='word_1_4' title='bbox 1018 196 1108 225; x_wconf 77' lang='lat' dir='ltr'>LXI.</span> 
     </span>
    </p>
   </div>
   <div class='ocr_carea' id='block_1_2' title="bbox 85 247 813 2471">
    <p class='ocr_par' dir='ltr' id='par_1_2' title="bbox 85 247 813 1197">
     <span class='ocr_line' id='line_1_2' title="bbox 117 247 810 286; baseline -0.004 -6"><span class='ocrx_word' id='word_1_5' title='bbox 117 249 194 281; x_wconf 74' lang='lat' dir='ltr'>vilis</span> <span class='ocrx_word' id='word_1_6' title='bbox 208 251 314 283; x_wconf 81' lang='lat' dir='ltr'>tamen</span> <span class='ocrx_word' id='word_1_7' title='bbox 335 248 389 281; x_wconf 81' lang='lat' dir='ltr'>aut</span> <span class='ocrx_word' id='word_1_8' title='bbox 404 247 636 280; x_wconf 83' lang='lat' dir='ltr'>contemnenda</span> <span class='ocrx_word' id='word_1_9' title='bbox 650 248 810 286; x_wconf 84' lang='lat' dir='ltr'>posterio-</span> 
     </span>
     <span class='ocr_line' id='line_1_3' title="bbox 118 293 809 334; baseline -0.003 -9"><span class='ocrx_word' id='word_1_10' title='bbox 118 305 190 326; x_wconf 88' lang='lat' dir='ltr'>rum</span> <span class='ocrx_word' id='word_1_11' title='bbox 199 295 435 334; x_wconf 74' lang='lat' dir='ltr'>contemplatio.</span> <span class='ocrx_word' id='word_1_12' title='bbox 448 294 637 325; x_wconf 83' lang='lat' dir='ltr'>contemnat</span> <span class='ocrx_word' id='word_1_13' title='bbox 648 293 809 324; x_wconf 84' lang='lat' dir='ltr'>Herodes:</span> 
     </span>
     <span class='ocr_line' id='line_1_4' title="bbox 118 339 810 380; baseline -0.004 -9"><span class='ocrx_word' id='word_1_14' title='bbox 118 350 176 380; x_wconf 81' lang='lat' dir='ltr'>ego</span> <span class='ocrx_word' id='word_1_15' title='bbox 188 342 278 373; x_wconf 83' lang='lat' dir='ltr'>tanto</span> <span class='ocrx_word' id='word_1_16' title='bbox 291 341 391 379; x_wconf 78' lang='lat' dir='ltr'>magis</span> <span class='ocrx_word' id='word_1_17' title='bbox 411 349 476 370; x_wconf 88' lang='lat' dir='ltr'>non</span> <span class='ocrx_word' id='word_1_18' title='bbox 488 340 678 379; x_wconf 77' lang='lat' dir='ltr'>contemno,</span> <span class='ocrx_word' id='word_1_19' title='bbox 690 339 810 378; x_wconf 89' lang='lat' dir='ltr'>quanto</span> 
     </span>
     <span class='ocr_line' id='line_1_5' title="bbox 118 385 812 425; baseline -0.001 -10"><span class='ocrx_word' id='word_1_20' title='bbox 118 387 218 425; x_wconf 88' lang='lat' dir='ltr'>magis</span> <span class='ocrx_word' id='word_1_21' title='bbox 237 386 518 425; x_wconf 79' lang='lat' dir='ltr'>contemptibilem</span> <span class='ocrx_word' id='word_1_22' title='bbox 532 395 566 417; x_wconf 90' lang='lat' dir='ltr'>se</span> <span class='ocrx_word' id='word_1_23' title='bbox 583 385 725 416; x_wconf 84' lang='lat' dir='ltr'>ostendit</span> <span class='ocrx_word' id='word_1_24' title='bbox 749 385 812 414; x_wconf 89' lang='lat' dir='ltr'>He-</span> 
     </span>
     <span class='ocr_line' id='line_1_6' title="bbox 116 431 813 471; baseline -0.001 -10"><span class='ocrx_word' id='word_1_25' title='bbox 116 433 197 462; x_wconf 88' lang='lat' dir='ltr'>rodi.</span> <span class='ocrx_word' id='word_1_26' title='bbox 218 432 346 463; x_wconf 84' lang='lat' dir='ltr'>Habent</span> <span class='ocrx_word' id='word_1_27' title='bbox 357 432 455 462; x_wconf 87' lang='lat' dir='ltr'>etiam</span> <span class='ocrx_word' id='word_1_28' title='bbox 470 431 593 471; x_wconf 88' lang='lat' dir='ltr'>aliquid</span> <span class='ocrx_word' id='word_1_29' title='bbox 609 432 642 461; x_wconf 87' lang='lat' dir='ltr'>et</span> <span class='ocrx_word' id='word_1_30' title='bbox 655 431 813 470; x_wconf 87' lang='lat' dir='ltr'>posterio-</span> 
     </span>
     <span class='ocr_line' id='line_1_7' title="bbox 115 475 811 516; baseline -0.001 -11"><span class='ocrx_word' id='word_1_31' title='bbox 115 485 150 506; x_wconf 90' lang='lat' dir='ltr'>ra</span> <span class='ocrx_word' id='word_1_32' title='bbox 171 477 300 507; x_wconf 89' lang='lat' dir='ltr'>Domini</span> <span class='ocrx_word' id='word_1_33' title='bbox 319 478 406 516; x_wconf 89' lang='lat' dir='ltr'>quod</span> <span class='ocrx_word' id='word_1_34' title='bbox 420 478 533 508; x_wconf 88' lang='lat' dir='ltr'>videre</span> <span class='ocrx_word' id='word_1_35' title='bbox 555 477 708 508; x_wconf 88' lang='lat' dir='ltr'>delectet.</span> <span class='ocrx_word' id='word_1_36' title='bbox 733 475 811 513; x_wconf 86' lang='lat' dir='ltr'>Quis</span> 
     </span>
     <span class='ocr_line' id='line_1_8' title="bbox 113 521 811 561; baseline -0.001 -10"><span class='ocrx_word' id='word_1_37' title='bbox 113 522 174 552; x_wconf 88' lang='lat' dir='ltr'>scit</span> <span class='ocrx_word' id='word_1_38' title='bbox 187 522 215 552; x_wconf 89' lang='lat' dir='ltr'>si</span> <span class='ocrx_word' id='word_1_39' title='bbox 233 523 441 553; x_wconf 90' lang='lat' dir='ltr'>convertatur</span> <span class='ocrx_word' id='word_1_40' title='bbox 455 524 488 554; x_wconf 87' lang='lat' dir='ltr'>et</span> <span class='ocrx_word' id='word_1_41' title='bbox 503 523 646 561; x_wconf 78' lang='lat' dir='ltr'>ignoscat</span> <span class='ocrx_word' id='word_1_42' title='bbox 659 523 764 558; x_wconf 81' lang='lat' dir='ltr'>DeuS,</span> <span class='ocrx_word' id='word_1_43' title='bbox 778 521 811 551; x_wconf 89' lang='lat' dir='ltr'>et</span> 
     </span>
     <span class='ocr_line' id='line_1_9' title="bbox 113 566 812 607; baseline -0.001 -10"><span class='ocrx_word' id='word_1_44' title='bbox 113 568 275 607; x_wconf 86' lang='lat' dir='ltr'>relinquat</span> <span class='ocrx_word' id='word_1_45' title='bbox 298 569 369 606; x_wconf 87' lang='lat' dir='ltr'>post</span> <span class='ocrx_word' id='word_1_46' title='bbox 390 578 424 600; x_wconf 81' lang='lat' dir='ltr'>se</span> <span class='ocrx_word' id='word_1_47' title='bbox 445 566 730 599; x_wconf 71' lang='lat' dir='ltr'>benedictionem?</span> <span class='ocrx_word' id='word_1_48' title='bbox 745 566 812 596; x_wconf 89' lang='lat' dir='ltr'>Erit</span> 
     </span>
     <span class='ocr_line' id='line_1_10' title="bbox 113 612 811 651; baseline -0.003 -9"><span class='ocrx_word' id='word_1_49' title='bbox 113 620 188 643; x_wconf 89' lang='lat' dir='ltr'>cum</span> <span class='ocrx_word' id='word_1_50' title='bbox 215 614 363 644; x_wconf 85' lang='lat' dir='ltr'>ostendet</span> <span class='ocrx_word' id='word_1_51' title='bbox 390 615 508 644; x_wconf 87' lang='lat' dir='ltr'>faciem</span> <span class='ocrx_word' id='word_1_52' title='bbox 536 622 626 644; x_wconf 86' lang='lat' dir='ltr'>suam</span> <span class='ocrx_word' id='word_1_53' title='bbox 638 635 647 651; x_wconf 89' lang='lat'>,</span> <span class='ocrx_word' id='word_1_54' title='bbox 674 613 707 643; x_wconf 86' lang='lat' dir='ltr'>et</span> <span class='ocrx_word' id='word_1_55' title='bbox 728 612 811 642; x_wconf 86' lang='lat' dir='ltr'>salvi</span> 
     </span>
     <span class='ocr_line' id='line_1_11' title="bbox 113 658 811 698; baseline -0.001 -11"><span class='ocrx_word' id='word_1_56' title='bbox 113 659 245 690; x_wconf 86' lang='lat' dir='ltr'>erimus.</span> <span class='ocrx_word' id='word_1_57' title='bbox 262 660 324 690; x_wconf 87' lang='lat' dir='ltr'>Sed</span> <span class='ocrx_word' id='word_1_58' title='bbox 339 660 470 690; x_wconf 81' lang='lat' dir='ltr'>interim</span> <span class='ocrx_word' id='word_1_59' title='bbox 494 659 674 698; x_wconf 84' lang='lat' dir='ltr'>praeveniat</span> <span class='ocrx_word' id='word_1_60' title='bbox 699 666 756 687; x_wconf 91' lang='lat' dir='ltr'>nos</span> <span class='ocrx_word' id='word_1_61' title='bbox 778 658 811 687; x_wconf 93' lang='lat' dir='ltr'>in</span> 
     </span>
     <span class='ocr_line' id='line_1_12' title="bbox 111 703 809 743; baseline 0 -10"><span class='ocrx_word' id='word_1_62' title='bbox 111 704 395 735; x_wconf 82' lang='lat' dir='ltr'>benedictionibus</span> <span class='ocrx_word' id='word_1_63' title='bbox 404 705 676 743; x_wconf 89' lang='lat' dir='ltr'>dulcedinis,illis</span> <span class='ocrx_word' id='word_1_64' title='bbox 684 703 809 742; x_wconf 83' lang='lat' dir='ltr'>utique,</span> 
     </span>
     <span class='ocr_line' id='line_1_13' title="bbox 112 749 809 790; baseline -0.001 -11"><span class='ocrx_word' id='word_1_65' title='bbox 112 759 190 788; x_wconf 86' lang='lat' dir='ltr'>quas</span> <span class='ocrx_word' id='word_1_66' title='bbox 198 752 269 790; x_wconf 87' lang='lat' dir='ltr'>post</span> <span class='ocrx_word' id='word_1_67' title='bbox 284 760 317 780; x_wconf 90' lang='lat' dir='ltr'>se</span> <span class='ocrx_word' id='word_1_68' title='bbox 329 751 515 789; x_wconf 88' lang='lat' dir='ltr'>relinquere</span> <span class='ocrx_word' id='word_1_69' title='bbox 527 749 707 780; x_wconf 87' lang='lat' dir='ltr'>consuevit.</span> <span class='ocrx_word' id='word_1_70' title='bbox 720 749 809 778; x_wconf 91' lang='lat' dir='ltr'>Nunc</span> 
     </span>
     <span class='ocr_line' id='line_1_14' title="bbox 85 794 809 835; baseline -0.003 -9"><span class='ocrx_word' id='word_1_71' title='bbox 85 794 89 814; x_wconf 72' lang='lat'><strong><em>⁷</em></strong></span> <span class='ocrx_word' id='word_1_72' title='bbox 112 796 306 835; x_wconf 78' lang='lat' dir='ltr'>dignationis</span> <span class='ocrx_word' id='word_1_73' title='bbox 321 804 386 826; x_wconf 80' lang='lat' dir='ltr'>suae</span> <span class='ocrx_word' id='word_1_74' title='bbox 401 796 577 833; x_wconf 79' lang='lat' dir='ltr'>posteriora</span> <span class='ocrx_word' id='word_1_75' title='bbox 595 795 809 832; x_wconf 77' lang='lat' dir='ltr'>demonstret,</span> 
     </span>
     <span class='ocr_line' id='line_1_15' title="bbox 110 839 809 878; baseline -0.001 -8"><span class='ocrx_word' id='word_1_76' title='bbox 110 842 188 871; x_wconf 83' lang='lat' dir='ltr'>alias</span> <span class='ocrx_word' id='word_1_77' title='bbox 210 842 245 870; x_wconf 89' lang='lat' dir='ltr'>in</span> <span class='ocrx_word' id='word_1_78' title='bbox 264 841 366 878; x_wconf 86' lang='lat' dir='ltr'>gloria</span> <span class='ocrx_word' id='word_1_79' title='bbox 392 840 558 878; x_wconf 79' lang='lat' dir='ltr'>dignitatis</span> <span class='ocrx_word' id='word_1_80' title='bbox 579 839 696 870; x_wconf 88' lang='lat' dir='ltr'>faciem</span> <span class='ocrx_word' id='word_1_81' title='bbox 719 848 809 871; x_wconf 87' lang='lat' dir='ltr'>suam</span> 
     </span>
     <span class='ocr_line' id='line_1_16' title="bbox 111 886 810 925; baseline 0.001 -9"><span class='ocrx_word' id='word_1_82' title='bbox 111 886 400 916; x_wconf 79' lang='lat' dir='ltr'>demonstraturus.</span> <span class='ocrx_word' id='word_1_83' title='bbox 410 887 566 917; x_wconf 85' lang='lat' dir='ltr'>Sublimis</span> <span class='ocrx_word' id='word_1_84' title='bbox 578 887 611 917; x_wconf 89' lang='lat' dir='ltr'>in</span> <span class='ocrx_word' id='word_1_85' title='bbox 624 895 722 925; x_wconf 87' lang='lat' dir='ltr'>regno</span> <span class='ocrx_word' id='word_1_86' title='bbox 731 909 740 925; x_wconf 94' lang='lat'>,</span> <span class='ocrx_word' id='word_1_87' title='bbox 753 887 810 917; x_wconf 88' lang='lat' dir='ltr'>sed</span> 
     </span>
     <span class='ocr_line' id='line_1_17' title="bbox 109 932 810 971; baseline 0.003 -10"><span class='ocrx_word' id='word_1_88' title='bbox 109 932 216 963; x_wconf 89' lang='lat' dir='ltr'>suavis</span> <span class='ocrx_word' id='word_1_89' title='bbox 228 932 262 961; x_wconf 93' lang='lat' dir='ltr'>in</span> <span class='ocrx_word' id='word_1_90' title='bbox 279 940 385 962; x_wconf 91' lang='lat' dir='ltr'>cruce.</span> <span class='ocrx_word' id='word_1_91' title='bbox 402 933 438 961; x_wconf 94' lang='lat' dir='ltr'>In</span> <span class='ocrx_word' id='word_1_92' title='bbox 454 933 513 962; x_wconf 88' lang='lat' dir='ltr'>hac</span> <span class='ocrx_word' id='word_1_93' title='bbox 526 941 578 963; x_wconf 89' lang='lat' dir='ltr'>me</span> <span class='ocrx_word' id='word_1_94' title='bbox 590 933 715 963; x_wconf 81' lang='lat' dir='ltr'>visione</span> <span class='ocrx_word' id='word_1_95' title='bbox 726 942 810 971; x_wconf 86' lang='lat' dir='ltr'>prae-</span> 
     </span>
     <span class='ocr_line' id='line_1_18' title="bbox 114 977 810 1017; baseline 0.004 -11"><span class='ocrx_word' id='word_1_96' title='bbox 114 977 239 1014; x_wconf 75' lang='lat' dir='ltr'>veniat,</span> <span class='ocrx_word' id='word_1_97' title='bbox 262 977 296 1006; x_wconf 94' lang='lat' dir='ltr'>in</span> <span class='ocrx_word' id='word_1_98' title='bbox 323 977 380 1006; x_wconf 84' lang='lat' dir='ltr'>illa</span> <span class='ocrx_word' id='word_1_99' title='bbox 407 977 594 1016; x_wconf 87' lang='lat' dir='ltr'>adimpleat.</span> <span class='ocrx_word' id='word_1_100' title='bbox 624 979 810 1017; x_wconf 72' lang='lat' dir='ltr'>Aclimplcbis</span> 
     </span>
     <span class='ocr_line' id='line_1_19' title="bbox 109 1022 809 1063; baseline 0.003 -11"><span class='ocrx_word' id='word_1_101' title='bbox 109 1031 177 1060; x_wconf 83' lang='lat' dir='ltr'>mc,</span> <span class='ocrx_word' id='word_1_102' title='bbox 194 1022 258 1060; x_wconf 88' lang='lat' dir='ltr'>ait,</span> <span class='ocrx_word' id='word_1_103' title='bbox 280 1024 386 1052; x_wconf 75' lang='lat' dir='ltr'>loetlte&#39;a</span> <span class='ocrx_word' id='word_1_104' title='bbox 397 1032 466 1052; x_wconf 77' lang='lat' dir='ltr'>cum</span> <span class='ocrx_word' id='word_1_105' title='bbox 484 1024 572 1053; x_wconf 69' lang='lat' dir='ltr'>vulta</span> <span class='ocrx_word' id='word_1_106' title='bbox 586 1025 650 1054; x_wconf 79' lang='lat' dir='ltr'>tuo.</span> <span class='ocrx_word' id='word_1_107' title='bbox 668 1025 809 1063; x_wconf 86' lang='lat' dir='ltr'>Utraque</span> 
     </span>
     <span class='ocr_line' id='line_1_20' title="bbox 109 1068 809 1106; baseline 0.001 -8"><span class='ocrx_word' id='word_1_108' title='bbox 109 1068 190 1098; x_wconf 91' lang='lat' dir='ltr'>visio</span> <span class='ocrx_word' id='word_1_109' title='bbox 206 1069 373 1105; x_wconf 89' lang='lat' dir='ltr'>salutaris,</span> <span class='ocrx_word' id='word_1_110' title='bbox 389 1069 526 1106; x_wconf 83' lang='lat' dir='ltr'>utraque</span> <span class='ocrx_word' id='word_1_111' title='bbox 543 1069 671 1099; x_wconf 87' lang='lat' dir='ltr'>suavis:</span> <span class='ocrx_word' id='word_1_112' title='bbox 688 1069 744 1099; x_wconf 91' lang='lat' dir='ltr'>sed</span> <span class='ocrx_word' id='word_1_113' title='bbox 754 1070 809 1100; x_wconf 93' lang='lat' dir='ltr'>illa</span> 
     </span>
     <span class='ocr_line' id='line_1_21' title="bbox 107 1114 810 1151; baseline 0.004 -8"><span class='ocrx_word' id='word_1_114' title='bbox 107 1114 142 1144; x_wconf 88' lang='lat' dir='ltr'>in</span> <span class='ocrx_word' id='word_1_115' title='bbox 158 1114 357 1144; x_wconf 88' lang='lat' dir='ltr'>sublimitate</span> <span class='ocrx_word' id='word_1_116' title='bbox 369 1136 378 1151; x_wconf 94' lang='lat'>,</span> <span class='ocrx_word' id='word_1_117' title='bbox 395 1114 456 1143; x_wconf 89' lang='lat' dir='ltr'>ista</span> <span class='ocrx_word' id='word_1_118' title='bbox 474 1114 508 1143; x_wconf 92' lang='lat' dir='ltr'>in</span> <span class='ocrx_word' id='word_1_119' title='bbox 524 1115 709 1145; x_wconf 89' lang='lat' dir='ltr'>humilitate</span> <span class='ocrx_word' id='word_1_120' title='bbox 728 1123 737 1146; x_wconf 74' lang='grc' dir='ltr'><strong><em>ι</em></strong></span> <span class='ocrx_word' id='word_1_121' title='bbox 753 1116 810 1147; x_wconf 90' lang='lat' dir='ltr'>illa</span> 
     </span>
     <span class='ocr_line' id='line_1_22' title="bbox 107 1158 686 1197; baseline 0.005 -9"><span class='ocrx_word' id='word_1_122' title='bbox 107 1158 141 1188; x_wconf 91' lang='lat' dir='ltr'>in</span> <span class='ocrx_word' id='word_1_123' title='bbox 153 1159 340 1197; x_wconf 80' lang='lat' dir='ltr'>splendore,</span> <span class='ocrx_word' id='word_1_124' title='bbox 357 1160 425 1189; x_wconf 86' lang='lat' dir='ltr'>haec</span> <span class='ocrx_word' id='word_1_125' title='bbox 440 1159 474 1188; x_wconf 91' lang='lat' dir='ltr'>in</span> <span class='ocrx_word' id='word_1_126' title='bbox 488 1160 610 1197; x_wconf 89' lang='lat' dir='ltr'>pallore</span> <span class='ocrx_word' id='word_1_127' title='bbox 626 1161 686 1191; x_wconf 88' lang='lat' dir='ltr'>est.</span> 
     </span>
    </p>

    <p class='ocr_par' dir='ltr' id='par_1_3' title="bbox 101 1204 811 2471">
     <span class='ocr_line' id='line_1_23' title="bbox 149 1204 811 1243; baseline 0.006 -10"><span class='ocrx_word' id='word_1_128' title='bbox 149 1205 179 1234; x_wconf 89' lang='lat'>7.</span> <span class='ocrx_word' id='word_1_129' title='bbox 193 1204 340 1242; x_wconf 86' lang='lat' dir='ltr'>Denique</span> <span class='ocrx_word' id='word_1_130' title='bbox 352 1204 477 1242; x_wconf 85' lang='lat' dir='ltr'>inquit,</span> <span class='ocrx_word' id='word_1_131' title='bbox 493 1206 534 1234; x_wconf 82' lang='lat' dir='ltr'>Et</span> <span class='ocrx_word' id='word_1_132' title='bbox 543 1207 714 1243; x_wconf 80' lang='lat' dir='ltr'>posteriora</span> <span class='ocrx_word' id='word_1_133' title='bbox 728 1207 811 1237; x_wconf 83' lang='lat' dir='ltr'>dorsi</span> 
     </span>
     <span class='ocr_line' id='line_1_24' title="bbox 109 1250 808 1289; baseline 0.003 -9"><span class='ocrx_word' id='word_1_134' title='bbox 109 1250 174 1288; x_wconf 81' lang='lat' dir='ltr'>ejus</span> <span class='ocrx_word' id='word_1_135' title='bbox 188 1251 221 1280; x_wconf 84' lang='lat' dir='ltr'>in</span> <span class='ocrx_word' id='word_1_136' title='bbox 243 1251 361 1289; x_wconf 77' lang='lat' dir='ltr'>pallore</span> <span class='ocrx_word' id='word_1_137' title='bbox 389 1252 472 1280; x_wconf 76' lang='lat' dir='ltr'>auri.</span> <span class='ocrx_word' id='word_1_138' title='bbox 501 1251 667 1288; x_wconf 81' lang='lat' dir='ltr'>Quomodo</span> <span class='ocrx_word' id='word_1_139' title='bbox 694 1260 759 1282; x_wconf 91' lang='lat' dir='ltr'>non</span> <span class='ocrx_word' id='word_1_140' title='bbox 775 1252 808 1282; x_wconf 90' lang='lat' dir='ltr'>in</span> 
     </span>
     <span class='ocr_line' id='line_1_25' title="bbox 106 1296 809 1336; baseline 0.004 -11"><span class='ocrx_word' id='word_1_141' title='bbox 106 1296 210 1326; x_wconf 87' lang='lat' dir='ltr'>morte</span> <span class='ocrx_word' id='word_1_142' title='bbox 237 1296 415 1334; x_wconf 79' lang='lat' dir='ltr'>pallescat?</span> <span class='ocrx_word' id='word_1_143' title='bbox 431 1296 494 1326; x_wconf 89' lang='lat' dir='ltr'>Sed</span> <span class='ocrx_word' id='word_1_144' title='bbox 531 1297 650 1327; x_wconf 88' lang='lat' dir='ltr'>melius</span> <span class='ocrx_word' id='word_1_145' title='bbox 682 1299 809 1336; x_wconf 91' lang='lat' dir='ltr'>pallens</span> 
     </span>
     <span class='ocr_line' id='line_1_26' title="bbox 107 1339 809 1380; baseline 0.003 -10"><span class='ocrx_word' id='word_1_146' title='bbox 107 1347 350 1378; x_wconf 82' lang='lat' dir='ltr'>aurum,quam</span> <span class='ocrx_word' id='word_1_147' title='bbox 374 1339 501 1378; x_wconf 81' lang='lat' dir='ltr'>fulgens</span> <span class='ocrx_word' id='word_1_148' title='bbox 520 1341 758 1380; x_wconf 83' lang='lat' dir='ltr'>aurichalcum,</span> <span class='ocrx_word' id='word_1_149' title='bbox 777 1344 809 1373; x_wconf 89' lang='lat' dir='ltr'>et</span> 
     </span>
     <span class='ocr_line' id='line_1_27' title="bbox 107 1385 809 1426; baseline 0.006 -11"><span class='ocrx_word' id='word_1_150' title='bbox 107 1385 195 1423; x_wconf 86' lang='lat' dir='ltr'>quod</span> <span class='ocrx_word' id='word_1_151' title='bbox 222 1386 358 1416; x_wconf 87' lang='lat' dir='ltr'>stultum</span> <span class='ocrx_word' id='word_1_152' title='bbox 379 1386 428 1415; x_wconf 88' lang='lat' dir='ltr'>est</span> <span class='ocrx_word' id='word_1_153' title='bbox 452 1387 530 1424; x_wconf 81' lang='lat' dir='ltr'>Dei,</span> <span class='ocrx_word' id='word_1_154' title='bbox 560 1387 739 1426; x_wconf 87' lang='lat' dir='ltr'>sapientius</span> <span class='ocrx_word' id='word_1_155' title='bbox 760 1390 809 1419; x_wconf 90' lang='lat' dir='ltr'>est</span> 
     </span>
     <span class='ocr_line' id='line_1_28' title="bbox 107 1431 808 1470; baseline 0.006 -10"><span class='ocrx_word' id='word_1_156' title='bbox 107 1431 304 1461; x_wconf 89' lang='lat' dir='ltr'>hominibus.</span> <span class='ocrx_word' id='word_1_157' title='bbox 317 1432 439 1461; x_wconf 85' lang='lat' dir='ltr'>Aurum</span> <span class='ocrx_word' id='word_1_158' title='bbox 450 1432 591 1462; x_wconf 87' lang='lat' dir='ltr'>Verbum</span> <span class='ocrx_word' id='word_1_159' title='bbox 601 1455 610 1470; x_wconf 84' lang='lat'>,</span> <span class='ocrx_word' id='word_1_160' title='bbox 622 1441 737 1463; x_wconf 87' lang='lat' dir='ltr'>aurum</span> <span class='ocrx_word' id='word_1_161' title='bbox 752 1435 808 1464; x_wconf 83' lang='lat' dir='ltr'>Sa-</span> 
     </span>
     <span class='ocr_line' id='line_1_29' title="bbox 105 1477 807 1516; baseline 0.007 -10"><span class='ocrx_word' id='word_1_162' title='bbox 105 1477 229 1515; x_wconf 85' lang='lat' dir='ltr'>pientia</span> <span class='ocrx_word' id='word_1_163' title='bbox 245 1478 303 1507; x_wconf 87' lang='lat' dir='ltr'>est.</span> <span class='ocrx_word' id='word_1_164' title='bbox 320 1478 386 1507; x_wconf 88' lang='lat' dir='ltr'>Hoc</span> <span class='ocrx_word' id='word_1_165' title='bbox 396 1486 509 1508; x_wconf 89' lang='lat' dir='ltr'>aurum</span> <span class='ocrx_word' id='word_1_166' title='bbox 524 1478 734 1516; x_wconf 85' lang='lat' dir='ltr'>semetipsum</span> <span class='ocrx_word' id='word_1_167' title='bbox 750 1480 807 1511; x_wconf 89' lang='lat' dir='ltr'>de-</span> 
     </span>
     <span class='ocr_line' id='line_1_30' title="bbox 105 1523 807 1564; baseline 0.006 -13"><span class='ocrx_word' id='word_1_168' title='bbox 105 1523 278 1560; x_wconf 88' lang='lat' dir='ltr'>coloravit,</span> <span class='ocrx_word' id='word_1_169' title='bbox 294 1523 494 1553; x_wconf 86' lang='lat' dir='ltr'>abscondens</span> <span class='ocrx_word' id='word_1_170' title='bbox 516 1523 737 1555; x_wconf 77' lang='lat' dir='ltr'>formam&#39;Dei</span> <span class='ocrx_word' id='word_1_171' title='bbox 749 1547 758 1564; x_wconf 89' lang='lat'>,</span> <span class='ocrx_word' id='word_1_172' title='bbox 774 1526 807 1556; x_wconf 90' lang='lat' dir='ltr'>et</span> 
     </span>
     <span class='ocr_line' id='line_1_31' title="bbox 103 1567 807 1606; baseline 0.007 -10"><span class='ocrx_word' id='word_1_173' title='bbox 103 1567 239 1597; x_wconf 87' lang='lat' dir='ltr'>formam</span> <span class='ocrx_word' id='word_1_174' title='bbox 264 1567 349 1597; x_wconf 89' lang='lat' dir='ltr'>servi</span> <span class='ocrx_word' id='word_1_175' title='bbox 370 1568 584 1606; x_wconf 81' lang='lat' dir='ltr'>praetendens.</span> <span class='ocrx_word' id='word_1_176' title='bbox 603 1570 807 1602; x_wconf 83' lang='lat' dir='ltr'>Decoloravit</span> 
     </span>
     <span class='ocr_line' id='line_1_32' title="bbox 104 1613 806 1651; baseline 0.007 -9"><span class='ocrx_word' id='word_1_177' title='bbox 104 1613 139 1642; x_wconf 91' lang='lat' dir='ltr'>et</span> <span class='ocrx_word' id='word_1_178' title='bbox 153 1613 345 1651; x_wconf 85' lang='lat' dir='ltr'>Ecclesiam,</span> <span class='ocrx_word' id='word_1_179' title='bbox 360 1622 431 1651; x_wconf 86' lang='lat' dir='ltr'>quae</span> <span class='ocrx_word' id='word_1_180' title='bbox 446 1613 512 1643; x_wconf 88' lang='lat' dir='ltr'>ait:</span> <span class='ocrx_word' id='word_1_181' title='bbox 530 1615 629 1645; x_wconf 75' lang='lat' dir='ltr'>Nolite</span> <span class='ocrx_word' id='word_1_182' title='bbox 645 1625 691 1645; x_wconf 81' lang='lat' dir='ltr'>me</span> <span class='ocrx_word' id='word_1_183' title='bbox 707 1618 806 1647; x_wconf 81' lang='lat' dir='ltr'>consi-</span> 
     </span>
     <span class='ocr_line' id='line_1_33' title="bbox 103 1658 806 1698; baseline 0.007 -11"><span class='ocrx_word' id='word_1_184' title='bbox 103 1658 211 1688; x_wconf 77' lang='lat' dir='ltr'>derare</span> <span class='ocrx_word' id='word_1_185' title='bbox 227 1660 305 1697; x_wconf 79' lang='lat' dir='ltr'>qnod</span> <span class='ocrx_word' id='word_1_186' title='bbox 332 1659 419 1697; x_wconf 76' lang='lat' dir='ltr'>fusca</span> <span class='ocrx_word' id='word_1_187' title='bbox 443 1661 520 1696; x_wconf 79' lang='lat' dir='ltr'>sim,</span> <span class='ocrx_word' id='word_1_188' title='bbox 537 1661 610 1698; x_wconf 74' lang='lat' dir='ltr'>quia</span> <span class='ocrx_word' id='word_1_189' title='bbox 624 1662 806 1693; x_wconf 72' lang='lat' dir='ltr'>decoloravit</span> 
     </span>
     <span class='ocr_line' id='line_1_34' title="bbox 103 1704 806 1745; baseline 0.007 -13"><span class='ocrx_word' id='word_1_190' title='bbox 103 1712 151 1733; x_wconf 81' lang='lat' dir='ltr'>mc</span> <span class='ocrx_word' id='word_1_191' title='bbox 166 1705 221 1734; x_wconf 82' lang='lat' dir='ltr'>sol.</span> <span class='ocrx_word' id='word_1_192' title='bbox 238 1706 318 1742; x_wconf 85' lang='lat' dir='ltr'>Ergo</span> <span class='ocrx_word' id='word_1_193' title='bbox 335 1705 367 1734; x_wconf 91' lang='lat' dir='ltr'>et</span> <span class='ocrx_word' id='word_1_194' title='bbox 382 1704 559 1742; x_wconf 83' lang='lat' dir='ltr'>posteriora</span> <span class='ocrx_word' id='word_1_195' title='bbox 575 1705 675 1743; x_wconf 89' lang='lat' dir='ltr'>ipsius</span> <span class='ocrx_word' id='word_1_196' title='bbox 691 1706 725 1736; x_wconf 91' lang='lat' dir='ltr'>in</span> <span class='ocrx_word' id='word_1_197' title='bbox 736 1708 806 1745; x_wconf 84' lang='lat' dir='ltr'>pal-</span> 
     </span>
     <span class='ocr_line' id='line_1_35' title="bbox 105 1747 806 1787; baseline 0.009 -10"><span class='ocrx_word' id='word_1_198' title='bbox 105 1747 173 1778; x_wconf 84' lang='lat' dir='ltr'>lore</span> <span class='ocrx_word' id='word_1_199' title='bbox 203 1749 294 1786; x_wconf 87' lang='lat' dir='ltr'>auri,</span> <span class='ocrx_word' id='word_1_200' title='bbox 320 1758 391 1787; x_wconf 85' lang='lat' dir='ltr'>quae</span> <span class='ocrx_word' id='word_1_201' title='bbox 416 1749 543 1780; x_wconf 81' lang='lat' dir='ltr'>fuscum</span> <span class='ocrx_word' id='word_1_202' title='bbox 580 1759 646 1781; x_wconf 91' lang='grc'><strong>11011</strong></span> <span class='ocrx_word' id='word_1_203' title='bbox 674 1752 806 1784; x_wconf 86' lang='lat' dir='ltr'>erubuit</span> 
     </span>
     <span class='ocr_line' id='line_1_36' title="bbox 103 1794 805 1838; baseline 0.007 -15"><span class='ocrx_word' id='word_1_204' title='bbox 103 1794 226 1832; x_wconf 59' lang='lat' dir='ltr'>trucis,</span> <span class='ocrx_word' id='word_1_205' title='bbox 243 1796 402 1825; x_wconf 89' lang='lat' dir='ltr'>ustionem</span> <span class='ocrx_word' id='word_1_206' title='bbox 418 1795 576 1833; x_wconf 83' lang='lat' dir='ltr'>passionis</span> <span class='ocrx_word' id='word_1_207' title='bbox 587 1804 652 1826; x_wconf 91' lang='lat' dir='ltr'>non</span> <span class='ocrx_word' id='word_1_208' title='bbox 665 1797 805 1838; x_wconf 80' lang='lat' dir='ltr'>horruit,</span> 
     </span>
     <span class='ocr_line' id='line_1_37' title="bbox 105 1839 805 1881; baseline 0.009 -13"><span class='ocrx_word' id='word_1_209' title='bbox 105 1839 243 1870; x_wconf 76' lang='lat' dir='ltr'>livorem</span> <span class='ocrx_word' id='word_1_210' title='bbox 265 1842 438 1871; x_wconf 84' lang='lat' dir='ltr'>vulnerum</span> <span class='ocrx_word' id='word_1_211' title='bbox 464 1849 529 1871; x_wconf 91' lang='lat' dir='ltr'>non</span> <span class='ocrx_word' id='word_1_212' title='bbox 546 1842 677 1881; x_wconf 81' lang='lat' dir='ltr'>refugit.</span> <span class='ocrx_word' id='word_1_213' title='bbox 701 1844 805 1874; x_wconf 83' lang='lat' dir='ltr'>Etiam</span> 
     </span>
     <span class='ocr_line' id='line_1_38' title="bbox 103 1886 805 1926; baseline 0.007 -11"><span class='ocrx_word' id='word_1_214' title='bbox 103 1886 283 1924; x_wconf 83' lang='lat' dir='ltr'>complacet</span> <span class='ocrx_word' id='word_1_215' title='bbox 307 1887 369 1916; x_wconf 88' lang='lat' dir='ltr'>sibi</span> <span class='ocrx_word' id='word_1_216' title='bbox 385 1887 419 1917; x_wconf 93' lang='lat' dir='ltr'>in</span> <span class='ocrx_word' id='word_1_217' title='bbox 442 1887 524 1925; x_wconf 87' lang='lat' dir='ltr'>illis,</span> <span class='ocrx_word' id='word_1_218' title='bbox 545 1888 578 1918; x_wconf 84' lang='lat' dir='ltr'>et</span> <span class='ocrx_word' id='word_1_219' title='bbox 592 1889 681 1926; x_wconf 82' lang='lat' dir='ltr'>optat</span> <span class='ocrx_word' id='word_1_220' title='bbox 696 1890 805 1920; x_wconf 89' lang='lat' dir='ltr'>novis-</span> 
     </span>
     <span class='ocr_line' id='line_1_39' title="bbox 102 1931 804 1967; baseline 0.01 -7"><span class='ocrx_word' id='word_1_221' title='bbox 102 1931 185 1961; x_wconf 87' lang='lat' dir='ltr'>sima</span> <span class='ocrx_word' id='word_1_222' title='bbox 208 1940 264 1962; x_wconf 89' lang='lat' dir='ltr'>sua</span> <span class='ocrx_word' id='word_1_223' title='bbox 286 1932 354 1963; x_wconf 83' lang='lat' dir='ltr'>fore</span> <span class='ocrx_word' id='word_1_224' title='bbox 383 1933 499 1963; x_wconf 92' lang='lat' dir='ltr'>horum</span> <span class='ocrx_word' id='word_1_225' title='bbox 520 1933 652 1964; x_wconf 90' lang='lat' dir='ltr'>similia.</span> <span class='ocrx_word' id='word_1_226' title='bbox 683 1936 804 1967; x_wconf 86' lang='lat' dir='ltr'>Idcirco</span> 
     </span>
     <span class='ocr_line' id='line_1_40' title="bbox 104 1976 805 2019; baseline 0.01 -13"><span class='ocrx_word' id='word_1_227' title='bbox 104 1976 246 2016; x_wconf 87' lang='lat' dir='ltr'>denique</span> <span class='ocrx_word' id='word_1_228' title='bbox 257 1978 347 2008; x_wconf 86' lang='lat' dir='ltr'>audit</span> <span class='ocrx_word' id='word_1_229' title='bbox 363 1987 370 2007; x_wconf 93' lang='lat'>:</span> <span class='ocrx_word' id='word_1_230' title='bbox 386 1979 534 2010; x_wconf 77' lang='lat' dir='ltr'>Columba</span> <span class='ocrx_word' id='word_1_231' title='bbox 551 1989 621 2011; x_wconf 80' lang='lat' dir='ltr'>mea</span> <span class='ocrx_word' id='word_1_232' title='bbox 633 1982 664 2010; x_wconf 78' lang='lat' dir='ltr'>in</span> <span class='ocrx_word' id='word_1_233' title='bbox 675 1982 805 2019; x_wconf 80' lang='lat' dir='ltr'>forami-</span> 
     </span>
     <span class='ocr_line' id='line_1_41' title="bbox 104 2023 804 2062; baseline 0.01 -10"><span class='ocrx_word' id='word_1_234' title='bbox 104 2023 195 2054; x_wconf 74' lang='lat' dir='ltr'>nibus</span> <span class='ocrx_word' id='word_1_235' title='bbox 206 2026 318 2062; x_wconf 63' lang='grc' dir='ltr'>μείνω,</span> <span class='ocrx_word' id='word_1_236' title='bbox 330 2025 414 2062; x_wconf 88' lang='lat' dir='ltr'>quod</span> <span class='ocrx_word' id='word_1_237' title='bbox 429 2025 464 2054; x_wconf 93' lang='lat' dir='ltr'>in</span> <span class='ocrx_word' id='word_1_238' title='bbox 483 2026 600 2056; x_wconf 89' lang='lat' dir='ltr'>Christi</span> <span class='ocrx_word' id='word_1_239' title='bbox 617 2028 804 2060; x_wconf 85' lang='lat' dir='ltr'>vulneribus</span> 
     </span>
     <span class='ocr_line' id='line_1_42' title="bbox 101 2067 804 2111; baseline 0.01 -14"><span class='ocrx_word' id='word_1_240' title='bbox 101 2067 169 2097; x_wconf 87' lang='lat' dir='ltr'>tota</span> <span class='ocrx_word' id='word_1_241' title='bbox 184 2068 355 2099; x_wconf 87' lang='lat' dir='ltr'>devotione</span> <span class='ocrx_word' id='word_1_242' title='bbox 381 2070 545 2108; x_wconf 83' lang='lat' dir='ltr'>versetur,</span> <span class='ocrx_word' id='word_1_243' title='bbox 561 2071 594 2101; x_wconf 94' lang='lat' dir='ltr'>et</span> <span class='ocrx_word' id='word_1_244' title='bbox 607 2071 677 2111; x_wconf 88' lang='lat' dir='ltr'>jugi</span> <span class='ocrx_word' id='word_1_245' title='bbox 699 2074 804 2104; x_wconf 88' lang='lat' dir='ltr'>medi-</span> 
     </span>
     <span class='ocr_line' id='line_1_43' title="bbox 102 2114 805 2159; baseline 0.011 -17"><span class='ocrx_word' id='word_1_246' title='bbox 102 2114 226 2144; x_wconf 80' lang='lat' dir='ltr'>tatione</span> <span class='ocrx_word' id='word_1_247' title='bbox 242 2115 428 2145; x_wconf 84' lang='lat' dir='ltr'>demoretur</span> <span class='ocrx_word' id='word_1_248' title='bbox 441 2116 475 2146; x_wconf 92' lang='lat' dir='ltr'>in</span> <span class='ocrx_word' id='word_1_249' title='bbox 492 2117 568 2147; x_wconf 90' lang='lat' dir='ltr'>illis.</span> <span class='ocrx_word' id='word_1_250' title='bbox 586 2118 664 2149; x_wconf 88' lang='lat' dir='ltr'>Inde</span> <span class='ocrx_word' id='word_1_251' title='bbox 682 2121 805 2159; x_wconf 88' lang='lat' dir='ltr'>marty-</span> 
     </span>
     <span class='ocr_line' id='line_1_44' title="bbox 102 2159 804 2201; baseline 0.011 -13"><span class='ocrx_word' id='word_1_252' title='bbox 102 2159 145 2189; x_wconf 85' lang='lat' dir='ltr'>rii</span> <span class='ocrx_word' id='word_1_253' title='bbox 167 2160 355 2198; x_wconf 71' lang='lat' dir='ltr'>tolerantia,</span> <span class='ocrx_word' id='word_1_254' title='bbox 371 2161 447 2191; x_wconf 88' lang='lat' dir='ltr'>inde</span> <span class='ocrx_word' id='word_1_255' title='bbox 473 2161 522 2191; x_wconf 93' lang='lat' dir='ltr'>illi</span> <span class='ocrx_word' id='word_1_256' title='bbox 546 2171 660 2201; x_wconf 87' lang='lat' dir='ltr'>magna</span> <span class='ocrx_word' id='word_1_257' title='bbox 687 2165 804 2196; x_wconf 88' lang='lat' dir='ltr'>fiducia</span> 
     </span>
     <span class='ocr_line' id='line_1_45' title="bbox 101 2206 804 2250; baseline 0.013 -16"><span class='ocrx_word' id='word_1_258' title='bbox 101 2206 189 2244; x_wconf 83' lang='lat' dir='ltr'>apud</span> <span class='ocrx_word' id='word_1_259' title='bbox 213 2207 317 2237; x_wconf 87' lang='lat' dir='ltr'>Deum</span> <span class='ocrx_word' id='word_1_260' title='bbox 339 2207 549 2238; x_wconf 73' lang='lat' dir='ltr'>Altis-simum.</span> <span class='ocrx_word' id='word_1_261' title='bbox 565 2210 633 2239; x_wconf 89' lang='lat' dir='ltr'>Non</span> <span class='ocrx_word' id='word_1_262' title='bbox 657 2211 804 2250; x_wconf 89' lang='lat' dir='ltr'>estquod</span> 
     </span>
     <span class='ocr_line' id='line_1_46' title="bbox 101 2251 803 2296; baseline 0.011 -17"><span class='ocrx_word' id='word_1_263' title='bbox 101 2251 252 2281; x_wconf 83' lang='lat' dir='ltr'>vereatur</span> <span class='ocrx_word' id='word_1_264' title='bbox 264 2253 381 2291; x_wconf 76' lang='lat' dir='ltr'>Martyr</span> <span class='ocrx_word' id='word_1_265' title='bbox 393 2262 589 2293; x_wconf 79' lang='lat' dir='ltr'>exsanguem</span> <span class='ocrx_word' id='word_1_266' title='bbox 602 2255 803 2296; x_wconf 86' lang='lat' dir='ltr'>lividamque</span> 
     </span>
     <span class='ocr_line' id='line_1_47' title="bbox 102 2295 804 2340; baseline 0.013 -14"><span class='ocrx_word' id='word_1_267' title='bbox 102 2295 211 2327; x_wconf 87' lang='lat' dir='ltr'>levare</span> <span class='ocrx_word' id='word_1_268' title='bbox 227 2298 267 2327; x_wconf 88' lang='lat' dir='ltr'>ad</span> <span class='ocrx_word' id='word_1_269' title='bbox 281 2307 355 2328; x_wconf 88' lang='lat' dir='ltr'>eum</span> <span class='ocrx_word' id='word_1_270' title='bbox 376 2299 512 2338; x_wconf 83' lang='lat' dir='ltr'>faciem,</span> <span class='ocrx_word' id='word_1_271' title='bbox 527 2303 618 2340; x_wconf 81' lang='lat' dir='ltr'>qu&#39;us</span> <span class='ocrx_word' id='word_1_272' title='bbox 633 2303 735 2335; x_wconf 88' lang='lat' dir='ltr'>livore</span> <span class='ocrx_word' id='word_1_273' title='bbox 752 2313 804 2335; x_wconf 89' lang='lat' dir='ltr'>sa-</span> 
     </span>
     <span class='ocr_line' id='line_1_48' title="bbox 102 2343 802 2384; baseline 0.011 -12"><span class='ocrx_word' id='word_1_274' title='bbox 102 2343 198 2373; x_wconf 86' lang='lat' dir='ltr'>natus</span> <span class='ocrx_word' id='word_1_275' title='bbox 210 2345 257 2374; x_wconf 86' lang='lat' dir='ltr'>est</span> <span class='ocrx_word' id='word_1_276' title='bbox 266 2365 274 2381; x_wconf 89' lang='lat'>,</span> <span class='ocrx_word' id='word_1_277' title='bbox 291 2344 459 2382; x_wconf 80' lang='lat' dir='ltr'>gloriosam</span> <span class='ocrx_word' id='word_1_278' title='bbox 470 2349 702 2384; x_wconf 82' lang='lat' dir='ltr'>repraesentare</span> <span class='ocrx_word' id='word_1_279' title='bbox 715 2350 802 2380; x_wconf 87' lang='grc'><strong>511111-</strong></span> 
     </span>
     <span class='ocr_line' id='line_1_49' title="bbox 102 2386 802 2431; baseline 0.013 -15"><span class='ocrx_word' id='word_1_280' title='bbox 102 2386 274 2418; x_wconf 87' lang='lat' dir='ltr'>litudinem</span> <span class='ocrx_word' id='word_1_281' title='bbox 287 2389 397 2420; x_wconf 86' lang='lat' dir='ltr'>mortis</span> <span class='ocrx_word' id='word_1_282' title='bbox 409 2389 479 2427; x_wconf 87' lang='lat' dir='ltr'>ejus</span> <span class='ocrx_word' id='word_1_283' title='bbox 489 2413 498 2428; x_wconf 87' lang='lat'><strong>‚</strong></span> <span class='ocrx_word' id='word_1_284' title='bbox 509 2391 622 2430; x_wconf 86' lang='lat' dir='ltr'>utique</span> <span class='ocrx_word' id='word_1_285' title='bbox 638 2393 670 2423; x_wconf 86' lang='grc'>111</span> <span class='ocrx_word' id='word_1_286' title='bbox 680 2394 802 2431; x_wconf 85' lang='lat' dir='ltr'>pallore</span> 
     </span>
     <span class='ocr_line' id='line_1_50' title="bbox 102 2433 805 2471; baseline 0.011 -10"><span class='ocrx_word' id='word_1_287' title='bbox 102 2433 184 2462; x_wconf 90' lang='lat' dir='ltr'>auri.</span> <span class='ocrx_word' id='word_1_288' title='bbox 207 2434 290 2471; x_wconf 89' lang='lat' dir='ltr'>Quid</span> <span class='ocrx_word' id='word_1_289' title='bbox 305 2434 457 2464; x_wconf 86' lang='lat' dir='ltr'>vereatur</span> <span class='ocrx_word' id='word_1_290' title='bbox 479 2436 530 2466; x_wconf 92' lang='lat' dir='ltr'>cui</span> <span class='ocrx_word' id='word_1_291' title='bbox 549 2438 648 2467; x_wconf 85' lang='lat' dir='ltr'>etiam</span> <span class='ocrx_word' id='word_1_292' title='bbox 662 2446 678 2467; x_wconf 92' lang='lat' dir='ltr'>a</span> <span class='ocrx_word' id='word_1_293' title='bbox 695 2440 805 2469; x_wconf 88' lang='lat' dir='ltr'>Domi-</span> 
     </span>
    </p>
   </div>
   <div class='ocr_carea' id='block_1_3' title="bbox 819 1137 826 2023">
    <p class='ocr_par' dir='ltr' id='par_1_4' title="bbox 819 1137 826 2023">
     <span class='ocr_line' id='line_1_51' title="bbox 819 1137 826 2023; baseline 0 0"><span class='ocrx_word' id='word_1_294' title='bbox 819 1137 826 2023; x_wconf 95' lang='lat' dir='ltr'> </span> 
     </span>
    </p>
   </div>
   <div class='ocr_carea' id='block_1_4' title="bbox 842 202 1541 560">
    <p class='ocr_par' dir='ltr' id='par_1_5' title="bbox 842 202 1541 560">
     <span class='ocr_line' id='line_1_52' title="bbox 1480 202 1540 232; baseline 0.017 -1"><span class='ocrx_word' id='word_1_295' title='bbox 1480 202 1540 232; x_wconf 64' lang='lat'>5119</span> 
     </span>
     <span class='ocr_line' id='line_1_53' title="bbox 843 245 1537 285; baseline 0.01 -9"><span class='ocrx_word' id='word_1_296' title='bbox 843 245 968 277; x_wconf 87' lang='lat' dir='ltr'>videre.</span> <span class='ocrx_word' id='word_1_297' title='bbox 983 246 1067 285; x_wconf 79' lang='lat' dir='ltr'>Quid</span> <span class='ocrx_word' id='word_1_298' title='bbox 1083 246 1171 277; x_wconf 89' lang='lat' dir='ltr'>enim</span> <span class='ocrx_word' id='word_1_299' title='bbox 1186 245 1242 278; x_wconf 86' lang='lat' dir='ltr'>ille</span> <span class='ocrx_word' id='word_1_300' title='bbox 1263 255 1328 279; x_wconf 88' lang='lat' dir='ltr'>non</span> <span class='ocrx_word' id='word_1_301' title='bbox 1344 249 1454 282; x_wconf 72' lang='lat' dir='ltr'>videt?</span> <span class='ocrx_word' id='word_1_302' title='bbox 1469 253 1537 282; x_wconf 88' lang='lat' dir='ltr'>Non</span> 
     </span>
     <span class='ocr_line' id='line_1_54' title="bbox 844 291 1538 336; baseline 0.009 -15"><span class='ocrx_word' id='word_1_303' title='bbox 844 291 894 321; x_wconf 89' lang='lat' dir='ltr'>est</span> <span class='ocrx_word' id='word_1_304' title='bbox 909 292 939 322; x_wconf 90' lang='lat' dir='ltr'>ei</span> <span class='ocrx_word' id='word_1_305' title='bbox 961 301 1040 331; x_wconf 86' lang='lat' dir='ltr'>opus</span> <span class='ocrx_word' id='word_1_306' title='bbox 1056 294 1093 322; x_wconf 89' lang='lat' dir='ltr'>ut</span> <span class='ocrx_word' id='word_1_307' title='bbox 1113 293 1187 331; x_wconf 87' lang='lat' dir='ltr'>quis</span> <span class='ocrx_word' id='word_1_308' title='bbox 1207 302 1241 323; x_wconf 86' lang='lat' dir='ltr'>se</span> <span class='ocrx_word' id='word_1_309' title='bbox 1264 295 1426 334; x_wconf 84' lang='lat' dir='ltr'>ostendat,</span> <span class='ocrx_word' id='word_1_310' title='bbox 1443 306 1538 336; x_wconf 82' lang='lat' dir='ltr'>aquo</span> 
     </span>
     <span class='ocr_line' id='line_1_55' title="bbox 843 336 1537 376; baseline 0.009 -10"><span class='ocrx_word' id='word_1_311' title='bbox 843 336 889 366; x_wconf 88' lang='grc'><strong>1111</strong></span> <span class='ocrx_word' id='word_1_312' title='bbox 913 345 978 367; x_wconf 91' lang='grc'><strong>11011</strong></span> <span class='ocrx_word' id='word_1_313' title='bbox 1003 338 1153 376; x_wconf 88' lang='lat' dir='ltr'>videtur,</span> <span class='ocrx_word' id='word_1_314' title='bbox 1169 347 1233 369; x_wconf 89' lang='grc'><strong>1100</strong></span> <span class='ocrx_word' id='word_1_315' title='bbox 1248 339 1274 369; x_wconf 87' lang='grc'>51</span> <span class='ocrx_word' id='word_1_316' title='bbox 1297 347 1331 369; x_wconf 88' lang='grc'>50</span> <span class='ocrx_word' id='word_1_317' title='bbox 1355 341 1537 373; x_wconf 84' lang='lat' dir='ltr'>abscondat.</span> 
     </span>
     <span class='ocr_line' id='line_1_56' title="bbox 842 382 1539 423; baseline 0.006 -11"><span class='ocrx_word' id='word_1_318' title='bbox 842 382 918 413; x_wconf 87' lang='lat' dir='ltr'>Vult</span> <span class='ocrx_word' id='word_1_319' title='bbox 949 391 1025 421; x_wconf 83' lang='lat' dir='ltr'>ergo</span> <span class='ocrx_word' id='word_1_320' title='bbox 1048 384 1176 422; x_wconf 86' lang='lat' dir='ltr'>videri,</span> <span class='ocrx_word' id='word_1_321' title='bbox 1196 384 1268 415; x_wconf 87' lang='lat' dir='ltr'>vult</span> <span class='ocrx_word' id='word_1_322' title='bbox 1290 385 1448 423; x_wconf 84' lang='lat' dir='ltr'>benignus</span> <span class='ocrx_word' id='word_1_323' title='bbox 1473 387 1539 416; x_wconf 77' lang='lat' dir='ltr'>dux</span> 
     </span>
     <span class='ocr_line' id='line_1_57' title="bbox 843 427 1539 460; baseline 0.004 -3"><span class='ocrx_word' id='word_1_324' title='bbox 843 427 950 459; x_wconf 90' lang='lat' dir='ltr'>devoti</span> <span class='ocrx_word' id='word_1_325' title='bbox 976 429 1089 459; x_wconf 88' lang='lat' dir='ltr'>militis</span> <span class='ocrx_word' id='word_1_326' title='bbox 1102 430 1228 460; x_wconf 89' lang='lat' dir='ltr'>vultum</span> <span class='ocrx_word' id='word_1_327' title='bbox 1249 430 1282 460; x_wconf 89' lang='lat' dir='ltr'>et</span> <span class='ocrx_word' id='word_1_328' title='bbox 1297 430 1405 460; x_wconf 87' lang='lat' dir='ltr'>oculos</span> <span class='ocrx_word' id='word_1_329' title='bbox 1423 430 1456 459; x_wconf 89' lang='lat' dir='ltr'>in</span> <span class='ocrx_word' id='word_1_330' title='bbox 1484 439 1539 460; x_wconf 70' lang='lat' dir='ltr'>sua</span> 
     </span>
     <span class='ocr_line' id='line_1_58' title="bbox 843 475 1541 514; baseline 0.004 -12"><span class='ocrx_word' id='word_1_331' title='bbox 843 475 968 504; x_wconf 90' lang='lat' dir='ltr'>sustolli</span> <span class='ocrx_word' id='word_1_332' title='bbox 988 476 1143 514; x_wconf 82' lang='lat' dir='ltr'>vulnera,</span> <span class='ocrx_word' id='word_1_333' title='bbox 1158 476 1197 506; x_wconf 91' lang='lat' dir='ltr'>ut</span> <span class='ocrx_word' id='word_1_334' title='bbox 1223 475 1311 506; x_wconf 91' lang='lat' dir='ltr'>illius</span> <span class='ocrx_word' id='word_1_335' title='bbox 1337 484 1378 506; x_wconf 83' lang='lat' dir='ltr'>ex</span> <span class='ocrx_word' id='word_1_336' title='bbox 1393 476 1453 505; x_wconf 87' lang='lat' dir='ltr'>hoc</span> <span class='ocrx_word' id='word_1_337' title='bbox 1474 477 1541 505; x_wconf 83' lang='lat' dir='ltr'>ani-</span> 
     </span>
     <span class='ocr_line' id='line_1_59' title="bbox 843 520 1541 560; baseline 0.003 -12"><span class='ocrx_word' id='word_1_338' title='bbox 843 528 930 549; x_wconf 90' lang='lat' dir='ltr'>mum</span> <span class='ocrx_word' id='word_1_339' title='bbox 953 521 1073 560; x_wconf 86' lang='lat' dir='ltr'>erigat,</span> <span class='ocrx_word' id='word_1_340' title='bbox 1091 522 1123 552; x_wconf 88' lang='lat' dir='ltr'>et</span> <span class='ocrx_word' id='word_1_341' title='bbox 1139 522 1290 560; x_wconf 81' lang='lat' dir='ltr'>exemplo</span> <span class='ocrx_word' id='word_1_342' title='bbox 1307 521 1358 552; x_wconf 86' lang='lat' dir='ltr'>sui</span> <span class='ocrx_word' id='word_1_343' title='bbox 1372 520 1486 552; x_wconf 83' lang='lat' dir='ltr'>reddat</span> <span class='ocrx_word' id='word_1_344' title='bbox 1501 522 1541 551; x_wconf 83' lang='lat' dir='ltr'>ad</span> 
     </span>
    </p>
   </div>
   <div class='ocr_carea' id='block_1_5' title="bbox 833 564 1245 598">
    <p class='ocr_par' dir='ltr' id='par_1_6' title="bbox 833 564 1245 598">
     <span class='ocr_line' id='line_1_60' title="bbox 833 564 1245 598; baseline 0.012 -5"><span class='ocrx_word' id='word_1_345' title='bbox 833 564 1044 596; x_wconf 85' lang='lat' dir='ltr'>-tolerandum</span> <span class='ocrx_word' id='word_1_346' title='bbox 1065 567 1245 598; x_wconf 81' lang='lat' dir='ltr'>fortiorem.</span> 
     </span>
    </p>
   </div>
   <div class='ocr_carea' id='block_1_6' title="bbox 835 610 1543 2479">
    <p class='ocr_par' dir='ltr' id='par_1_7' title="bbox 835 610 1543 2479">
     <span class='ocr_line' id='line_1_61' title="bbox 882 610 1541 651; baseline 0.006 -12"><span class='ocrx_word' id='word_1_347' title='bbox 882 610 913 639; x_wconf 86' lang='lat'>8.</span> <span class='ocrx_word' id='word_1_348' title='bbox 939 612 1033 641; x_wconf 88' lang='lat' dir='ltr'>Enim</span> <span class='ocrx_word' id='word_1_349' title='bbox 1048 621 1126 642; x_wconf 90' lang='lat' dir='ltr'>vero</span> <span class='ocrx_word' id='word_1_350' title='bbox 1142 622 1205 643; x_wconf 89' lang='lat' dir='ltr'>non</span> <span class='ocrx_word' id='word_1_351' title='bbox 1230 611 1353 643; x_wconf 85' lang='lat' dir='ltr'>sentiet</span> <span class='ocrx_word' id='word_1_352' title='bbox 1372 621 1447 651; x_wconf 86' lang='lat' dir='ltr'>sua,</span> <span class='ocrx_word' id='word_1_353' title='bbox 1463 612 1541 642; x_wconf 82' lang='lat' dir='ltr'>dum</span> 
     </span>
     <span class='ocr_line' id='line_1_62' title="bbox 843 654 1543 695; baseline 0.004 -12"><span class='ocrx_word' id='word_1_354' title='bbox 843 654 930 685; x_wconf 85' lang='lat' dir='ltr'>illius</span> <span class='ocrx_word' id='word_1_355' title='bbox 955 657 1090 686; x_wconf 90' lang='lat' dir='ltr'>vulnera</span> <span class='ocrx_word' id='word_1_356' title='bbox 1112 658 1305 689; x_wconf 87' lang='lat' dir='ltr'>intuebitur.</span> <span class='ocrx_word' id='word_1_357' title='bbox 1332 658 1401 688; x_wconf 86' lang='lat' dir='ltr'>Stat</span> <span class='ocrx_word' id='word_1_358' title='bbox 1424 658 1543 695; x_wconf 75' lang='lat' dir='ltr'>Marlyr</span> 
     </span>
     <span class='ocr_line' id='line_1_63' title="bbox 842 699 1543 742; baseline 0.007 -15"><span class='ocrx_word' id='word_1_359' title='bbox 842 699 1023 737; x_wconf 86' lang='lat' dir='ltr'>tripudians</span> <span class='ocrx_word' id='word_1_360' title='bbox 1052 702 1085 732; x_wconf 86' lang='lat' dir='ltr'>et</span> <span class='ocrx_word' id='word_1_361' title='bbox 1116 703 1342 742; x_wconf 85' lang='lat' dir='ltr'>triumphans,</span> <span class='ocrx_word' id='word_1_362' title='bbox 1368 703 1434 734; x_wconf 88' lang='lat' dir='ltr'>toto</span> <span class='ocrx_word' id='word_1_363' title='bbox 1463 704 1543 733; x_wconf 78' lang='lat' dir='ltr'>licet</span> 
     </span>
     <span class='ocr_line' id='line_1_64' title="bbox 842 744 1541 787; baseline 0.006 -14"><span class='ocrx_word' id='word_1_364' title='bbox 842 744 946 775; x_wconf 89' lang='lat' dir='ltr'>lacero</span> <span class='ocrx_word' id='word_1_365' title='bbox 962 755 1111 785; x_wconf 83' lang='lat' dir='ltr'>corpore3</span> <span class='ocrx_word' id='word_1_366' title='bbox 1127 749 1160 778; x_wconf 89' lang='lat' dir='ltr'>et</span> <span class='ocrx_word' id='word_1_367' title='bbox 1173 749 1311 780; x_wconf 87' lang='lat' dir='ltr'>rimante</span> <span class='ocrx_word' id='word_1_368' title='bbox 1326 750 1429 780; x_wconf 88' lang='lat' dir='ltr'>latera</span> <span class='ocrx_word' id='word_1_369' title='bbox 1444 749 1541 787; x_wconf 84' lang='lat' dir='ltr'>ferro,</span> 
     </span>
     <span class='ocr_line' id='line_1_65' title="bbox 842 792 1542 832; baseline 0.009 -13"><span class='ocrx_word' id='word_1_370' title='bbox 842 798 904 820; x_wconf 90' lang='lat' dir='ltr'>non</span> <span class='ocrx_word' id='word_1_371' title='bbox 918 792 1011 822; x_wconf 92' lang='lat' dir='ltr'>modo</span> <span class='ocrx_word' id='word_1_372' title='bbox 1039 793 1184 832; x_wconf 87' lang='lat' dir='ltr'>fortiter,</span> <span class='ocrx_word' id='word_1_373' title='bbox 1200 795 1257 825; x_wconf 88' lang='lat' dir='ltr'>sed</span> <span class='ocrx_word' id='word_1_374' title='bbox 1273 796 1305 825; x_wconf 88' lang='lat' dir='ltr'>et</span> <span class='ocrx_word' id='word_1_375' title='bbox 1325 795 1476 825; x_wconf 87' lang='lat' dir='ltr'>alacriter</span> <span class='ocrx_word' id='word_1_376' title='bbox 1491 804 1542 825; x_wconf 78' lang='lat' dir='ltr'>sa·-</span> 
     </span>
     <span class='ocr_line' id='line_1_66' title="bbox 842 840 1542 880; baseline 0.007 -15"><span class='ocrx_word' id='word_1_377' title='bbox 842 844 930 866; x_wconf 87' lang='lat' dir='ltr'>crum</span> <span class='ocrx_word' id='word_1_378' title='bbox 945 846 962 867; x_wconf 90' lang='lat' dir='ltr'>e</span> <span class='ocrx_word' id='word_1_379' title='bbox 979 847 1073 868; x_wconf 85' lang='lat' dir='ltr'>carne</span> <span class='ocrx_word' id='word_1_380' title='bbox 1090 848 1146 870; x_wconf 89' lang='lat' dir='ltr'>sua</span> <span class='ocrx_word' id='word_1_381' title='bbox 1162 840 1383 880; x_wconf 87' lang='lat' dir='ltr'>circumspicit</span> <span class='ocrx_word' id='word_1_382' title='bbox 1404 841 1542 871; x_wconf 74' lang='lat' dir='ltr'>ebullire</span> 
     </span>
     <span class='ocr_line' id='line_1_67' title="bbox 842 884 1543 925; baseline 0.009 -15"><span class='ocrx_word' id='word_1_383' title='bbox 842 890 1001 913; x_wconf 89' lang='lat' dir='ltr'>cruorem.</span> <span class='ocrx_word' id='word_1_384' title='bbox 1014 884 1074 914; x_wconf 90' lang='lat' dir='ltr'>Ubi</span> <span class='ocrx_word' id='word_1_385' title='bbox 1088 893 1162 923; x_wconf 83' lang='lat' dir='ltr'>ergo</span> <span class='ocrx_word' id='word_1_386' title='bbox 1175 886 1251 915; x_wconf 91' lang='lat' dir='ltr'>tunc</span> <span class='ocrx_word' id='word_1_387' title='bbox 1264 885 1543 925; x_wconf 72' lang='lat' dir='ltr'>aniinalllartyrIs?</span> 
     </span>
     <span class='ocr_line' id='line_1_68' title="bbox 841 929 1540 971; baseline 0.004 -14"><span class='ocrx_word' id='word_1_388' title='bbox 841 929 960 967; x_wconf 87' lang='lat' dir='ltr'>Nempe</span> <span class='ocrx_word' id='word_1_389' title='bbox 976 930 1010 959; x_wconf 93' lang='lat' dir='ltr'>in</span> <span class='ocrx_word' id='word_1_390' title='bbox 1019 931 1088 961; x_wconf 89' lang='lat' dir='ltr'>tuto</span> <span class='ocrx_word' id='word_1_391' title='bbox 1099 953 1108 969; x_wconf 88' lang='lat'>,</span> <span class='ocrx_word' id='word_1_392' title='bbox 1122 940 1240 970; x_wconf 85' lang='lat' dir='ltr'>nempe</span> <span class='ocrx_word' id='word_1_393' title='bbox 1256 932 1290 961; x_wconf 92' lang='lat' dir='ltr'>in</span> <span class='ocrx_word' id='word_1_394' title='bbox 1302 933 1410 971; x_wconf 85' lang='lat' dir='ltr'>petra,</span> <span class='ocrx_word' id='word_1_395' title='bbox 1422 941 1540 971; x_wconf 76' lang='lat' dir='ltr'>nempe</span> 
     </span>
     <span class='ocr_line' id='line_1_69' title="bbox 842 974 1540 1015; baseline 0.007 -13"><span class='ocrx_word' id='word_1_396' title='bbox 842 974 875 1003; x_wconf 91' lang='lat' dir='ltr'>in</span> <span class='ocrx_word' id='word_1_397' title='bbox 884 974 1062 1006; x_wconf 90' lang='lat' dir='ltr'>visceribus</span> <span class='ocrx_word' id='word_1_398' title='bbox 1070 977 1147 1006; x_wconf 87' lang='lat' dir='ltr'>Jesu</span> <span class='ocrx_word' id='word_1_399' title='bbox 1158 999 1166 1015; x_wconf 96' lang='lat'>,</span> <span class='ocrx_word' id='word_1_400' title='bbox 1179 978 1370 1008; x_wconf 85' lang='lat' dir='ltr'>vulneribus</span> <span class='ocrx_word' id='word_1_401' title='bbox 1384 978 1540 1008; x_wconf 77' lang='grc' dir='ltr'><strong>111ιηί111111</strong></span> 
     </span>
     <span class='ocr_line' id='line_1_70' title="bbox 841 1020 1540 1057; baseline 0.007 -8"><span class='ocrx_word' id='word_1_402' title='bbox 841 1020 1027 1057; x_wconf 77' lang='lat' dir='ltr'>patentibus</span> <span class='ocrx_word' id='word_1_403' title='bbox 1047 1023 1087 1053; x_wconf 89' lang='lat' dir='ltr'>ad</span> <span class='ocrx_word' id='word_1_404' title='bbox 1107 1023 1351 1054; x_wconf 88' lang='lat' dir='ltr'>introeundum.</span> <span class='ocrx_word' id='word_1_405' title='bbox 1376 1025 1408 1054; x_wconf 92' lang='lat' dir='ltr'>Si</span> <span class='ocrx_word' id='word_1_406' title='bbox 1425 1025 1457 1054; x_wconf 91' lang='lat' dir='ltr'>in</span> <span class='ocrx_word' id='word_1_407' title='bbox 1473 1025 1540 1054; x_wconf 88' lang='lat' dir='ltr'>suis</span> 
     </span>
     <span class='ocr_line' id='line_1_71' title="bbox 841 1066 1540 1107; baseline 0.009 -13"><span class='ocrx_word' id='word_1_408' title='bbox 841 1066 925 1096; x_wconf 88' lang='lat' dir='ltr'>esset</span> <span class='ocrx_word' id='word_1_409' title='bbox 954 1068 1154 1107; x_wconf 89' lang='lat' dir='ltr'>visceribus,</span> <span class='ocrx_word' id='word_1_410' title='bbox 1180 1070 1325 1100; x_wconf 79' lang='lat' dir='ltr'>scrutans</span> <span class='ocrx_word' id='word_1_411' title='bbox 1353 1078 1391 1100; x_wconf 90' lang='lat' dir='ltr'>ea</span> <span class='ocrx_word' id='word_1_412' title='bbox 1418 1070 1540 1100; x_wconf 84' lang='lat' dir='ltr'>serrum</span> 
     </span>
     <span class='ocr_line' id='line_1_72' title="bbox 840 1111 1538 1152; baseline 0.009 -12"><span class='ocrx_word' id='word_1_413' title='bbox 840 1111 984 1148; x_wconf 87' lang='lat' dir='ltr'>profecto</span> <span class='ocrx_word' id='word_1_414' title='bbox 1000 1113 1153 1151; x_wconf 83' lang='lat' dir='ltr'>sentiret3</span> <span class='ocrx_word' id='word_1_415' title='bbox 1170 1114 1314 1144; x_wconf 91' lang='lat' dir='ltr'>dolorem</span> <span class='ocrx_word' id='word_1_416' title='bbox 1335 1123 1399 1145; x_wconf 93' lang='lat' dir='ltr'>non</span> <span class='ocrx_word' id='word_1_417' title='bbox 1419 1115 1538 1152; x_wconf 82' lang='lat' dir='ltr'>ferret,</span> 
     </span>
     <span class='ocr_line' id='line_1_73' title="bbox 840 1157 1540 1197; baseline 0.007 -13"><span class='ocrx_word' id='word_1_418' title='bbox 840 1157 1085 1195; x_wconf 86' lang='lat' dir='ltr'>succumberet,</span> <span class='ocrx_word' id='word_1_419' title='bbox 1102 1159 1135 1188; x_wconf 89' lang='lat' dir='ltr'>et</span> <span class='ocrx_word' id='word_1_420' title='bbox 1150 1160 1295 1197; x_wconf 87' lang='lat' dir='ltr'>negaret.</span> <span class='ocrx_word' id='word_1_421' title='bbox 1311 1161 1402 1190; x_wconf 89' lang='lat' dir='ltr'>Nunc</span> <span class='ocrx_word' id='word_1_422' title='bbox 1428 1161 1540 1191; x_wconf 85' lang='lat' dir='ltr'>autem</span> 
     </span>
     <span class='ocr_line' id='line_1_74' title="bbox 842 1200 1542 1243; baseline 0.009 -14"><span class='ocrx_word' id='word_1_423' title='bbox 842 1200 873 1230; x_wconf 90' lang='lat' dir='ltr'>in</span> <span class='ocrx_word' id='word_1_424' title='bbox 898 1203 990 1239; x_wconf 86' lang='lat' dir='ltr'>petra</span> <span class='ocrx_word' id='word_1_425' title='bbox 1015 1203 1181 1242; x_wconf 89' lang='lat' dir='ltr'>habitans,</span> <span class='ocrx_word' id='word_1_426' title='bbox 1202 1204 1280 1243; x_wconf 89' lang='lat' dir='ltr'>quid</span> <span class='ocrx_word' id='word_1_427' title='bbox 1310 1205 1428 1235; x_wconf 90' lang='lat' dir='ltr'>mirum</span> <span class='ocrx_word' id='word_1_428' title='bbox 1454 1206 1480 1236; x_wconf 89' lang='lat' dir='ltr'>si</span> <span class='ocrx_word' id='word_1_429' title='bbox 1507 1206 1542 1236; x_wconf 81' lang='lat' dir='ltr'>in</span> 
     </span>
     <span class='ocr_line' id='line_1_75' title="bbox 842 1248 1540 1291; baseline 0.011 -16"><span class='ocrx_word' id='word_1_430' title='bbox 842 1248 971 1278; x_wconf 89' lang='lat' dir='ltr'>modum</span> <span class='ocrx_word' id='word_1_431' title='bbox 983 1250 1084 1287; x_wconf 80' lang='lat' dir='ltr'>petrae</span> <span class='ocrx_word' id='word_1_432' title='bbox 1100 1250 1268 1281; x_wconf 80' lang='lat' dir='ltr'>duruerit?</span> <span class='ocrx_word' id='word_1_433' title='bbox 1282 1252 1343 1282; x_wconf 85' lang='lat' dir='ltr'>Sed</span> <span class='ocrx_word' id='word_1_434' title='bbox 1358 1261 1462 1291; x_wconf 90' lang='lat' dir='ltr'>neque</span> <span class='ocrx_word' id='word_1_435' title='bbox 1479 1252 1540 1282; x_wconf 85' lang='lat' dir='ltr'>hoc</span> 
     </span>
     <span class='ocr_line' id='line_1_76' title="bbox 841 1293 1540 1335; baseline 0.01 -14"><span class='ocrx_word' id='word_1_436' title='bbox 841 1293 974 1333; x_wconf 83' lang='lat' dir='ltr'>mirum,</span> <span class='ocrx_word' id='word_1_437' title='bbox 987 1295 1013 1324; x_wconf 90' lang='lat' dir='ltr'>si</span> <span class='ocrx_word' id='word_1_438' title='bbox 1027 1296 1121 1326; x_wconf 90' lang='lat' dir='ltr'>exsul</span> <span class='ocrx_word' id='word_1_439' title='bbox 1137 1304 1154 1326; x_wconf 88' lang='lat' dir='ltr'>a</span> <span class='ocrx_word' id='word_1_440' title='bbox 1170 1305 1321 1335; x_wconf 83' lang='lat' dir='ltr'>corpore,</span> <span class='ocrx_word' id='word_1_441' title='bbox 1338 1297 1464 1328; x_wconf 84' lang='lat' dir='ltr'>dolores</span> <span class='ocrx_word' id='word_1_442' title='bbox 1474 1306 1540 1328; x_wconf 85' lang='lat' dir='ltr'>non</span> 
     </span>
     <span class='ocr_line' id='line_1_77' title="bbox 839 1340 1541 1381; baseline 0.009 -13"><span class='ocrx_word' id='word_1_443' title='bbox 839 1340 959 1369; x_wconf 88' lang='lat' dir='ltr'>sentiat</span> <span class='ocrx_word' id='word_1_444' title='bbox 984 1341 1137 1379; x_wconf 90' lang='lat' dir='ltr'>corporis.</span> <span class='ocrx_word' id='word_1_445' title='bbox 1164 1343 1274 1381; x_wconf 84' lang='lat' dir='ltr'>Neque</span> <span class='ocrx_word' id='word_1_446' title='bbox 1290 1343 1351 1373; x_wconf 89' lang='grc'><strong>1100</strong></span> <span class='ocrx_word' id='word_1_447' title='bbox 1372 1344 1450 1374; x_wconf 82' lang='lat' dir='ltr'>facit</span> <span class='ocrx_word' id='word_1_448' title='bbox 1474 1344 1541 1374; x_wconf 82' lang='lat' dir='ltr'>stu-</span> 
     </span>
     <span class='ocr_line' id='line_1_78' title="bbox 839 1386 1541 1423; baseline 0.007 -10"><span class='ocrx_word' id='word_1_449' title='bbox 839 1392 914 1423; x_wconf 91' lang='lat' dir='ltr'>por,</span> <span class='ocrx_word' id='word_1_450' title='bbox 931 1386 987 1415; x_wconf 85' lang='lat' dir='ltr'>sed</span> <span class='ocrx_word' id='word_1_451' title='bbox 1001 1394 1100 1416; x_wconf 87' lang='lat' dir='ltr'>amor.</span> <span class='ocrx_word' id='word_1_452' title='bbox 1127 1387 1337 1418; x_wconf 87' lang='lat' dir='ltr'>Submittitur</span> <span class='ocrx_word' id='word_1_453' title='bbox 1361 1389 1449 1418; x_wconf 89' lang='lat' dir='ltr'>enim</span> <span class='ocrx_word' id='word_1_454' title='bbox 1465 1397 1541 1419; x_wconf 87' lang='lat' dir='ltr'>sen-</span> 
     </span>
     <span class='ocr_line' id='line_1_79' title="bbox 839 1434 1538 1474; baseline 0.007 -13"><span class='ocrx_word' id='word_1_455' title='bbox 839 1440 910 1469; x_wconf 85' lang='lat' dir='ltr'>sus,</span> <span class='ocrx_word' id='word_1_456' title='bbox 933 1441 998 1463; x_wconf 90' lang='lat' dir='ltr'>non</span> <span class='ocrx_word' id='word_1_457' title='bbox 1018 1434 1190 1465; x_wconf 87' lang='lat' dir='ltr'>amittitur.</span> <span class='ocrx_word' id='word_1_458' title='bbox 1216 1436 1282 1465; x_wconf 87' lang='lat' dir='ltr'>Nec</span> <span class='ocrx_word' id='word_1_459' title='bbox 1312 1436 1405 1466; x_wconf 87' lang='lat' dir='ltr'>deest</span> <span class='ocrx_word' id='word_1_460' title='bbox 1430 1436 1538 1474; x_wconf 90' lang='lat' dir='ltr'>dolor,</span> 
     </span>
     <span class='ocr_line' id='line_1_80' title="bbox 839 1477 1540 1520; baseline 0.007 -14"><span class='ocrx_word' id='word_1_461' title='bbox 839 1477 895 1506; x_wconf 89' lang='lat' dir='ltr'>sed</span> <span class='ocrx_word' id='word_1_462' title='bbox 918 1479 1178 1516; x_wconf 87' lang='lat' dir='ltr'>superatur,sed</span> <span class='ocrx_word' id='word_1_463' title='bbox 1203 1480 1435 1511; x_wconf 89' lang='lat' dir='ltr'>contemnitur.</span> <span class='ocrx_word' id='word_1_464' title='bbox 1460 1483 1540 1520; x_wconf 83' lang='lat' dir='ltr'>Ergo</span> 
     </span>
     <span class='ocr_line' id='line_1_81' title="bbox 839 1524 1540 1566; baseline 0.01 -15"><span class='ocrx_word' id='word_1_465' title='bbox 839 1530 880 1551; x_wconf 81' lang='lat' dir='ltr'>ex</span> <span class='ocrx_word' id='word_1_466' title='bbox 891 1524 985 1560; x_wconf 87' lang='lat' dir='ltr'>petra</span> <span class='ocrx_word' id='word_1_467' title='bbox 1000 1525 1148 1563; x_wconf 82' lang='lat' dir='ltr'>Martyris</span> <span class='ocrx_word' id='word_1_468' title='bbox 1165 1525 1338 1565; x_wconf 87' lang='lat' dir='ltr'>fortitudo,</span> <span class='ocrx_word' id='word_1_469' title='bbox 1351 1527 1426 1557; x_wconf 86' lang='lat' dir='ltr'>inde</span> <span class='ocrx_word' id='word_1_470' title='bbox 1442 1529 1540 1566; x_wconf 83' lang='lat' dir='ltr'>plane</span> 
     </span>
     <span class='ocr_line' id='line_1_82' title="bbox 837 1569 1538 1606; baseline 0.009 -8"><span class='ocrx_word' id='word_1_471' title='bbox 837 1569 951 1606; x_wconf 89' lang='lat' dir='ltr'>potens</span> <span class='ocrx_word' id='word_1_472' title='bbox 966 1570 1006 1600; x_wconf 87' lang='lat' dir='ltr'>ad</span> <span class='ocrx_word' id='word_1_473' title='bbox 1031 1571 1209 1602; x_wconf 89' lang='lat' dir='ltr'>bibendum</span> <span class='ocrx_word' id='word_1_474' title='bbox 1236 1572 1371 1603; x_wconf 89' lang='lat' dir='ltr'>calicem</span> <span class='ocrx_word' id='word_1_475' title='bbox 1396 1574 1538 1604; x_wconf 88' lang='lat' dir='ltr'>Domini.</span> 
     </span>
     <span class='ocr_line' id='line_1_83' title="bbox 837 1615 1540 1658; baseline 0.01 -15"><span class='ocrx_word' id='word_1_476' title='bbox 837 1615 874 1644; x_wconf 88' lang='lat' dir='ltr'>Et</span> <span class='ocrx_word' id='word_1_477' title='bbox 899 1616 986 1645; x_wconf 83' lang='lat' dir='ltr'>calix</span> <span class='ocrx_word' id='word_1_478' title='bbox 1001 1617 1056 1646; x_wconf 90' lang='lat' dir='ltr'>hic</span> <span class='ocrx_word' id='word_1_479' title='bbox 1076 1617 1243 1648; x_wconf 87' lang='lat' dir='ltr'>inebrians</span> <span class='ocrx_word' id='word_1_480' title='bbox 1256 1627 1351 1656; x_wconf 87' lang='lat' dir='ltr'>quam</span> <span class='ocrx_word' id='word_1_481' title='bbox 1366 1621 1540 1658; x_wconf 79' lang='lat' dir='ltr'>praeclarus</span> 
     </span>
     <span class='ocr_line' id='line_1_84' title="bbox 838 1660 1540 1703; baseline 0.009 -14"><span class='ocrx_word' id='word_1_482' title='bbox 838 1660 903 1690; x_wconf 86' lang='lat' dir='ltr'>est!</span> <span class='ocrx_word' id='word_1_483' title='bbox 928 1661 1120 1701; x_wconf 83' lang='lat' dir='ltr'>Praeclarus,</span> <span class='ocrx_word' id='word_1_484' title='bbox 1136 1663 1285 1701; x_wconf 82' lang='lat' dir='ltr'>inquam,</span> <span class='ocrx_word' id='word_1_485' title='bbox 1312 1664 1409 1703; x_wconf 87' lang='lat' dir='ltr'>atque</span> <span class='ocrx_word' id='word_1_486' title='bbox 1422 1665 1540 1702; x_wconf 83' lang='lat' dir='ltr'>jucun-</span> 
     </span>
     <span class='ocr_line' id='line_1_85' title="bbox 837 1705 1537 1749; baseline 0.01 -15"><span class='ocrx_word' id='word_1_487' title='bbox 837 1705 895 1734; x_wconf 90' lang='lat' dir='ltr'>dus</span> <span class='ocrx_word' id='word_1_488' title='bbox 920 1714 984 1736; x_wconf 92' lang='lat' dir='ltr'>non</span> <span class='ocrx_word' id='word_1_489' title='bbox 1010 1707 1117 1738; x_wconf 90' lang='lat' dir='ltr'>minus</span> <span class='ocrx_word' id='word_1_490' title='bbox 1139 1708 1331 1747; x_wconf 86' lang='lat' dir='ltr'>Imperatori</span> <span class='ocrx_word' id='word_1_491' title='bbox 1355 1712 1537 1749; x_wconf 83' lang='lat' dir='ltr'>spectanti,</span> 
     </span>
     <span class='ocr_line' id='line_1_86' title="bbox 836 1753 1539 1792; baseline 0.01 -12"><span class='ocrx_word' id='word_1_492' title='bbox 836 1759 932 1789; x_wconf 86' lang='lat' dir='ltr'>quam</span> <span class='ocrx_word' id='word_1_493' title='bbox 948 1753 1045 1782; x_wconf 84' lang='lat' dir='ltr'>militi</span> <span class='ocrx_word' id='word_1_494' title='bbox 1057 1753 1283 1792; x_wconf 85' lang='lat' dir='ltr'>triumphanti.</span> <span class='ocrx_word' id='word_1_495' title='bbox 1296 1755 1457 1785; x_wconf 89' lang='lat' dir='ltr'>Gaudium</span> <span class='ocrx_word' id='word_1_496' title='bbox 1470 1758 1539 1786; x_wconf 71' lang='grc' dir='ltr'>01οω</span> 
     </span>
     <span class='ocr_line' id='line_1_87' title="bbox 838 1796 1538 1838; baseline 0.01 -14"><span class='ocrx_word' id='word_1_497' title='bbox 838 1796 906 1825; x_wconf 87' lang='grc'><strong>111111</strong></span> <span class='ocrx_word' id='word_1_498' title='bbox 927 1798 1074 1837; x_wconf 84' lang='lat' dir='ltr'>Domini,</span> <span class='ocrx_word' id='word_1_499' title='bbox 1097 1798 1252 1829; x_wconf 80' lang='lat' dir='ltr'>fortitudo</span> <span class='ocrx_word' id='word_1_500' title='bbox 1272 1801 1390 1830; x_wconf 87' lang='lat' dir='ltr'>nostra.</span> <span class='ocrx_word' id='word_1_501' title='bbox 1418 1801 1538 1838; x_wconf 84' lang='lat' dir='ltr'>Quidni</span> 
     </span>
     <span class='ocr_line' id='line_1_88' title="bbox 837 1842 1539 1879; baseline 0.009 -9"><span class='ocrx_word' id='word_1_502' title='bbox 837 1842 973 1879; x_wconf 72' lang='lat' dir='ltr'>gaudeat</span> <span class='ocrx_word' id='word_1_503' title='bbox 987 1844 1029 1873; x_wconf 92' lang='lat' dir='ltr'>ad</span> <span class='ocrx_word' id='word_1_504' title='bbox 1044 1852 1156 1874; x_wconf 87' lang='lat' dir='ltr'>vocem</span> <span class='ocrx_word' id='word_1_505' title='bbox 1169 1844 1351 1876; x_wconf 59' lang='lat' dir='ltr'>fortissima}</span> <span class='ocrx_word' id='word_1_506' title='bbox 1367 1846 1539 1876; x_wconf 79' lang='lat' dir='ltr'>confessio-</span> 
     </span>
     <span class='ocr_line' id='line_1_89' title="bbox 836 1887 1538 1929; baseline 0.01 -13"><span class='ocrx_word' id='word_1_507' title='bbox 836 1887 905 1917; x_wconf 77' lang='lat' dir='ltr'>nis?</span> <span class='ocrx_word' id='word_1_508' title='bbox 919 1888 1067 1928; x_wconf 89' lang='lat' dir='ltr'>Denique</span> <span class='ocrx_word' id='word_1_509' title='bbox 1083 1891 1116 1920; x_wconf 89' lang='lat' dir='ltr'>et</span> <span class='ocrx_word' id='word_1_510' title='bbox 1129 1890 1267 1929; x_wconf 88' lang='lat' dir='ltr'>requirit</span> <span class='ocrx_word' id='word_1_511' title='bbox 1280 1900 1351 1921; x_wconf 87' lang='lat' dir='ltr'>eam</span> <span class='ocrx_word' id='word_1_512' title='bbox 1364 1900 1438 1921; x_wconf 92' lang='lat' dir='ltr'>cum</span> <span class='ocrx_word' id='word_1_513' title='bbox 1454 1893 1538 1923; x_wconf 83' lang='lat' dir='ltr'>desi-</span> 
     </span>
     <span class='ocr_line' id='line_1_90' title="bbox 836 1932 1538 1974; baseline 0.009 -12"><span class='ocrx_word' id='word_1_514' title='bbox 836 1932 938 1964; x_wconf 82' lang='lat' dir='ltr'>derio.</span> <span class='ocrx_word' id='word_1_515' title='bbox 955 1936 1068 1972; x_wconf 79' lang='lat' dir='ltr'>Sonet,</span> <span class='ocrx_word' id='word_1_516' title='bbox 1086 1935 1258 1974; x_wconf 84' lang='lat' dir='ltr'>inquiens,</span> <span class='ocrx_word' id='word_1_517' title='bbox 1280 1946 1343 1967; x_wconf 76' lang='lat' dir='ltr'>vox</span> <span class='ocrx_word' id='word_1_518' title='bbox 1359 1938 1413 1967; x_wconf 80' lang='lat' dir='ltr'>tua</span> <span class='ocrx_word' id='word_1_519' title='bbox 1432 1939 1463 1967; x_wconf 77' lang='lat' dir='ltr'>in</span> <span class='ocrx_word' id='word_1_520' title='bbox 1479 1948 1538 1968; x_wconf 75' lang='lat' dir='ltr'>‹zu-</span> 
     </span>
     <span class='ocr_line' id='line_1_91' title="bbox 835 1980 1538 2021; baseline 0.009 -13"><span class='ocrx_word' id='word_1_521' title='bbox 835 1980 919 2011; x_wconf 74' lang='lat' dir='ltr'>ribus</span> <span class='ocrx_word' id='word_1_522' title='bbox 943 1983 1030 2012; x_wconf 79' lang='lat' dir='ltr'>meis.</span> <span class='ocrx_word' id='word_1_523' title='bbox 1054 1982 1118 2011; x_wconf 85' lang='lat' dir='ltr'>Nec</span> <span class='ocrx_word' id='word_1_524' title='bbox 1134 1982 1340 2013; x_wconf 86' lang='lat' dir='ltr'>cunctabitur</span> <span class='ocrx_word' id='word_1_525' title='bbox 1355 1984 1538 2021; x_wconf 80' lang='lat' dir='ltr'>rependere</span> 
     </span>
     <span class='ocr_line' id='line_1_92' title="bbox 836 2025 1535 2067; baseline 0.007 -12"><span class='ocrx_word' id='word_1_526' title='bbox 836 2025 941 2056; x_wconf 90' lang='lat' dir='ltr'>vicem</span> <span class='ocrx_word' id='word_1_527' title='bbox 957 2027 1136 2057; x_wconf 91' lang='lat' dir='ltr'>secundum</span> <span class='ocrx_word' id='word_1_528' title='bbox 1152 2037 1242 2058; x_wconf 88' lang='lat' dir='ltr'>suam</span> <span class='ocrx_word' id='word_1_529' title='bbox 1262 2029 1508 2067; x_wconf 88' lang='lat' dir='ltr'>promissionem</span> <span class='ocrx_word' id='word_1_530' title='bbox 1527 2040 1535 2061; x_wconf 89' lang='lat'>:</span> 
     </span>
     <span class='ocr_line' id='line_1_93' title="bbox 836 2072 1538 2112; baseline 0.009 -12"><span class='ocrx_word' id='word_1_531' title='bbox 836 2072 988 2102; x_wconf 89' lang='lat' dir='ltr'>continuo</span> <span class='ocrx_word' id='word_1_532' title='bbox 998 2073 1097 2112; x_wconf 84' lang='lat' dir='ltr'>utqui</span> <span class='ocrx_word' id='word_1_533' title='bbox 1107 2082 1141 2104; x_wconf 90' lang='lat' dir='ltr'>se</span> <span class='ocrx_word' id='word_1_534' title='bbox 1151 2074 1314 2104; x_wconf 87' lang='lat' dir='ltr'>confessus</span> <span class='ocrx_word' id='word_1_535' title='bbox 1323 2075 1422 2106; x_wconf 76' lang='lat' dir='ltr'>suerit</span> <span class='ocrx_word' id='word_1_536' title='bbox 1431 2084 1538 2108; x_wconf 86' lang='lat' dir='ltr'>coram</span> 
     </span>
     <span class='ocr_line' id='line_1_94' title="bbox 835 2117 1538 2159; baseline 0.009 -13"><span class='ocrx_word' id='word_1_537' title='bbox 835 2117 1022 2148; x_wconf 85' lang='lat' dir='ltr'>hominibus</span> <span class='ocrx_word' id='word_1_538' title='bbox 1036 2141 1045 2156; x_wconf 90' lang='lat'>,</span> <span class='ocrx_word' id='word_1_539' title='bbox 1072 2119 1279 2151; x_wconf 87' lang='lat' dir='ltr'>confitebitur</span> <span class='ocrx_word' id='word_1_540' title='bbox 1306 2122 1340 2151; x_wconf 84' lang='lat' dir='ltr'>et</span> <span class='ocrx_word' id='word_1_541' title='bbox 1368 2121 1437 2159; x_wconf 88' lang='lat' dir='ltr'>ipse</span> <span class='ocrx_word' id='word_1_542' title='bbox 1461 2130 1538 2153; x_wconf 89' lang='grc'><strong>011111</strong></span> 
     </span>
     <span class='ocr_line' id='line_1_95' title="bbox 835 2165 1538 2205; baseline 0.009 -13"><span class='ocrx_word' id='word_1_543' title='bbox 835 2171 941 2193; x_wconf 89' lang='grc'><strong>00111111</strong></span> <span class='ocrx_word' id='word_1_544' title='bbox 970 2165 1064 2195; x_wconf 90' lang='lat' dir='ltr'>Patre</span> <span class='ocrx_word' id='word_1_545' title='bbox 1090 2174 1160 2195; x_wconf 90' lang='lat' dir='ltr'>suo.</span> <span class='ocrx_word' id='word_1_546' title='bbox 1191 2167 1390 2205; x_wconf 86' lang='lat' dir='ltr'>Rumpamus</span> <span class='ocrx_word' id='word_1_547' title='bbox 1415 2176 1538 2198; x_wconf 85' lang='lat' dir='ltr'>sermo-</span> 
     </span>
     <span class='ocr_line' id='line_1_96' title="bbox 835 2211 1538 2250; baseline 0.009 -12"><span class='ocrx_word' id='word_1_548' title='bbox 835 2218 928 2247; x_wconf 88' lang='lat' dir='ltr'>nem,</span> <span class='ocrx_word' id='word_1_549' title='bbox 943 2218 1004 2240; x_wconf 88' lang='lat' dir='ltr'>nec</span> <span class='ocrx_word' id='word_1_550' title='bbox 1030 2211 1117 2241; x_wconf 89' lang='lat' dir='ltr'>enim</span> <span class='ocrx_word' id='word_1_551' title='bbox 1132 2213 1240 2250; x_wconf 86' lang='lat' dir='ltr'>potest</span> <span class='ocrx_word' id='word_1_552' title='bbox 1254 2213 1344 2242; x_wconf 86' lang='lat' dir='ltr'>finiri</span> <span class='ocrx_word' id='word_1_553' title='bbox 1357 2213 1452 2243; x_wconf 88' lang='lat' dir='ltr'>modo</span> <span class='ocrx_word' id='word_1_554' title='bbox 1469 2222 1477 2242; x_wconf 71' lang='grc' dir='ltr'>ι</span> <span class='ocrx_word' id='word_1_555' title='bbox 1494 2222 1538 2245; x_wconf 80' lang='lat' dir='ltr'>ne</span> 
     </span>
     <span class='ocr_line' id='line_1_97' title="bbox 835 2255 1539 2296; baseline 0.007 -12"><span class='ocrx_word' id='word_1_556' title='bbox 835 2255 876 2285; x_wconf 88' lang='lat' dir='ltr'>sit</span> <span class='ocrx_word' id='word_1_557' title='bbox 891 2255 960 2285; x_wconf 86' lang='lat' dir='ltr'>sine</span> <span class='ocrx_word' id='word_1_558' title='bbox 980 2256 1093 2294; x_wconf 88' lang='lat' dir='ltr'>modo,</span> <span class='ocrx_word' id='word_1_559' title='bbox 1110 2258 1137 2287; x_wconf 92' lang='lat' dir='ltr'>si</span> <span class='ocrx_word' id='word_1_560' title='bbox 1154 2258 1269 2287; x_wconf 86' lang='lat' dir='ltr'>cuncta</span> <span class='ocrx_word' id='word_1_561' title='bbox 1285 2267 1356 2296; x_wconf 83' lang='lat' dir='ltr'>quae</span> <span class='ocrx_word' id='word_1_562' title='bbox 1375 2258 1479 2289; x_wconf 83' lang='lat' dir='ltr'>adhuc</span> <span class='ocrx_word' id='word_1_563' title='bbox 1494 2268 1539 2290; x_wconf 76' lang='lat' dir='ltr'>cx</span> 
     </span>
     <span class='ocr_line' id='line_1_98' title="bbox 835 2301 1536 2342; baseline 0.007 -12"><span class='ocrx_word' id='word_1_564' title='bbox 835 2301 998 2339; x_wconf 86' lang='lat' dir='ltr'>proposito</span> <span class='ocrx_word' id='word_1_565' title='bbox 1033 2302 1176 2341; x_wconf 86' lang='lat' dir='ltr'>capitulo</span> <span class='ocrx_word' id='word_1_566' title='bbox 1212 2304 1357 2342; x_wconf 86' lang='lat' dir='ltr'>restant,</span> <span class='ocrx_word' id='word_1_567' title='bbox 1384 2313 1449 2334; x_wconf 90' lang='lat' dir='ltr'>uno</span> <span class='ocrx_word' id='word_1_568' title='bbox 1473 2305 1536 2335; x_wconf 88' lang='lat' dir='ltr'>isto</span> 
     </span>
     <span class='ocr_line' id='line_1_99' title="bbox 836 2347 1537 2388; baseline 0.007 -13"><span class='ocrx_word' id='word_1_569' title='bbox 836 2347 975 2377; x_wconf 90' lang='lat' dir='ltr'>velimus</span> <span class='ocrx_word' id='word_1_570' title='bbox 990 2356 1137 2379; x_wconf 87' lang='lat' dir='ltr'>sermone</span> <span class='ocrx_word' id='word_1_571' title='bbox 1154 2350 1340 2388; x_wconf 88' lang='lat' dir='ltr'>complecti.</span> <span class='ocrx_word' id='word_1_572' title='bbox 1359 2351 1437 2387; x_wconf 83' lang='lat' dir='ltr'>Ergo</span> <span class='ocrx_word' id='word_1_573' title='bbox 1452 2350 1537 2388; x_wconf 78' lang='lat' dir='ltr'>quod</span> 
     </span>
     <span class='ocr_line' id='line_1_100' title="bbox 835 2394 1536 2435; baseline 0.004 -13"><span class='ocrx_word' id='word_1_574' title='bbox 835 2394 985 2432; x_wconf 87' lang='lat' dir='ltr'>superest</span> <span class='ocrx_word' id='word_1_575' title='bbox 1002 2403 1169 2426; x_wconf 81' lang='lat' dir='ltr'>servemus</span> <span class='ocrx_word' id='word_1_576' title='bbox 1190 2396 1353 2435; x_wconf 90' lang='lat' dir='ltr'>principio</span> <span class='ocrx_word' id='word_1_577' title='bbox 1373 2396 1487 2433; x_wconf 85' lang='lat' dir='ltr'>alteri,</span> <span class='ocrx_word' id='word_1_578' title='bbox 1501 2396 1536 2426; x_wconf 87' lang='lat' dir='ltr'>ut</span> 
     </span>
     <span class='ocr_line' id='line_1_101' title="bbox 836 2439 1536 2479; baseline 0.001 -11"><span class='ocrx_word' id='word_1_579' title='bbox 836 2439 875 2468; x_wconf 90' lang='lat' dir='ltr'>de</span> <span class='ocrx_word' id='word_1_580' title='bbox 890 2440 1000 2470; x_wconf 89' lang='lat' dir='ltr'>nostro</span> <span class='ocrx_word' id='word_1_581' title='bbox 1024 2448 1100 2470; x_wconf 90' lang='lat' dir='ltr'>sane</span> <span class='ocrx_word' id='word_1_582' title='bbox 1118 2440 1151 2470; x_wconf 92' lang='lat' dir='ltr'>et</span> <span class='ocrx_word' id='word_1_583' title='bbox 1164 2441 1284 2479; x_wconf 90' lang='lat' dir='ltr'>verbo,</span> <span class='ocrx_word' id='word_1_584' title='bbox 1306 2441 1339 2470; x_wconf 88' lang='lat' dir='ltr'>et</span> <span class='ocrx_word' id='word_1_585' title='bbox 1353 2440 1446 2469; x_wconf 87' lang='lat' dir='ltr'>modo</span> <span class='ocrx_word' id='word_1_586' title='bbox 1460 2448 1536 2476; x_wconf 84' lang='lat' dir='ltr'>gau-</span> 
     </span>
    </p>
   </div>
   <div class='ocr_carea' id='block_1_7' title="bbox 102 2478 1535 2614">
    <p class='ocr_par' dir='ltr' id='par_1_8' title="bbox 102 2478 1535 2614">
     <span class='ocr_line' id='line_1_102' title="bbox 102 2478 1535 2525; baseline 0.007 -20"><span class='ocrx_word' id='word_1_587' title='bbox 102 2484 143 2506; x_wconf 92' lang='lat' dir='ltr'>no</span> <span class='ocrx_word' id='word_1_588' title='bbox 160 2478 294 2516; x_wconf 84' lang='lat' dir='ltr'>‹licitur‚</span> <span class='ocrx_word' id='word_1_589' title='bbox 321 2481 537 2511; x_wconf 48' lang='lat' dir='ltr'>Oxtemlemz&#39;ln·</span> <span class='ocrx_word' id='word_1_590' title='bbox 560 2483 669 2520; x_wconf 76' lang='lat' dir='ltr'>faciem</span> <span class='ocrx_word' id='word_1_591' title='bbox 695 2484 803 2514; x_wconf 35' lang='lat' dir='ltr'>tasson?</span> <span class='ocrx_word' id='word_1_592' title='bbox 836 2485 911 2515; x_wconf 90' lang='lat' dir='ltr'>deat</span> <span class='ocrx_word' id='word_1_593' title='bbox 931 2486 1072 2525; x_wconf 89' lang='lat' dir='ltr'>Sponsus</span> <span class='ocrx_word' id='word_1_594' title='bbox 1098 2487 1249 2517; x_wconf 86' lang='lat' dir='ltr'>Ecclesiae</span> <span class='ocrx_word' id='word_1_595' title='bbox 1275 2487 1367 2516; x_wconf 88' lang='lat' dir='ltr'>Jesus</span> <span class='ocrx_word' id='word_1_596' title='bbox 1392 2485 1535 2515; x_wconf 90' lang='lat' dir='ltr'>Christus</span> 
     </span>
     <span class='ocr_line' id='line_1_103' title="bbox 103 2523 1534 2572; baseline 0.008 -20"><span class='ocrx_word' id='word_1_597' title='bbox 103 2523 151 2553; x_wconf 86' lang='lat' dir='ltr'>Ad</span> <span class='ocrx_word' id='word_1_598' title='bbox 177 2524 332 2562; x_wconf 73' lang='lat' dir='ltr'>quitl?Ut</span> <span class='ocrx_word' id='word_1_599' title='bbox 358 2526 441 2555; x_wconf 86' lang='grc'><strong>1111111</strong></span> <span class='ocrx_word' id='word_1_600' title='bbox 467 2526 613 2565; x_wconf 84' lang='lat' dir='ltr'>videtur,</span> <span class='ocrx_word' id='word_1_601' title='bbox 642 2537 674 2559; x_wconf 86' lang='lat' dir='ltr'>se</span> <span class='ocrx_word' id='word_1_602' title='bbox 703 2531 803 2568; x_wconf 82' lang='lat' dir='ltr'>magis</span> <span class='ocrx_word' id='word_1_603' title='bbox 836 2532 992 2563; x_wconf 90' lang='lat' dir='ltr'>Dominus</span> <span class='ocrx_word' id='word_1_604' title='bbox 1012 2533 1141 2571; x_wconf 84' lang='lat' dir='ltr'>noster,</span> <span class='ocrx_word' id='word_1_605' title='bbox 1157 2534 1214 2572; x_wconf 87' lang='lat' dir='ltr'>qui</span> <span class='ocrx_word' id='word_1_606' title='bbox 1239 2533 1288 2563; x_wconf 87' lang='lat' dir='ltr'>est</span> <span class='ocrx_word' id='word_1_607' title='bbox 1311 2539 1407 2569; x_wconf 84' lang='lat' dir='ltr'>super</span> <span class='ocrx_word' id='word_1_608' title='bbox 1428 2531 1534 2563; x_wconf 83' lang='lat' dir='ltr'>omnia</span> 
     </span>
     <span class='ocr_line' id='line_1_104' title="bbox 103 2569 1451 2614; baseline 0.004 -15"><span class='ocrx_word' id='word_1_609' title='bbox 103 2569 272 2601; x_wconf 84' lang='lat' dir='ltr'>ostendere</span> <span class='ocrx_word' id='word_1_610' title='bbox 282 2571 362 2602; x_wconf 74' lang='lat' dir='ltr'>vult.</span> <span class='ocrx_word' id='word_1_611' title='bbox 374 2572 420 2602; x_wconf 84' lang='lat' dir='ltr'>Ita</span> <span class='ocrx_word' id='word_1_612' title='bbox 433 2573 501 2603; x_wconf 86' lang='lat' dir='ltr'>est:</span> <span class='ocrx_word' id='word_1_613' title='bbox 517 2573 622 2604; x_wconf 89' lang='lat' dir='ltr'>videri</span> <span class='ocrx_word' id='word_1_614' title='bbox 637 2575 726 2613; x_wconf 88' lang='lat' dir='ltr'>vult,</span> <span class='ocrx_word' id='word_1_615' title='bbox 738 2584 802 2606; x_wconf 91' lang='lat' dir='ltr'>non</span> <span class='ocrx_word' id='word_1_616' title='bbox 838 2579 923 2608; x_wconf 82' lang='lat' dir='ltr'>Deus</span> <span class='ocrx_word' id='word_1_617' title='bbox 938 2578 1132 2610; x_wconf 87' lang='lat' dir='ltr'>benedictus</span> <span class='ocrx_word' id='word_1_618' title='bbox 1148 2579 1181 2609; x_wconf 90' lang='lat' dir='ltr'>in</span> <span class='ocrx_word' id='word_1_619' title='bbox 1198 2577 1311 2609; x_wconf 78' lang='lat' dir='ltr'>saecula</span> <span class='ocrx_word' id='word_1_620' title='bbox 1322 2598 1330 2614; x_wconf 83' lang='lat'>,</span> <span class='ocrx_word' id='word_1_621' title='bbox 1346 2584 1451 2605; x_wconf 75' lang='lat' dir='ltr'>amon.</span> 
     </span>
    </p>
   </div>
  </div>
 </body>
</html>
