1846 3078
528 219 573 248 ΙΝ
595 216 794 248 CANTICA
815 214 965 243 SERMO
991 212 1155 242 LXXIX.

122 272 354 311 pertransierat
371 272 411 303 ad
427 270 575 311 gloriam.
590 273 709 312 Quidni
725 272 824 302 etiam

122 319 205 350 hanc
220 319 362 357 oportuit
374 318 495 356 pariter
509 320 704 356 pertransire
716 318 728 348 ἐ’
739 317 823 347 Alio-

121 365 201 403 quin
217 373 280 394 non
295 364 423 402 poterat
448 365 714 403 apprehendere,
727 370 823 402 quem

120 417 185 439 non
198 417 258 448 per
272 409 386 439 eadem
397 410 536 450 vestigia
546 410 739 450 sequeretur
747 416 824 448 quo-

121 463 259 493 cumque
275 455 370 486 ierat.

159 500 192 530 5.
206 501 243 530 Et
257 500 294 530 ut
308 500 394 538 quod
409 499 482 531 dico
503 500 621 531 clarius
636 501 695 538 sit,
712 500 738 530 si
760 500 824 529 Do-

119 544 230 575 minus
255 554 348 576 meus
362 546 455 576 Jesus
480 547 676 576 surrexisset
690 545 823 584 quidem

118 597 137 620 a
152 589 305 628 mortuis,
323 589 379 620 sed
395 590 434 619 ad
450 591 547 620 coelos
561 590 696 620 minime
712 597 824 619 ascen-

119 634 241 672 disset,
266 643 330 665 non
359 635 487 673 poterat
503 636 567 665 dici
594 635 634 665 de
651 643 710 672 eo,
738 633 823 672 quod

119 680 364 718 pertransierit,
389 680 447 710 sed
471 681 597 710 tantum
622 679 790 710 transierit
811 686 819 706 τ

119 733 155 754 ac
170 733 229 763 per
249 725 310 755 hoc
334 733 482 763 sponsam
509 725 603 754 illum
623 724 821 763 quaerentem

118 770 257 800 transire
273 770 472 800 solummodo
485 771 736 808 oporteret,non
750 777 824 806 per-

117 816 269 845 transire.
281 816 370 845 Nunc
385 823 463 845 vero
479 815 631 853 quoniam
641 815 707 852 J'am
716 823 822 844 resur-

117 861 220 898 gendo
236 860 420 897 transierat,
438 860 643 897 etadJecerat
658 860 823 897 pertrans-

92 922 95 925 ,
117 906 168 935 ire
179 928 189 943 ,
223 906 337 943 utique
376 905 599 943 ascendend03
641 905 759 935 merito
787 913 821 934 se

88 958 92 962 ’
117 951 216 982 etiam
231 952 292 981 ista
308 959 372 980 non
385 951 554 987 transisse,
575 951 633 981 sed
653 951 821 988 pertrans-

116 996 179 1027 isse
204 996 393 1035 perhibuit,
416 1005 487 1034 quae
513 996 600 1026 hunc
615 996 746 1034 quidem
759 996 821 1025 fide

117 1043 151 1072 et
167 1042 338 1072 devotione
351 1042 391 1070 ad
407 1042 503 1071 coelos
516 1050 618 1079 usque
635 1042 746 1071 secuta
760 1041 820 1071 est.

118 1088 220 1125 Igitur
235 1087 369 1116 credere
392 1086 665 1116 resurrectionem
680 1087 820 1116 transire

119 1134 168 1163 est
183 1154 192 1170 ,
219 1132 352 1162 credere
378 1132 477 1161 etiam
500 1131 722 1161 ascensionem
747 1140 823 1170 per-

118 1178 269 1208 transire.
286 1178 324 1206 Et
338 1177 473 1207 fortasse
491 1175 600 1214 (quod
615 1185 678 1206 una
694 1177 821 1207 dierum

117 1224 239 1254 dixisse
269 1231 322 1252 me
353 1223 489 1252 memini
518 1231 591 1252 cum
620 1223 793 1252 tractarem
809 1223 819 1262 )

116 1269 251 1300 noverat
266 1268 354 1297 illam
365 1290 373 1305 ,
391 1269 483 1297 istam
500 1276 563 1298 non
578 1269 727 1298 noverat.
743 1270 822 1306 Ergo

116 1314 202 1353 quod
215 1314 277 1344 sihi
292 1313 405 1343 deerat
419 1314 575 1343 instructa
591 1314 629 1343 ab
653 1314 731 1351 illis,
747 1315 822 1352 quia

117 1359 244 1389 scilicet
260 1359 316 1398 qui
332 1359 576 1396 resurrexerat,
595 1359 696 1388 etiam
709 1368 822 1389 ascen-

118 1405 237 1443 disset3
258 1404 404 1434 ascendit
416 1405 449 1434 et
464 1404 533 1442 ipsa
548 1405 683 1442 pariter,
697 1405 758 1434 hoc
775 1408 822 1435 est

117 1451 325 1490 pertransiit,
343 1451 376 1480 et
392 1450 530 1480 invenit.
547 1450 667 1487 Quidni
687 1450 823 1480 invene-

116 1497 160 1527 rit
174 1496 365 1534 pertingens
385 1496 515 1532 mente,
531 1495 588 1524 ubi
611 1495 668 1525 ille
687 1504 820 1533 corpore

118 1541 193 1573 est?
221 1541 389 1571 Paululum
418 1550 487 1570 cum
510 1542 744 1579 pertransissem
760 1550 819 1572 eos.

115 1589 154 1618 Et
168 1587 252 1617 bene
268 1595 328 1616 eos.
349 1586 427 1615 Nam
441 1587 507 1616 tam
519 1585 623 1623 ipsos,
647 1595 744 1624 quam
760 1595 822 1616 cae-

114 1636 186 1665 tera
201 1632 348 1662 membra
363 1640 420 1661 sua
433 1653 442 1669 ,
466 1640 537 1670 quae
554 1633 629 1661 sunt
645 1640 743 1670 super
755 1633 821 1662 ter-

115 1688 184 1710 ram
195 1701 204 1717 ,
220 1676 317 1715 caput
342 1677 488 1706 nostrum
510 1677 641 1714 punctis
656 1679 820 1715 praecessit

116 1725 241 1755 duobus
254 1745 263 1760 ,
279 1724 376 1760 atque
401 1722 638 1760 transscendit,
660 1731 821 1753 resurrec-

114 1770 205 1800 tione
223 1767 282 1807 (ut
294 1768 362 1805 jam
388 1765 554 1805 diximus)
573 1768 606 1797 et
620 1769 818 1799 ascensione.

116 1815 244 1845 Etenim
263 1813 419 1852 primitiae
435 1813 590 1843 Christus.
608 1814 699 1850 Quod
720 1814 747 1843 si
764 1814 819 1844 ille

115 1859 297 1899 praecessit3
312 1860 344 1889 et
359 1858 437 1888 fides
451 1860 572 1888 nostra.
585 1859 646 1888 Ubi
662 1859 747 1889 enim
764 1860 820 1890 illa

116 1914 193 1936 eum
210 1913 276 1935 non
302 1903 520 1943 sequeretur?
535 1904 567 1934 Si
590 1905 772 1936 ascenderit
787 1906 819 1935 in

116 1952 236 1981 coelum
249 1972 259 1988 ,
275 1950 344 1989 ipsa
361 1950 429 1980 illic
443 1950 508 1988 est;
523 1950 549 1980 si
565 1951 771 1981 descenderIt
786 1952 819 1981 in

115 1997 280 2027 infernum
293 2017 302 2034 ,
318 1996 409 2026 adest
426 2005 434 2025 z
453 1996 485 2026 et
500 1996 527 2026 si
542 1997 719 2034 sumpserit
742 2005 820 2035 pen-

116 2051 173 2073 nas
206 2050 279 2072 suas
314 2041 477 2079 diluculo,
501 2042 534 2072 et
559 2042 757 2072 habitaverit
786 2043 819 2071 in

116 2087 273 2118 extremis
299 2087 414 2124 maris3
434 2086 531 2124 illuc,
554 2086 618 2124 ait,
635 2095 749 2117 manus
765 2088 819 2117 tua

115 2133 255 2164 deducet
268 2141 333 2168 me,
345 2133 378 2162 et
392 2133 519 2162 tenebit
532 2141 583 2162 me
601 2133 737 2162 dextera
749 2134 816 2163 tua.

111 2179 223 2210 Nonne
240 2178 381 2216 denique
405 2178 584 2207 secundum
605 2178 689 2208 hanc
712 2180 819 2208 omni-

113 2225 229 2264 potens
256 2224 289 2254 et
311 2231 435 2254 summe
457 2224 561 2253 bonus
582 2224 678 2253 Pater
704 2224 816 2262 Sponsi

114 2269 364 2306 consuscitavit,
380 2269 413 2298 et
430 2269 607 2299 consedere
622 2278 679 2300 nos
694 2269 773 2300 fecit
785 2271 818 2299 in

113 2315 250 2345 dextera
276 2322 331 2343 sua
355 2313 487 2351 ?Atque
505 2314 565 2343 hoc
586 2323 644 2353 pro
673 2324 711 2345 eo
733 2316 817 2354 quod

113 2358 199 2389 dixit
230 2359 393 2396 Ecclesia,
423 2359 500 2396 quia
527 2362 712 2397 pertransivi
737 2370 786 2391 eos
807 2371 816 2390 .·

112 2404 266 2444 quoniam
277 2405 309 2434 et
322 2404 426 2434 semet
437 2404 706 2442 pertransiit,fide
719 2406 816 2444 stans,

112 2458 178 2489 quo
199 2450 339 2480 necdum
356 2450 464 2487 reipsa
485 2450 650 2488 pervenit.
672 2451 817 2481 ArbItror

112 2495 147 2524 et
174 2494 256 2524 illud
280 2495 432 2532 planum,
463 2503 521 2524 cur
543 2503 577 2525 se
603 2496 816 2534 pertransisse

112 2540 239 2579 potius,
263 2548 359 2579 quam
378 2540 530 2572 transisse
553 2541 663 2572 dicere
688 2543 814 2572 maluit.

111 2586 150 2662 {lt
164 2594 221 2618 nos
241 2586 442 2621 transeamus
463 2586 503 2620 ad
525 2595 563 2622 ea
583 2596 655 2629 quae
670 2596 817 2630 sequun-

130 2639 180 2662 ur.

1493 215 1553 246 [⁴55

896 267 927 298 [ι.
946 268 1044 298 Tenui
1056 275 1138 302 eum,
1150 273 1204 295 nec
1218 266 1366 298 dimittam
1375 289 1386 306 ‚
1398 269 1489 301 donec
1503 273 1552 301 in-

858 315 1015 344 troducam
1031 312 1160 342 illumin
1176 312 1297 341 domum
1307 316 1414 345 matris
1427 325 1513 353 mese,
1525 318 1553 346 et

857 361 887 389 ἱη
914 359 1087 389 cubiculum
1115 357 1268 396 qenitrz‘ce‘s
1298 367 1383 387 πιθα».
1410 360 1456 389 lta
1482 362 1530 392 est
1541 383 1551 398 ,

858 406 981 435 extunc
997 405 1030 434 et
1054 403 1210 441 deinceps
1232 409 1297 431 non
1322 402 1431 434 deficit
1453 414 1554 443 genus

856 450 1092 486 Christianum,
1109 456 1171 478 nec
1198 447 1279 477 fides
1304 446 1343 476 de
1368 448 1472 486 terra,
1494 459 1553 480 nec

857 496 974 526 caritas
987 495 1027 525 de
1042 493 1196 524 Ecclesia.
1217 491 1387 522 Venerunt
1398 492 1533 524 flumina
1544 517 1555 534 2

856 539 1018 570 flaverunt
1033 538 1143 576 venti,
1157 538 1189 568 et
1204 537 1412 575 impegerunt
1425 536 1459 565 in
1467 545 1555 574 eam,

857 585 890 615 et
904 594 969 615 non
984 585 1121 622 cecidit,
1148 591 1187 613 eo
1209 582 1294 621 quod
1318 582 1452 612 fundata
1474 584 1558 613 esset

855 639 950 669 supra
965 631 1102 669 petram.
1118 629 1210 659 Petra
1221 628 1331 658 autem
1344 629 1392 658 est
1402 627 1557 658 Christus.

857 677 965 714 ltaque
985 684 1046 706 nec
1061 674 1260 705 verbositate
1275 674 1562 712 Philosophorum3

855 729 915 750 nec
939 720 1201 750 cavillationibus
1222 719 1468 758 haereticorum,
1497 727 1559 749 nec

855 765 971 804 gladiis
979 765 1223 804 persecutorum
1236 765 1343 802 potuit
1357 765 1430 802 ista,
1439 766 1495 796 aut
1503 773 1560 803 po-

856 812 933 842 terit
948 811 1123 850 aliquando
1139 810 1282 848 separari
1297 818 1315 840 a
1331 811 1466 840 caritate
1482 810 1558 848 Dei,

855 866 924 895 quae
941 858 990 886 est
1006 857 1040 886 in
1057 856 1183 885 Christo
1206 856 1305 885 Jesu:
1322 856 1403 886 adeo
1426 856 1558 885 fortiter

857 903 947 932 tenet
963 911 1060 940 quem
1076 901 1185 939 diligit
1198 902 1306 931 anima
1318 910 1392 939 sua,
1410 902 1489 931 adeo
1505 901 1558 931 illi

855 949 1019 978 adhaerere
1032 949 1098 978 Deo
1107 948 1226 977 bonum
1239 949 1300 978 est.
1314 949 1436 978 Glutz‘no
1445 948 1559 978 bouum

855 997 909 1031 est,
922 994 1085 1024 aitlsaias.
1097 993 1182 1031 Quid
1194 993 1254 1022 hoc
1264 993 1408 1023 tenacius
1420 993 1558 1032 glutino,

854 1041 940 1078 quod
955 1049 1016 1070 nec
1032 1040 1124 1078 aquis
1139 1040 1261 1069 eluitur
1273 1061 1282 1077 ,
1298 1047 1358 1069 nee
1373 1039 1480 1069 ventis
1494 1039 1559 1069 dis-

854 1085 1009 1123 solvitur,
1034 1094 1095 1115 nec
1121 1084 1281 1114 scindItur
1300 1084 1441 1122 gladiis?
1456 1085 1558 1115 Deni-

855 1139 918 1168 que
935 1139 1026 1169 aquae
1048 1131 1159 1161 multae
1181 1138 1245 1160 nou
1261 1131 1417 1169 poterunt
1432 1132 1558 1161 exstin-

855 1185 953 1215 guere
972 1177 1151 1206 caritatem.
1171 1177 1269 1206 Tenui
1283 1185 1370 1214 eum,
1385 1185 1439 1207 nec
1454 1178 1558 1208 dimit-

856 1226 931 1253 tam.
959 1222 998 1252 Et
1022 1223 1152 1252 sanctus
1178 1222 1363 1251 Patriarcha
1379 1231 1387 1251 :
1413 1223 1486 1253 Non
1510 1224 1555 1261 te,

856 1269 980 1307 inquit,
1003 1270 1176 1305 dimittam,
1191 1269 1252 1298 πίει·
1267 1268 1455 1299 benedixeris
1469 1269 1556 1299 mihi.

856 1311 900 1341 lta
926 1312 985 1342 ista
1011 1320 1076 1342 non
1098 1312 1171 1341 vult
1202 1320 1277 1341 eum
1307 1311 1475 1342 dimittere
1488 1334 1498 1349 ,
1524 1313 1558 1343 et

855 1358 937 1388 sorte
949 1358 1050 1396 magis
1059 1366 1156 1396 quam
1164 1357 1348 1386 patriarcha
1358 1357 1392 1387 id
1400 1366 1464 1387 non
1474 1358 1556 1397 vult,

856 1404 932 1441 quia
953 1412 1013 1433 nec
1030 1412 1087 1441 pro
1100 1403 1329 1432 benedictione
1345 1403 1490 1440 quidem.
1507 1403 1558 1433 Si-

855 1449 988 1486 quidem
1003 1449 1060 1478 ille
1072 1447 1302 1478 benedictione
1317 1449 1449 1486 accepta
1462 1448 1559 1478 dimi-

853 1494 896 1523 sit
911 1503 987 1523 eum
999 1515 1008 1531 ,
1031 1495 1100 1524 haec
1115 1493 1224 1523 autem
1235 1501 1302 1524 non
1317 1494 1375 1524 sic.
1391 1495 1469 1524 Nolo
1482 1516 1491 1532 ,
1508 1495 1560 1525 in-

853 1540 942 1577 quit,
972 1539 1238 1570 benedictionem
1275 1539 1382 1578 tuam,
1421 1540 1479 1570 sed
1510 1541 1556 1571 te.

854 1588 932 1626 Quid
946 1588 1029 1616 enim
1048 1587 1126 1616 'mihi
1141 1587 1184 1615 est
1199 1587 1232 1615 in
1259 1586 1347 1622 coezo,
1367 1587 1396 1616 et
1410 1595 1430 1615 a
1446 1588 1473 1616 te
1487 1588 1559 1625 quid

852 1634 936 1662 volui
945 1641 1036 1670 super
1048 1633 1175 1662 terram.
1191 1631 1260 1661 Non
1272 1631 1434 1661 dimittam
1443 1631 1557 1670 te,nec

853 1677 879 1707 si
894 1677 1106 1707 benedixeris
1121 1675 1216 1705 mihi.

893 1723 922 1751 5.
939 1723 1037 1752 Tenui
1048 1731 1129 1758 eum,
1137 1730 1192 1750 uec
1200 1721 1363 1750 dimittam.
1372 1719 1436 1750 Nec
1447 1719 1556 1751 minus

853 1766 984 1797 forsitan
1005 1767 1062 1796 ille
1078 1765 1184 1797 teneri
1196 1764 1286 1802 vult,
1299 1773 1373 1794 cum
1384 1765 1557 1803 perhibeat

853 1812 979 1842 dicens:
995 1813 1118 1843 Delicioe
1132 1819 1206 1841 meoe
1222 1819 1281 1841 esse
1293 1819 1361 1840 cum
1373 1811 1442 1847 filiis
1456 1811 1558 1842 homi-

853 1867 937 1887 num.
956 1858 1111 1896 Quodque
1137 1855 1294 1895 pollicens
1315 1856 1382 1884 ait:
1410 1857 1488 1886 Ecce
1502 1866 1556 1895 eqo

855 1904 1007 1934 vobiscum
1021 1912 1090 1934 sum
1112 1902 1252 1933 omnibus
1277 1901 1381 1931 diebus
1399 1911 1494 1940 usque
1515 1904 1556 1932 ad

852 1950 1144 1980 consummationem
1172 1948 1286 1978 soeculi.
1312 1947 1396 1984 Quid
1420 1948 1479 1978 hac
1503 1956 1556 1978 co-

852 1995 927 2032 pula
959 1994 1089 2032 fortius,
1117 2002 1190 2032 quae
1217 2000 1281 2022 una
1317 1992 1453 2021 duorum
1487 1993 1554 2023 tam

853 2040 1041 2070 vehementi
1053 2039 1219 2069 voluntate
1229 2039 1353 2068 firmata
1366 2039 1414 2069 est
1428 2039 1441 2068 ἒ
1458 2041 1556 2070 Tenui

851 2096 918 2116 eum
933 2108 943 2123 ‚
980 2086 1098 2124 inquit.
1140 2085 1204 2115 Sed
1238 2084 1451 2115 nihilominus
1484 2086 1555 2124 ipsa

852 2132 994 2162 vicissim
1010 2133 1141 2161 tenetur
1156 2132 1194 2160 ab
1211 2139 1249 2160 eo
1261 2138 1358 2168 quem
1378 2130 1488 2169 tenet,
1501 2131 1554 2161 cui

851 2178 931 2207 alibi
954 2178 1034 2208 dicit
1054 2186 1062 2207 :
1082 2178 1218 2207 Teuuisti
1241 2185 1371 2205 manum
1394 2177 1552 2207 dexteram

853 2233 963 2254 meam.
980 2225 1058 2261 Quae
1074 2223 1216 2259 tenetur,
1230 2222 1263 2252 et
1275 2222 1378 2259 tenet,
1393 2223 1552 2259 quomodo

848 2271 914 2307 jam
928 2270 1044 2299 cadere
1053 2269 1160 2307 potest
1173 2267 1379 2298 ?Tenetfidei
1389 2268 1550 2306 firmitate,

851 2317 939 2346 tenet
953 2315 1136 2345 devotionis
1152 2314 1279 2344 affectu.
1296 2314 1335 2343 At
1347 2321 1550 2351 nequaquam

851 2360 907 2390 diu
922 2361 1072 2398 teneret,
1085 2360 1113 2390 si
1128 2368 1192 2389 non
1214 2360 1393 2389 teneretur.
1410 2358 1552 2387 Tenetur

850 2407 959 2436 autem
972 2406 1119 2444 potentia
1132 2406 1165 2435 et
1176 2403 1395 2435 misericordia
1408 2402 1548 2433 Domini.

853 2453 950 2482 Tenui
959 2461 1028 2482 eum
1036 2474 1046 2489 ,
1061 2461 1115 2482 uec
1128 2452 1278 2481 dimittam
1286 2471 1296 2486 ,
1310 2450 1401 2478 donec
1410 2449 1548 2477 introdu-

851 2507 918 2528 cam
933 2499 1021 2528 illum
1043 2500 1075 2528 iu
1097 2499 1220 2527 domum
1234 2496 1343 2525 matris
1359 2501 1434 2522 meoe
1444 2513 1453 2528 ,
1467 2494 1495 2522 et
1515 2494 1547 2522 iu

850 2544 1022 2574 cubiculum
1041 2543 1193 2582 qenitricis
1206 2548 1290 2571 meoe.
1310 2539 1422 2576 Magna
1436 2538 1547 2568 Eccle-

851 2589 906 2618 siae
932 2588 1049 2618 caritas
1067 2609 1077 2625 ,
1106 2595 1176 2626 quae
1200 2593 1242 2616 ne
1266 2584 1389 2615 aemulae
1413 2583 1545 2622 quidem

851 2634 1021 2673 Synaaogae
1047 2640 1119 2664 suas
1143 2630 1276 2663 delicias
1298 2629 1434 2662 invidet.
1460 2628 1545 2669 Quid
