1830 3073
516 224 573 252 DE
598 217 814 252 DIVERSis
837 216 994 246 SERMO'
1011 217 1098 245 XLI.

827 278 1015 309 separemur
1027 291 1036 308 ,
1080 268 1114 300 et
1149 266 1381 302 adversitatem
1426 274 1532 306 animo

100 281 243 315 transeat
254 304 263 321 ,
278 277 455 311 condienda
477 277 526 308 est
542 277 608 307 sale
622 272 794 306 humilita-

98 330 141 360 tis
150 352 159 367 ,
169 329 244 367 quia
255 326 336 357 nihil
347 323 493 364 proderit
504 323 631 353 fortiter
647 319 792 357 obedire,

99 375 127 405 si
147 371 317 410 contigerit
342 369 522 400 infeliciter
545 366 725 406 superbire.
742 365 793 394 Illi

98 427 172 457 ergo
183 416 406 448 fortitudinem
422 423 513 445 suam
525 414 565 444 ad
575 415 679 444 Deum
690 411 794 442 custo-

97 464 206 501 diunt,
231 463 387 502 quicum
415 460 558 491 fecerint
577 458 663 498 quod
686 457 792 487 facere

95 509 232 547 debent,
249 508 359 539 dicere
385 506 521 546 possunt
542 514 550 535 :
574 506 659 536 Servi
673 504 793 541 inutiles

92 563 213 591 sumus,
226 556 305 594 quod
319 554 475 584 debuimus
486 553 586 591 facere
600 550 737 589 fecimus.

133 601 182 630 10.
193 601 358 638 Septimus
369 599 485 638 gradus
496 598 561 634 est,
571 593 793 626 indesinenter

91 646 330 685 obtemperare.
353 646 422 675 Non
443 644 498 682 qui
519 641 712 680 incoeperit,
735 639 792 670 sed

90 692 146 729 qui
168 690 449 730 perseveraverit,
462 689 515 718 hic
530 689 636 718 salvus
650 686 725 717 erit.
739 686 793 716 ln-

89 738 200 775 cipere
215 737 390 766 multorum
403 735 471 772 est3
486 740 697 772 perseverare
713 740 791 770 pau-

89 791 209 812 corum.
220 780 465 811 Perseverantia
478 778 650 818 singularis
665 780 714 808 est
724 777 792 807 filia

87 828 204 859 summi
217 827 312 865 Regis
321 849 330 865 ,
339 827 501 856 virtutum
513 825 650 863 fructus,
663 832 791 854 earum-

87 882 150 912 que
173 873 406 904 consummatio
421 894 430 911 ,
451 872 553 903 totius
566 871 645 902 boni
665 871 790 909 reposi-

85 919 223 957 torium3
246 918 349 949 virtus
369 918 439 948 sine
457 925 520 956 qua
544 925 642 947 nemo
661 916 790 947 videbit

85 965 207 1003 Deum,
224 973 286 995 nec
307 973 325 994 a
344 965 413 994 Deo
437 963 604 994 videbitur
626 972 634 992 ε
651 963 725 993 finis
741 963 789 992 est

85 1011 123 1041 ad
137 1011 299 1048 justitiam
313 1010 403 1040 omni
419 1010 567 1041 credenti
580 1031 589 1047 ,
605 1009 640 1039 in
652 1017 714 1047 qua
726 1009 789 1039 vir-

83 1058 192 1086 tutum
207 1057 386 1086 conventus
401 1055 621 1086 reverendum
636 1055 699 1085 sibi
715 1055 788 1085 tha-

84 1102 207 1132 lamum
219 1101 433 1131 consecravit.
449 1100 534 1138 Quid
549 1101 636 1130 enim
655 1108 786 1131 currere

84 1148 212 1185 prodest
225 1169 234 1185 ,
244 1148 275 1177 et
287 1148 362 1177 ante
373 1147 493 1177 metam
505 1155 617 1176 cursus
629 1146 788 1177 deficere?

82 1195 132 1223 Sic
144 1195 254 1223 currite
270 1196 304 1223 ut
316 1193 594 1231 comprehendatis,
607 1192 688 1222 dicit
704 1193 786 1231 Apo-

80 1240 191 1269 stolus.
206 1239 230 1268 Ο
245 1246 343 1277 quam
364 1238 591 1276 perseveranti
613 1237 696 1275 pede
712 1247 786 1268 cur-

81 1293 152 1314 sum
166 1293 261 1314 suum
278 1283 463 1322 perfecerat
476 1282 532 1320 qui
547 1282 676 1313 dicebat
688 1292 696 1312 z
708 1285 786 1314 Cur-

80 1339 148 1360 sum
164 1330 387 1360 consummavi.
410 1329 434 1358 Ο
449 1336 546 1367 quam
562 1329 694 1366 longum
708 1338 784 1359 cur-

79 1384 151 1405 sum
178 1375 260 1405 felix
292 1376 348 1405 ille
373 1375 467 1404 Latro
495 1374 671 1411 complevit
685 1374 693 1404 !
727 1375 783 1414 qui

79 1422 317 1452 consummatus
329 1422 362 1451 in
374 1419 468 1451 brevi
480 1420 627 1458 explevit
637 1421 783 1459 tempora

79 1469 193 1498 multa.
209 1468 357 1506 Denique
380 1467 413 1497 et
428 1467 585 1496 Dominus
605 1466 783 1504 Propheta-

79 1522 150 1543 rum
172 1521 231 1552 per
250 1513 445 1552 Prophetam
460 1512 628 1550 loquitur:
652 1512 688 1542 sa·
709 1521 783 1542 con-

78 1569 177 1590 versus
188 1560 280 1598 fucrit
297 1560 394 1596 justus
409 1568 429 1588 (ι
439 1558 561 1597 justicia
576 1567 634 1588 sua
644 1579 654 1594 ‚
666 1559 695 1588 et
706 1559 782 1597 fece·

77 1607 118 1635 rz't
140 1607 350 1644 iniquitatem,-
367 1604 706 1641 omm'u›iz-justitiarum
718 1604 781 1642 ejus

77 1659 139 1680 ozon
154 1651 350 1681 recordabor.
372 1649 471 1680 Vides
492 1657 567 1686 ergo
592 1658 688 1687 quam
706 1659 780 1688 pro-

77 1696 178 1726 funda
194 1697 358 1727 oblivioni¹
374 1695 513 1726 virtutes
528 1695 592 1725 illae
613 1696 780 1733 sepelian-

77 1743 130 1771 tur
139 1764 148 1779 ,
161 1749 240 1780 quas
252 1741 498 1780 perseverantia
507 1748 571 1769 non
585 1740 778 1777 insignierit.

77 1788 149 1816 Sola
166 1788 214 1816 est
225 1809 234 1824 ,
249 1795 320 1824 quae
337 1786 516 1815 amatorem
530 1785 725 1816 obedientiae
741 1788 779 1816 ad

78 1832 174 1870 iis-gis
201 1831 389 1860 cubiculum
412 1830 610 1868 introducit,
642 1832 680 1861 ut
704 1840 778 1862 eum

77 1877 185 1907 rideat
202 1878 235 1906 in
254 1877 369 1907 decore
387 1884 443 1906 suo
460 1898 469 1914 ,
484 1875 521 1905 in
536 1885 634 1914 quem
650 1878 779 1909 deside—

76 1922 148 1951 rant
173 1922 285 1959 Angeli
307 1921 507 1960 prospicere.
534 1922 570 1950 ln
596 1922 652 1951 via
676 1924 778 1961 igitur

76 1968 153 2004 ista,
170 1968 203 1996 in
219 1976 281 2005 qua
297 1967 500 1997 ambulamus
512 1988 520 2002 ‚
537 1967 777 1998 absconderunt

74 2013 204 2051 superbi
218 2013 370 2051 laqueum
386 2012 480 2042 mihi.
494 2012 644 2042 Difficilis
660 2014 709 2043 est
724 2014 775 2043 via

74 2058 152 2095 ista,
187 2059 220 2088 et
252 2057 359 2096 gravis
387 2057 526 2095 spinosis
555 2058 773 2098 anfractibus,

73 2103 303 2142 multiplicium
325 2103 532 2135 vinculorum
555 2104 698 2134 nexibus
724 2106 775 2135 in-

72 2149 198 2180 nodata.
208 2149 255 2179 An
266 2150 303 2179 tu
316 2149 359 2178 ibi
375 2150 469 2187 putas
481 2149 676 2180 obedientiae
686 2150 773 2182 fruc-

70 2198 140 2226 tum
150 2217 159 2233 ,
172 2204 246 2225 cum
260 2195 410 2226 subditus
426 2195 518 2224 audit
533 2195 752 2227 obedientiam
763 2221 771 2236 ‚

70 2250 167 2281 quam
187 2242 300 2272 multis
323 2242 510 2280 expetierat
531 2242 634 2280 votis,
651 2252 724 2273 cum
741 2245 771 2274 ei

70 2288 260 2327 praecipitur
283 2288 369 2326 quod
393 2288 539 2319 redoleat
560 2288 770 2329 dignitatem,

69 2334 185 2373 gaudio
202 2335 236 2364 et
255 2333 370 2363 laetitia
392 2333 518 2371 fluitet,
538 2335 692 2372 potentiae
707 2335 772 2366 ful-

69 2380 174 2408 ciatur
199 2378 362 2416 imagine?
375 2379 398 2407 E
414 2379 575 2409 contrario
604 2380 714 2410 autem
730 2389 770 2411 an

68 2427 105 2453 iu
128 2424 177 2454 illi
201 2423 396 2454 obedientiae
426 2424 582 2454 meritum
608 2425 769 2465 assignas,

68 2479 141 2508 quae
170 2477 243 2499 cum
269 2469 464 2499 adversitate
488 2470 685 2508 procedens,
703 2473 771 2502 ani-

68 2524 157 2546 mum
181 2515 283 2545 terret
306 2515 486 2553 audientis,
511 2516 618 2553 gravis
644 2517 685 2546 ad
715 2526 770 2548 au-

70 2561 240 2598 diendum,
260 2560 388 2599 gravior
417 2560 457 2589 ad
483 2560 706 2599 implendum,
730 2563 770 2593 ad

67 2606 244 2636 tenendum
256 2606 464 2645 gravissima?
477 2607 546 2636 Non
571 2607 619 2637 cst
642 2607 697 2637 ita.
712 2608 770 2637 Fa-

69 2652 217 2685 ciendum
245 2653 291 2683 cst
315 2653 351 2684 ut
379 2661 394 2682 a
420 2652 633 2691 prosperitate
662 2653 769 2684 animo

1493 221 1534 251 87

828 317 1100 355 complectamur3
1117 315 1144 346 si
1158 316 1309 345 volumus
1323 317 1416 348 illum
1427 321 1533 358 sequi,

827 363 882 401 qui
899 370 1034 401 regnum
1050 361 1134 400 sugit
1145 382 1155 400 ,
1176 360 1210 391 et
1224 360 1265 391 ad
1278 361 1460 399 passionem
1473 372 1533 395 vo-

825 408 984 439 luntarius
996 408 1100 438 venit.

873 455 922 484 11.
949 452 1192 484 Animadvertis
1221 453 1322 492 igitur
1334 473 1344 491 ,
1369 452 1446 491 quia
1468 454 1531 485 viae

827 500 912 539 istae,
922 500 984 531 viae
999 499 1074 530 vitae
1089 499 1166 529 sunt
1177 521 1186 538 ,
1200 499 1355 529 ducentes
1366 498 1407 529 ad
1418 498 1532 529 vitam.

824 547 915 576 Beati
942 547 1032 576 miles
1045 567 1054 584 ,
1088 545 1247 584 quoniam
1280 544 1379 575 mites
1403 544 1535 575 docebit

824 591 980 621 Dominus
995 591 1067 621 vias
1081 599 1154 621 suas
1170 598 1179 620 ε
1196 590 1362 629 continget
1379 589 1469 621 enim
1485 590 1536 620 eis

824 637 910 675 quod
932 637 1079 675 sequitur
1105 645 1114 666 ε
1138 636 1325 675 Adimplebis
1347 644 1395 666 me
1422 636 1534 666 loetz'tia

824 692 892 712 cum
907 684 993 713 vultu
1009 682 1171 720 tuo.Quia
1196 681 1355 720 quamdiu
1370 689 1482 712 sumus
1495 680 1532 711 in

824 737 968 767 corpore,
977 729 1226 767 peregrinamur
1241 736 1259 758 a
1273 727 1425 766 Domino,
1435 728 1531 767 longe

822 783 934 805 sumus
959 783 977 804 a
997 774 1082 805 facie
1106 775 1191 813 Dei,
1208 782 1227 805 a
1241 774 1338 805 vultu
1361 773 1492 814 gloriae,
1512 783 1531 804 a

823 821 1098 860 contemplatione
1123 821 1324 859 majestatis,
1359 820 1426 851 nisi
1452 821 1530 859 quia

822 867 1015 905 plerumque
1030 867 1216 897 misericors
1229 866 1263 897 et
1277 866 1451 897 miserator
1467 867 1530 897 Do-

822 915 930 945 minus
958 915 1125 946 illuminat
1150 915 1281 945 vultum
1306 923 1402 945 suum
1430 923 1530 954 super

821 969 889 992 nos.
907 962 973 992 Hoc
989 962 1098 992 autem
1122 961 1183 1000 fit,
1199 969 1274 991 cum
1297 961 1424 992 remota
1438 961 1527 992 nube

821 1006 899 1046 illa,
930 1016 1003 1047 quae
1031 1007 1181 1046 opposita
1206 1006 1278 1037 erat
1301 1014 1344 1037 ne
1373 1007 1530 1038 transiret

821 1054 944 1092 oratio,
967 1053 1154 1084 accedimus
1173 1052 1215 1082 ad
1229 1052 1342 1090 illum,
1358 1052 1392 1082 et
1407 1052 1530 1083 illumi·

820 1107 956 1138 namur,
971 1100 1117 1131 revelata
1131 1098 1216 1129 facie
1237 1098 1373 1136 gloriam
1394 1098 1535 1129 Domini

820 1146 1038 1183 speculantes,
1053 1146 1124 1175 Non
1139 1145 1250 1175 autem
1261 1144 1309 1175 ita
1326 1145 1458 1183 proprie
1473 1153 1528 1176 re-

820 1191 927 1220 velata
938 1190 1022 1221 facie
1033 1190 1235 1228 accipiamus
1245 1211 1254 1227 ,
1268 1198 1343 1220 cum
1359 1190 1530 1222 videamus

819 1235 926 1266 adhuc
937 1244 997 1274 per
1009 1237 1180 1274 speculum
1192 1235 1275 1265 etin
1285 1235 1457 1274 aenigmate
1466 1258 1476 1274 ,
1493 1237 1527 1267 et

819 1282 975 1311 carcerali
1002 1289 1135 1320 corpore
1155 1282 1328 1311 teneamur
1351 1288 1360 1310 ε
1382 1282 1527 1313 Revelato

819 1335 895 1357 vcro
916 1327 1014 1366 dicit,
1031 1327 1189 1366 quantum
1213 1327 1253 1357 ad
1267 1326 1441 1366 caliginem
1458 1336 1527 1358 cor-

818 1381 944 1410 porum.
960 1373 1053 1403 Unde
1073 1372 1210 1411 spiritus
1235 1372 1298 1402 iste
1320 1372 1450 1403 creatus
1465 1374 1526 1403 ali—

817 1420 944 1456 quando
964 1419 1006 1449 ad
1021 1420 1208 1449 Creatorem
1223 1418 1401 1457 spirituum
1417 1427 1526 1450 emer-

816 1464 883 1503 git,
900 1465 934 1496 et
946 1464 1116 1495 adhaerens
1130 1464 1161 1494 ei
1176 1471 1263 1493 unus
1279 1471 1355 1493 cum
1373 1472 1413 1494 eo
1428 1465 1526 1502 spiri-

817 1510 867 1540 tus
876 1511 1028 1541 efficitur.
1043 1510 1171 1541 Nullius
1181 1510 1292 1540 autem
1302 1510 1460 1540 momenti
1476 1513 1525 1542 est

816 1556 876 1586 ista
897 1556 1129 1595 contemplatio
1145 1564 1154 1585 ε
1175 1556 1253 1594 quia
1268 1554 1404 1593 spiritus
1419 1557 1525 1587 claus-

815 1601 873 1631 tris
899 1602 1065 1641 corporeis
1091 1600 1330 1639 circumdatus,
1358 1600 1525 1640 frequenti

815 1648 921 1678 carnis
948 1648 1139 1686 contagione
1164 1647 1337 1686 reliditur,
1362 1647 1398 1677 et
1425 1657 1522 1687 supra

815 1694 995 1723 creaturam
1026 1692 1242 1730 constitutus,
1269 1693 1356 1723 infra
1383 1702 1522 1733 quaeque

814 1739 973 1769 vilissima
1009 1739 1158 1778 protinus
1185 1738 1364 1776 reperitur.
1395 1739 1461 1770 Sed
1490 1742 1523 1770 ct

814 1785 938 1814 creator
968 1784 1109 1823 Spiritus
1121 1806 1131 1822 ,
1160 1783 1256 1820 cujus
1291 1792 1408 1822 magna
1442 1787 1522 1815 sunt

814 1837 929 1868 opera,
953 1829 1118 1868 exquisita
1142 1829 1177 1858 in
1201 1837 1315 1859 omnes
1334 1830 1522 1860 voluntates

814 1875 883 1912 ejus
893 1897 902 1912 ,
916 1876 1011 1906 modo
1026 1874 1153 1905 accedit
1167 1874 1390 1905 nescientibus
1404 1875 1498 1906 nohis
1510 1898 1520 1913 ,

813 1922 907 1950 modo
926 1920 1154 1958 ignorantibus
1168 1920 1262 1950 nobis
1276 1920 1421 1958 recedit3
1443 1922 1519 1959 quia

812 1967 975 1996 nescimus
990 1966 1077 1996 unde
1092 1966 1225 2003 veniat,
1248 1966 1307 1996 aut
1324 1974 1389 2004 quo
1408 1967 1517 1997 vadat.

811 2013 848 2041 Et
863 2013 1056 2051 plerumque
1076 2012 1199 2050 quanto
1216 2011 1421 2050 frequentius
1432 2021 1519 2050 quae-

810 2058 916 2095 ritur,
938 2059 1028 2088 tanto
1047 2057 1194 2088 velocius
1213 2058 1402 2096 elongatur,
1421 2058 1518 2095 juxta

809 2105 894 2143 quod
915 2105 948 2135 et
971 2105 1040 2143 ipse
1065 2103 1214 2142 loquitur
1229 2112 1353 2142 sponsae
1378 2113 1386 2134 ε
1405 2105 1518 2135 Areo-te

808 2151 910 2181 oculos
934 2153 1002 2180 [teos
1026 2159 1046 2179 a
1062 2158 1127 2186 me,
1143 2150 1217 2188 quia
1241 2150 1300 2187 ipsi
1320 2158 1369 2178 mc
1391 2149 1518 2179 avolare

807 2197 956 2234 fecerunt.
979 2195 1144 2234 Contingit
1165 2194 1266 2224 etiam
1291 2194 1329 2224 ut
1351 2202 1425 2224 cum
1450 2203 1516 2224 non

806 2242 981 2280 quaeritur,
1004 2241 1139 2279 veniat3
1166 2249 1242 2271 cum
1256 2239 1435 2278 quaeritur,
1460 2240 1515 2270 fu-

807 2289 891 2326 giat,
903 2289 988 2318 sicut
1008 2295 1125 2326 sponsa
1139 2295 1174 2318 se
1192 2287 1228 2317 in
1243 2286 1389 2317 canticis
1399 2287 1515 2317 multi-

807 2334 935 2372 pliciter
956 2333 1099 2364 ostendit
1119 2332 1275 2371 quaesisse
1289 2354 1298 2370 ,
1315 2331 1351 2362 et
1371 2339 1439 2362 non
1460 2332 1514 2362 in-

806 2379 1043 2410 venissesNon
1068 2379 1119 2409 est
1147 2379 1260 2409 autem
1285 2378 1398 2409 vultus
1430 2378 1512 2416 iste,

806 2426 932 2456 vultum
952 2425 1064 2464 gloriae
1091 2424 1222 2455 Domini
1243 2423 1428 2461 invenisse,
1456 2423 1514 2462 qui

806 2472 852 2501 cst
868 2480 966 2510 super
987 2471 1163 2501 Cherubim
1179 2478 1188 2500 ι
1203 2470 1281 2509 quia
1302 2469 1513 2500 universitati

805 2517 999 2556 Angelorum
1026 2516 1222 2555 purissimus
1252 2515 1287 2546 et
1312 2513 1512 2544 clarissimus

805 2562 998 2600 exhibeturg
1020 2561 1114 2592 nobis
1130 2569 1208 2592 vcro
1223 2557 1451 2599 speculatoriis
1477 2558 1513 2587 et

805 2607 1033 2638 umbratilibus
1053 2607 1263 2638 adumbratur
1278 2602 1488 2642 imaginibus.

846 2654 894 2683 ⁴2.
908 2654 991 2692 Quia
1004 2652 1167 2693 igiturhic
1175 2650 1304 2682 vultum
1320 2647 1399 2687 Dei,
1412 2646 1508 2680 sicuti
