1830 3073
317 213 376 243 ⁴02

315 276 380 307 quo
395 266 490 298 timet
501 266 609 305 homo,
621 267 654 298 et
668 274 796 305 semper
807 266 855 296 est
866 264 1015 303 pavidus,

313 322 358 344 ne
378 313 507 344 interna
532 313 636 351 gratia
658 312 838 342 deseratur.
863 309 1016 347 Quisquis

312 359 414 398 igitur
434 359 496 389 hoc
511 359 631 389 timore
645 359 790 396 repletus
811 355 929 392 fuerit,
944 361 1018 393 pro-

313 405 397 436 fecto
408 404 495 435 binis
509 405 665 435 metretas
676 405 785 433 ternas
797 400 934 431 addidit.

353 451 384 480 Ξ.
399 450 581 480 Notandum
597 451 706 478 autem
717 470 726 486 ‚
742 446 829 485 quod
856 454 930 475 cum
954 444 1017 482 hy-

313 496 391 527 driae
407 496 513 535 plenae
529 495 622 524 sactae
643 494 717 523 sunt
744 500 847 530 usque
864 491 905 521 ad
928 499 1016 520 sum—

309 551 414 580 xnum,
426 543 504 571 tunc
519 548 599 578 aqua
614 547 707 568 versa
720 539 769 567 est
781 538 814 566 in
830 537 947 566 vinum
962 536 1017 564 bo-

309 596 412 619 num:
428 587 504 625 quia
518 585 675 615 nimirum
694 583 772 613 ordo
797 582 933 612 rationis
949 582 1015 619 est,

311 635 349 664 ut
364 633 390 662 si
412 632 509 661 timor
530 629 579 659 est
604 629 738 658 initium
761 627 926 664 caritatis,
941 634 1016 663 per-

311 679 435 708 fectum
451 675 604 713 sequatur
616 675 714 704 etiam
730 673 902 712 plenitudo
917 673 1017 702 dilec-

312 721 424 753 tionis.
440 721 533 751 Unde
554 720 653 750 etiam
673 720 920 750 architriclinus
937 719 1016 748 dicit

311 767 353 797 ad
360 774 512 805 sponsum
522 773 531 793 ε
540 766 646 796 Omnis
662 765 752 795 homo
766 765 902 803 primum
912 765 1016 793 vinum

313 814 427 844 bonum
450 813 556 851 ponit:
572 814 689 842 etcum
714 811 858 841 inebriati
887 810 1015 848 suerint,

312 863 384 890 tunc
400 860 429 890 id
446 859 525 898 quod
542 859 674 888 <leterius
690 859 743 887 est.
769 858 816 886 Tu
836 858 939 886 autem
955 865 1017 886 ser-

311 909 393 938 vasti
412 909 519 938 vinum
546 906 660 936 bonum
685 914 781 943 usque
806 905 917 935 adhuc.
938 905 1017 933 Con-

311 953 497 983 suetudinis
519 952 567 982 est
594 951 801 982 saecularium
832 950 1016 987 hominum,

312 1000 348 1029 ut
358 1007 432 1029 cum
448 999 589 1036 aliquem
600 997 758 1026 honorem
773 996 911 1034 adipisci
933 996 1017 1025 desi-

312 1045 428 1075 derant
439 1066 448 1082 ,
465 1045 597 1074 caeteros
619 1043 681 1073 sibi
698 1043 789 1081 prius
803 1051 861 1080 per
874 1050 1017 1072 amorem

311 1091 493 1129 acquirant.
524 1091 601 1120 Cum
630 1098 708 1119 vero
736 1089 846 1127 adepti
874 1088 997 1118 suerint
1009 1111 1018 1126 ‚

312 1137 390 1166 elati
402 1137 583 1174 potestate,
601 1144 655 1165 eos
672 1135 757 1173 ipsos
782 1143 841 1173 per
865 1135 1016 1164 timorem

311 1183 375 1212 sibi
386 1183 589 1220 postmodum
598 1181 790 1219 subjiciunt,
799 1181 919 1219 quibus
927 1180 1018 1218 prius

311 1228 432 1266 privati
447 1237 511 1258 non
526 1230 698 1265 terrorem,
715 1227 774 1257 sed
798 1234 941 1256 amorem
960 1233 1020 1254 ex-

312 1274 503 1303 hibuerant.
516 1274 573 1303 Isti
588 1273 714 1311 ponunt
730 1272 874 1309 primum
896 1271 1018 1301 bonum

312 1320 447 1356 vinum,
478 1319 511 1348 id
542 1320 591 1348 est
617 1326 761 1348 amorem
778 1327 786 1347 ε
805 1319 837 1347 et
857 1325 932 1347 cum
948 1317 1020 1346 ine-

312 1365 410 1394 briati
428 1364 562 1401 fuerint,
574 1365 651 1393 tunc
661 1364 692 1392 id
700 1363 784 1401 quod
800 1362 945 1392 deterius
957 1362 1018 1398 est,

312 1410 349 1439 id
364 1411 426 1448 est,
437 1411 603 1440 timorem.
617 1411 639 1438 E
653 1409 813 1439 contrario
827 1408 905 1438 facit
915 1408 1019 1446 Spon-

313 1464 367 1484 sus
382 1456 503 1484 noster.
523 1455 658 1492 Semper
677 1454 767 1484 enim
787 1453 896 1483 servat
917 1453 956 1482 ad
971 1453 1017 1482 ul-

312 1501 430 1530 timum
459 1501 583 1530 bonum
606 1500 723 1530 vinum
739 1499 850 1537 :quod
878 1507 957 1529 vero
986 1500 1020 1529 in

314 1547 387 1583 ejus
413 1547 655 1584 comparatione
685 1545 832 1575 deterius
855 1545 922 1582 est,
944 1546 1019 1574 ante

312 1593 477 1630 propinat3
491 1592 604 1621 dicens
618 1600 626 1620 ε
640 1592 724 1628 Fili,
741 1592 885 1621 accedens
903 1592 942 1620 ad
957 1600 1021 1620 ser·

313 1639 438 1667 ritatem
452 1639 512 1668 Dei
528 1639 577 1667 sta
595 1639 628 1667 in
643 1638 767 1667 timore.
783 1636 817 1665 Si
843 1644 886 1665 ex
902 1636 1020 1665 timore

312 1683 347 1712 te
369 1682 486 1712 seceris
514 1682 616 1720 ipsius
634 1690 783 1719 servum,
800 1681 899 1711 faciet
920 1683 952 1711 te
979 1689 1021 1710 ex

314 1729 449 1758 caritate
466 1729 608 1758 amicum
630 1736 737 1758 suum.
759 1728 798 1756 Et
821 1727 866 1756 sic
879 1735 959 1765 aqua
979 1727 1021 1756 ti-

312 1774 413 1803 moris
428 1773 684 1803 commutabitur
700 1773 733 1801 in
743 1773 857 1802 vinum
873 1772 1022 1807 dilectio-

313 1819 383 1848 nis:
395 1819 441 1848 Ad
458 1820 518 1848 hoc
532 1819 621 1848 enim
636 1818 820 1856 purificaris
833 1819 867 1847 in
883 1818 950 1848 illis
962 1826 1020 1847 sex

312 1865 439 1903 hydriis
454 1865 546 1903 aquis
562 1864 704 1902 timoris⁷
721 1864 762 1893 ad
775 1864 837 1894 hoc
852 1864 887 1893 in
901 1865 1019 1894 timore

312 1911 444 1941 accedis
459 1911 500 1940 ad
521 1911 827 1949 ipsum7tamquam
850 1918 965 1939 servus
981 1909 1021 1939 ad

314 1957 503 1994 dominum,
525 1957 563 1986 ut
590 1956 631 1986 de
659 1964 752 1986 servo
780 1955 972 1994 proveharis
986 1955 1020 1984 in

313 2003 430 2032 filium.

505 2085 676 2119 SERMO
700 2085 827 2117 LVII.

342 2162 382 2185 De
392 2164 494 2192 septem
507 2161 655 2191 signaculis
667 2167 718 2191 per
730 2159 878 2185 Christum
891 2159 994 2183 solutis.

358 2225 391 2254 1.
404 2225 490 2254 ECCE
508 2225 579 2254 vicit
590 2225 654 2254 Leo
664 2223 698 2253 cle
714 2222 796 2253 tribu
811 2223 893 2252 Juda
906 2243 915 2260 ,
927 2222 1021 2252 radix

315 2272 429 2307 Dat-id,
445 2273 563 2308 aperire
576 2271 687 2301 tibrum
700 2293 711 2309 ‚
734 2272 762 2301 et
776 2271 888 2301 solvere
909 2272 1021 2309 septem

316 2317 477 2356 siqnacula
490 2317 566 2354 eJ'us.
591 2317 724 2355 Septem
751 2317 918 2355 signacula
933 2318 1020 2355 sunt,

315 2361 507 2399 temporalis
525 2361 680 2391 nativitas
690 2383 699 2399 ,
711 2361 825 2400 legalis
848 2362 1022 2392 circumci-

316 2406 377 2445 sio,
391 2407 500 2436 Matris
510 2407 659 2444 purgatio
670 2428 679 2444 ,
694 2407 771 2444 fuga
787 2407 822 2437 in
837 2408 1021 2446 AEgyptum,

318 2451 425 2482 carnis
439 2451 646 2482 necessitudo
656 2473 666 2488 ,
688 2452 887 2490 baptismus,
902 2454 1020 2491 passio.

318 2497 396 2527 llaec
411 2496 574 2534 siquidem
598 2497 674 2527 sunt
697 2505 785 2527 verae
801 2498 949 2535 quaedam
962 2499 1023 2528 hu-

317 2541 486 2572 manitatis
499 2541 637 2580 insignia
648 2563 660 2578 ‚
674 2541 793 2580 quibus
806 2550 840 2572 se
864 2543 971 2572 teneri
986 2551 1022 2573 ac

319 2587 417 2626 ligari
438 2586 544 2617 voluit
568 2587 736 2618 incarnata
759 2587 820 2617 Dei
842 2587 1021 2625 Sapientia.

320 2633 392 2672 Ipsa
411 2632 534 2674 quippe
562 2633 612 2664 est
635 2632 775 2663 secunda
801 2633 836 2663 in
861 2633 1022 2664 Trinitate

787 213 818 241 S.
837 210 1072 240 BERNARDI
1092 209 1285 237 ABBATls

1048 269 1209 300 persona:
1227 263 1354 293 etlicet
1376 261 1524 293 eamdem
1551 262 1746 293 incarnatio·

1049 315 1124 336 nem
1142 307 1239 337 simul
1264 307 1402 338 fecerint
1422 309 1516 338 Pater
1542 309 1576 338 et
1600 308 1701 338 Pilius
1715 310 1748 338 et

1047 353 1190 390 Spiritus
1201 354 1350 388 sanctus3
1366 362 1431 383 non
1458 355 1567 384 tamen
1580 352 1675 384 Pater
1693 355 1749 384 aut

1048 398 1188 436 Spiritus
1208 400 1336 428 sanctus
1363 399 1412 429 est
1446 399 1633 430 incarnatus
1645 422 1654 438 ‚
1692 400 1749 430 sed

1048 444 1134 474 solus
1148 444 1260 474 Filius.
1276 445 1430 482 Implevit
1449 446 1583 483 quidem
1606 447 1640 476 et
1654 446 1750 475 Pater

1050 491 1083 519 et
1094 489 1233 527 Spiritus
1251 491 1380 519 sanctus
1398 498 1530 520 carnem
1543 492 1637 529 Filii,
1653 500 1671 521 a
1686 499 1752 529 quo

1049 537 1168 565 neuter
1201 544 1314 565 eorum
1341 537 1470 573 poterat
1500 538 1663 576 separari3
1693 539 1751 568 sed

1050 580 1201 618 implevit
1225 582 1417 619 majestate,
1442 590 1508 611 non
1531 584 1749 621 susceptione.

1050 626 1190 664 Ideoque
1216 627 1320 657 Filius
1348 627 1492 657 ostendit
1519 627 1554 656 in
1570 637 1670 658 carne
1692 638 1752 667 po-

1049 671 1187 701 tentiam
1200 672 1302 702 Patris
1317 681 1377 710 per
1392 680 1490 709 opera
1501 694 1510 709 ‚
1527 673 1680 704 exhihuit
1694 674 1753 704 bo-

1049 717 1183 748 nitatem
1195 718 1335 756 Spiritus
1356 718 1457 748 sancti
1469 718 1665 748 remittendo
1677 728 1754 757 pec-

1050 764 1138 801 cata3
1154 764 1186 792 et
1202 763 1288 802 quod
1308 772 1405 793 suum
1428 764 1515 800 erat,
1538 764 1638 793 immo
1667 764 1754 802 quod

1051 809 1118 846 ipse
1135 810 1222 846 erat,
1236 809 1269 839 id
1284 810 1333 840 est
1358 809 1524 847 Sapientia
1537 831 1546 847 ,
1563 818 1597 839 se
1613 811 1754 840 occulta-

1050 855 1096 884 vit
1112 863 1171 893 per
1199 855 1256 884 illa
1283 855 1438 893 praedicta
1461 855 1641 893 signacula.
1657 856 1754 886 Facta

1050 901 1098 930 est
1115 901 1214 939 igitur
1228 909 1281 931 res
1296 901 1377 931 mira
1400 902 1433 931 et
1459 901 1674 939 obstupenda.
1705 902 1755 932 In-

1051 946 1176 977 firmata
1206 947 1256 977 est
1277 948 1384 977 virtus
1409 955 1534 977 summa
1549 969 1558 985 ,
1576 948 1609 976 et
1630 948 1691 986 (ut
1709 948 1755 978 ita

1052 993 1169 1030 dicam,
1183 993 1208 1022 si
1222 993 1287 1023 dici
1301 993 1417 1029 liceat,
1433 993 1519 1030 quod
1530 994 1645 1023 tamen
1659 1001 1755 1023 reve-

1051 1041 1162 1069 renter
1178 1039 1270 1077 dico)
1285 1040 1376 1077 quasi
1393 1039 1556 1069 infatuata
1569 1041 1619 1069 est
1629 1039 1757 1078 sapien-

1052 1085 1106 1113 tia.
1142 1085 1207 1114 Nec
1239 1085 1395 1114 erubesco
1420 1085 1529 1114 (licere
1541 1107 1549 1122 ‚
1579 1085 1667 1122 quod
1691 1093 1755 1114 non

1052 1131 1184 1160 erubuit
1213 1132 1330 1160 Doctor
1360 1131 1516 1160 Gentium
1545 1131 1678 1160 docere.
1704 1130 1757 1160 Sic

1051 1186 1170 1216 nempe
1183 1178 1335 1216 credidit,
1346 1178 1391 1207 sic
1404 1178 1525 1215 docuit,
1535 1178 1582 1207 sic
1595 1177 1757 1216 scriptum

1052 1224 1196 1262 reliquit.
1213 1226 1288 1262 Nos,
1306 1224 1423 1262 inquit,
1435 1224 1639 1262 praedicamus
1652 1223 1759 1253 Chris-

1052 1272 1116 1299 tum
1141 1270 1344 1307 crucisirum,
1361 1270 1475 1299 Judoeis
1497 1270 1616 1308 quidem
1627 1269 1759 1299 scanda-

1052 1316 1136 1352 lum,
1161 1315 1307 1345 Gentibus
1335 1316 1439 1344 autem
1477 1315 1639 1344 stultitiam
1655 1323 1666 1343 .·
1686 1315 1759 1352 ipsis

1052 1362 1154 1390 autem
1167 1369 1239 1390 roca
1245 1362 1280 1390 tis
1291 1362 1404 1390 Judoeis
1412 1361 1503 1398 atque
1515 1360 1643 1396 Groecis,
1653 1359 1759 1390 Chris-

1053 1409 1116 1437 tum
1141 1408 1202 1437 Dei
1223 1408 1386 1443 virtutem,
1409 1408 1437 1436 et
1462 1406 1523 1436 Dei
1544 1406 1732 1444 sapientiam
1748 1415 1758 1435 :

1053 1455 1126 1492 quia
1143 1454 1221 1492 quod
1235 1454 1362 1483 stultum
1386 1454 1428 1482 est
1442 1453 1520 1488 Dei,
1538 1452 1705 1490 sapientius
1717 1453 1759 1482 est

1053 1499 1245 1536 hominibus5
1256 1499 1283 1528 et
1296 1498 1375 1536 quod
1384 1498 1541 1535 infirmum
1557 1498 1600 1527 est
1613 1497 1684 1534 Dei,
1693 1497 1760 1535 for-

1053 1546 1112 1575 tius
1127 1547 1169 1575 est
1185 1544 1371 1573 homiuibus.

1093 1590 1126 1619 2.
1148 1589 1380 1619 Verumtamen
1402 1588 1471 1617 haec
1492 1587 1598 1618 vIrtus
1623 1587 1759 1618 abscon-

1054 1633 1158 1663 denda
1171 1634 1253 1670 erat,
1271 1633 1353 1662 etin
1366 1632 1555 1662 humilitate
1585 1632 1759 1670 perficien-

1054 1679 1092 1708 da
1111 1688 1118 1708 ε
1133 1679 1169 1708 ut
1197 1679 1343 1708 omnium
1376 1678 1594 1716 implerentur
1630 1679 1758 1708 oracula

1055 1725 1297 1763 Prophetarum.
1319 1725 1434 1753 Passus
1451 1725 1499 1753 est
1522 1731 1596 1760 ergo
1614 1723 1646 1752 in
1663 1731 1757 1753 cruce

1055 1769 1263 1807 impassibilis
1287 1770 1393 1806 Deus,
1421 1770 1454 1799 et
1479 1769 1513 1797 in
1529 1776 1625 1797 carne
1650 1770 1759 1798 nostra

1054 1816 1183 1846 mortali
1196 1816 1342 1845 mortuus
1357 1823 1392 1844 ac
1406 1815 1552 1852 sepultus
1569 1814 1760 1844 immortalis

1056 1862 1115 1891 Dei
1132 1861 1245 1890 Filius.
1275 1860 1339 1890 Sed
1366 1868 1441 1890 ecce
1459 1860 1555 1889 tertia
1579 1860 1632 1890 die
1650 1868 1761 1889 resur-

1055 1907 1142 1936 rexit
1156 1915 1174 1936 a
1188 1906 1326 1935 mortuis
1344 1914 1353 1934 t
1371 1906 1404 1935 et
1418 1905 1475 1943 qui
1497 1906 1605 1943 Agnus
1621 1905 1759 1935 exstite-

1055 1954 1103 1982 rat
1119 1953 1152 1982 in
1167 1952 1328 1990 passione,
1338 1952 1401 1981 Leo
1416 1951 1521 1980 sactus
1532 1951 1580 1980 est
1596 1950 1630 1979 in
1646 1959 1757 1981 resur—

1055 1999 1212 2028 rectione.
1239 1998 1382 2028 Surrexit
1404 1998 1431 2027 et
1446 1998 1516 2026 vicit
1530 1997 1591 2026 Leo
1616 1997 1651 2025 de
1676 1997 1758 2027 tribu

1054 2045 1135 2073 Juda
1151 2053 1162 2073 .·
1176 2043 1252 2081 quia
1277 2043 1434 2080 mortem,
1446 2050 1542 2080 quam
1557 2049 1599 2070 ex
1626 2041 1759 2072 infirmi·

1055 2089 1121 2119 tate
1136 2089 1243 2118 nostra
1258 2088 1414 2126 pertulit,
1431 2095 1473 2116 ex
1489 2087 1613 2117 virtute
1628 2095 1686 2116 sua
1704 2095 1758 2117 re-

1055 2134 1215 2173 surgendo
1243 2134 1394 2164 calcavit.
1424 2135 1596 2172 Restm-qens
1627 2133 1713 2163 enim
1738 2144 1757 2164 a

1054 2182 1184 2211 mortuis
1193 2202 1202 2217 ,
1213 2180 1283 2218 jam
1297 2188 1360 2209 ἠοη
1370 2180 1516 2215 moritur,
1529 2187 1613 2209 ‘mors
1620 2179 1666 2208 illi
1675 2179 1756 2210 ultra

1054 2235 1116 2256 non
1132 2225 1354 2256 dominabitur.
1373 2224 1582 2261 Resurgendo
1601 2224 1708 2254 autem
1724 2227 1756 2255 et

1057 2272 1089 2301 in
1102 2272 1220 2301 coelum
1239 2270 1441 2301 ascendendo
1452 2292 1461 2308 ,
1477 2270 1597 2299 librum
1618 2270 1755 2308 aperuit,

1056 2317 1133 2356 quia
1166 2317 1324 2347 nimirum
1354 2324 1397 2345 ex
1432 2315 1626 2346 auctoritate
1659 2323 1755 2346 sacrae

1056 2364 1229 2401 Scripturae
1243 2384 1252 2400 ‚
1268 2362 1355 2401 quod
1376 2362 1464 2392 Deus
1489 2361 1594 2399 esset,
1616 2360 1754 2391 innotuit

1056 2408 1238 2438 manifeste.
1248 2408 1339 2438 Unde
1355 2407 1514 2446 scriptum
1527 2407 1593 2436 est:
1605 2407 1757 2437 Exaltare

1054 2464 1146 2493 super
1159 2454 1248 2484 coelos
1258 2456 1352 2490 Deus,
1369 2455 1397 2483 et
1406 2462 1496 2492 super
1507 2461 1628 2483 omnem
1640 2454 1756 2482 terram

1056 2500 1155 2538 yloria
1184 2501 1250 2529 tua.
1280 2499 1414 2537 Septem
1445 2506 1576 2537 quoque
1609 2497 1756 2534 ejusdem

1056 2545 1130 2574 libri
1146 2545 1311 2582 signacula
1327 2545 1426 2574 solvit
1438 2565 1447 2581 ‚
1463 2542 1591 2581 quando
1606 2542 1756 2572 intellec-

1056 2591 1125 2619 tum
1137 2589 1259 2627 eloquii
1273 2590 1357 2619 sacri
1372 2588 1519 2618 fidelium
1530 2587 1694 2617 mentibus
1702 2594 1755 2616 re-

1037 2662 1041 2672 .
1058 2635 1177 2664 seravit
1194 2643 1201 2663 :
1221 2635 1253 2665 ct
1264 2634 1420 2673 quicquid
1435 2633 1475 2663 de
1492 2632 1657 2671 mysteriis
1676 2632 1755 2667 suis,
