1830 3073
297 228 339 259 62

289 280 431 323 dicitur)
461 282 588 314 labores
613 282 729 313 arduos
754 282 914 321 attingere
937 290 995 312 vo-

289 331 373 360 lunt.
389 328 515 368 Stipula
538 329 631 366 sunt,
647 329 703 367 qui
728 327 872 358 levitatis
897 327 994 357 moti-

289 375 350 406 bus
361 374 525 406 exsufflati
533 381 724 414 ,numquam
737 373 771 403 in
783 373 898 404 eodem
909 373 994 403 statu

289 421 491 459 permanent.

327 466 359 496 2.
377 467 415 496 Et
429 465 611 496 timendum
627 462 760 503 quidem
786 462 835 494 est
849 463 889 494 de
904 462 991 502 istis,

287 510 346 542 sed
358 519 422 542 non
437 510 674 549 desperandum
698 517 706 538 τ
723 509 799 547 quia
815 509 842 539 si
867 509 903 540 in
917 511 992 539 fun-

287 556 437 587 damento
461 556 623 586 Christum
647 553 840 591 habuerint,
857 555 918 585 hoc
943 555 992 585 est

286 602 322 632 in
337 603 397 632 hac
413 602 467 631 via
481 601 582 632 vitam
596 600 759 637 finierint,
780 600 862 630 salvi
877 602 989 639 erunt,

287 648 334 678 sic
348 649 457 679 tamen
481 646 573 684 quasi
595 653 655 684 per
678 646 799 684 ignem.
822 647 906 684 Ignis
928 648 990 678 tria

286 693 402 731 habet,
425 693 570 729 fumum,
590 691 717 729 lucem,
745 691 906 722 ardorem.
929 694 991 722 Fu-

285 747 358 768 mus
372 737 496 767 excitat
510 738 686 775 lacrymas,
702 737 761 767 lux
785 738 893 768 vicina
914 738 990 769 illu—

285 783 403 820 minat,
430 782 523 811 ardor
547 782 666 812 adurit.
692 783 740 812 lta
767 784 800 814 et
823 785 879 822 qui
905 785 991 822 ejus-

286 828 372 857 modi
396 828 461 866 est,
485 827 628 866 fumum,
651 828 712 858 hoc
729 828 779 859 est
801 830 991 860 amaritudi—

284 882 378 911 nem,
413 873 448 903 in
472 874 586 904 mente
617 874 738 904 habere
772 875 887 914 debet,
914 877 989 914 quia

283 919 414 957 tepidus
423 920 481 957 est,
490 919 566 958 quia
574 920 727 950 remissus
740 921 799 959 est,
812 922 886 960 quia
896 922 989 961 levi53

286 965 361 1002 quia
377 965 528 995 Ordinem
540 987 549 1002 ,
562 966 715 1004 quantum
733 966 767 996 in
782 975 815 996 se
832 968 899 1006 est,
913 969 990 999 sub-

285 1010 352 1040 ruit
366 1011 399 1040 et
413 1011 594 1049 perturbat.
611 1012 673 1041 Sed
694 1012 726 1042 et
748 1013 855 1042 lucem
874 1014 906 1043 in
921 1023 989 1053 ore,

284 1056 322 1085 ut
333 1057 439 1094 qualis
456 1058 505 1087 est
520 1057 555 1086 in
566 1059 689 1095 mente,
706 1059 805 1087 talem
820 1067 853 1088 se
866 1059 901 1089 in
912 1068 990 1089 con-

286 1101 426 1132 sessione
443 1104 476 1132 et
488 1103 631 1141 dicat,et
646 1104 795 1142 plangat,
810 1106 847 1134 ut
869 1106 903 1135 et.
927 1106 990 1135 lin-

283 1155 379 1185 guam
388 1149 482 1178 acuat
490 1149 702 1187 conscientia,
719 1151 751 1180 et
759 1151 989 1181 conscientiam

286 1195 403 1232 arguat
423 1194 545 1233 lingua.
573 1196 710 1225 Necesse
733 1197 782 1226 est
802 1205 929 1235 quoque
953 1199 989 1228 ut

284 1241 433 1270 ardorem
447 1240 566 1270 sentiat
578 1240 612 1270 in
629 1249 776 1280 corpore,
792 1242 826 1271 id
842 1242 902 1280 est,
919 1251 988 1280 poe-

283 1286 434 1316 nitentiae
449 1286 712 1325 tribulationem,
736 1287 796 1316 etsi
818 1294 883 1316 non
904 1288 989 1317 mul-

282 1331 459 1369 timodam,
482 1332 623 1370 aliquam
645 1332 770 1362 tamen.
796 1332 892 1362 Putas
913 1333 988 1370 quia

283 1376 331 1406 sic
356 1379 565 1415 compunctos
593 1377 702 1416 corde,
725 1385 780 1407 ore
808 1378 986 1417 confessos,

286 1430 420 1460 corpore
446 1423 594 1461 fatigatos
621 1423 765 1461 abJIciet,
794 1424 850 1462 qui
877 1432 988 1454 omnes

285 1469 433 1499 homines
448 1470 518 1499 vult
533 1470 637 1498 salvos
653 1470 723 1499 lieri
735 1492 743 1508 ,
767 1470 799 1499 et
822 1471 987 1500 neminem
1004 1490 1006 1493 -

285 1515 357 1544 vult
372 1515 506 1554 perire?
520 1515 601 1545 Sunt
615 1516 648 1545 et
670 1516 727 1545 alii
750 1516 806 1554 qui
828 1517 989 1546 aedificant

283 1569 380 1599 super
395 1561 642 1591 tundamentum
653 1562 714 1591 hoc
722 1570 864 1600 ‚aurum,
875 1571 990 1600 argen-

283 1606 365 1644 tum,
383 1608 414 1637 et
423 1607 546 1645 lapides
558 1608 731 1645 pretiosos3
746 1608 800 1646 qui
811 1608 989 1637 veliemen-

285 1652 336 1681 ter
351 1653 535 1691 incipiunt,
552 1654 782 1684 vehementius
797 1654 987 1692 proficiunt,

286 1697 574 1728 vehementissime
589 1699 775 1736 perficiunt,
792 1708 856 1729 non
883 1700 990 1729 atten-

286 1743 398 1774 dentes
412 1743 492 1782 quid
509 1752 582 1775 caro
597 1745 717 1784 possit,
733 1745 789 1775 sed
804 1745 883 1784 quid
897 1745 990 1784 spiri—

285 1789 338 1818 tus
355 1789 445 1819 velit.

461 1870 631 1903 Sssmlo
664 1871 809 1904 XXXI.

397 1931 437 1956 De
448 1932 564 1956 sollicita
578 1939 649 1957 cura
661 1933 876 1963 cogitationum.

328 1979 357 2009 1.
370 1979 539 2010 Annomzr
559 1988 617 2010 nos
640 1980 756 2011 beatus
773 1979 989 2017 Benedictus,

285 2025 423 2063 Fratres,
432 2026 587 2055 sollicitos
600 2034 669 2056 esse
683 2027 767 2056 circa
777 2025 990 2063 cogitationes

286 2072 421 2108 nostras,
436 2072 601 2109 Sapientis
613 2071 727 2109 utique
749 2071 922 2102 consilium
936 2079 987 2101 se-

287 2125 408 2155 quens,
421 2118 478 2156 qui
493 2117 581 2147 omni
597 2118 742 2148 custodia
757 2125 811 2147 cor
828 2117 989 2148 custodire

285 2163 410 2199 suadet,
434 2165 580 2201 quoniam
604 2173 644 2193 επ,-
660 2165 724 2203 ipso
752 2164 817 2193 vita
844 2165 988 2202 procedit.

285 2207 360 2236 Tria
371 2207 470 2245 igitur
484 2209 656 2238 occurrunt
672 2207 755 2238 mihi
770 2215 889 2245 genera
907 2209 991 2247 cogi-

285 2251 457 2290 tationum,
470 2260 488 2283 a
503 2254 621 2291 quibus
640 2253 743 2283 multa
771 2254 989 2285 sollicitudine

287 2306 403 2329 cavere
418 2307 550 2329 necesse
565 2300 608 2329 sit
623 2307 677 2329 eos
691 2299 747 2337 qui
759 2301 991 2330 convertuntur

287 2343 328 2374 ad
344 2352 410 2382 cor,
436 2344 470 2374 et
495 2344 629 2382 dignum
657 2344 724 2374 Deo
746 2344 782 2374 in
807 2345 990 2382 semetipsis

285 2390 444 2428 templum
455 2390 614 2420 exhibere
630 2389 795 2420 festinant.
813 2389 893 2419 Sunt
903 2390 989 2419 enim

285 2435 621 2466 nonnullaeinterdum
637 2435 845 2472 cogitationes
860 2435 990 2473 penitus

288 2481 411 2519 otiosae,
435 2482 471 2511 et
495 2481 535 2512 ad
559 2490 628 2511 rem
655 2489 723 2511 non
750 2481 954 2520 pertinentes
979 2490 988 2511 z

287 2534 366 2564 quas
378 2526 442 2556 tam
457 2527 552 2557 facile
567 2526 722 2563 abjicere,
733 2535 829 2565 quam
843 2527 989 2565 recipere

287 2569 383 2600 facile
397 2571 497 2609 possit
508 2571 626 2609 anima,
642 2571 816 2601 dummodo
828 2572 869 2601 sit
880 2580 990 2601 secum

290 2615 437 2646 habitans
451 2616 486 2646 in
498 2617 592 2646 corde
615 2625 690 2655 suo,
714 2618 747 2647 et
762 2617 913 2647 assistens
935 2618 1008 2652 nlo-4

296 2660 443 2692 minatori
460 2662 619 2693 unia-erm
634 2664 739 2693 terrm.

765 230 795 258 S.
816 229 1051 259 BERNARDI
1071 229 1263 259 ABBATls

1067 280 1100 312 Ξ.
1117 281 1199 313 Sunt
1214 283 1248 314 et
1264 282 1335 314 aliae
1352 282 1561 323 cogitationes
1575 284 1727 317 violenlae

1026 327 1128 365 magis
1143 327 1176 357 et
1189 327 1304 360 fortius
1310 329 1522 368 adhaerentes,
1532 340 1602 370 quae
1610 331 1727 362 videli-

1027 373 1079 402 cet
1091 373 1131 402 ad
1144 374 1353 405 necessitates
1363 377 1489 407 naturae
1500 377 1678 415 pertinent,
1693 377 1727 407 et

1027 418 1118 456 quasi
1132 427 1174 448 ex
1189 419 1305 450 eodem
1319 423 1490 460 assumptae
1508 423 1598 460 limo,
1611 422 1650 452 de
1663 430 1727 461 quo

1027 464 1060 493 et
1071 472 1129 494 nos
1144 463 1220 494 facti
1234 472 1360 502 sumus;
1377 466 1403 495 si
1418 467 1585 505 paululum
1598 467 1728 497 insede-

1026 509 1103 548 rint,
1120 510 1218 541 avelli
1242 512 1419 549 nequeunt
1432 508 1502 543 sine
1530 512 1662 542 laesione
1692 512 1727 541 et

1026 555 1228 586 difficultate.
1244 557 1334 594 Saepe
1362 557 1450 586 enim
1474 558 1521 588 sio
1546 558 1646 589 afficit
1668 565 1728 588 nos

1026 601 1177 639 cogitatio
1193 603 1330 632 carnalis
1342 601 1382 632 de
1394 603 1479 641 cibo,
1494 602 1534 633 de
1545 604 1626 642 potu
1635 625 1644 641 ,
1656 603 1726 634 sive

1025 647 1238 686 vestimento,
1258 648 1296 678 ut
1308 648 1366 679 vix
1388 648 1544 679 eradicari
1566 649 1663 687 queat
1686 649 1727 679 de

1025 692 1174 723 cordibus
1189 693 1307 723 nostris
1322 701 1332 722 τ
1349 693 1435 731 quod
1449 702 1514 723 non
1528 693 1659 723 aliunde
1667 694 1727 732 est,

1025 737 1088 767 nisi
1104 739 1189 776 quod
1206 739 1237 769 et
1251 739 1319 777 ipsa
1332 739 1447 769 limosa
1462 739 1496 769 et
1509 738 1633 769 viscosa
1650 747 1729 778 quo-

1026 782 1208 821 dammodo,
1224 783 1372 814 limosam
1386 784 1599 814 nihilominus
1614 784 1648 815 et
1661 784 1730 822 glu-

1024 828 1161 858 tinosam
1197 829 1362 859 invenerit
1387 830 1519 860 terram.
1554 830 1625 859 Non
1657 830 1728 859 sine

1025 882 1119 904 causa
1132 875 1219 904 enim
1237 875 1361 906 dictum
1377 875 1437 913 est,
1454 874 1621 906 hominem
1641 876 1729 914 plas—

1024 921 1146 950 matum
1161 929 1226 951 non
1248 922 1287 951 de
1309 922 1396 952 terra
1417 922 1583 960 qualibet,
1606 923 1663 953 sed
1688 921 1728 952 de

1024 966 1113 996 limo.
1129 967 1210 996 Vide
1226 968 1314 997 enim
1330 976 1427 1006 quam
1442 968 1591 998 limosum
1603 969 1645 998 sit
1655 976 1727 998 cor-

1023 1020 1095 1050 pus,
1111 1013 1196 1050 quod
1214 1013 1275 1051 ipsi
1289 1022 1416 1051 quoque
1433 1013 1562 1052 spiritui
1581 1014 1649 1043 tam
1663 1012 1729 1043 for-

1026 1057 1102 1087 titer
1122 1059 1154 1088 et
1177 1067 1262 1097 pene
1279 1059 1552 1089 indissolubiliter
1573 1059 1728 1096 inhaeret,

1025 1104 1060 1133 ut
1074 1104 1131 1133 vix
1147 1113 1220 1133 cum
1235 1104 1338 1133 multa
1354 1104 1533 1134 afflictione
1553 1104 1654 1142 possit
1668 1104 1729 1134 ali-

1024 1149 1151 1186 quando
1179 1149 1335 1188 separari.
1352 1149 1436 1186 Quid
1460 1157 1536 1188 ergo
1555 1149 1728 1188 agendum,

1025 1203 1097 1223 cum
1113 1195 1227 1225 limosa
1243 1195 1300 1224 illa
1316 1194 1468 1233 cogitatio
1483 1195 1631 1225 mentem
1655 1194 1729 1225 sub·

1023 1240 1100 1271 ierit
1115 1240 1128 1270 ‘s’
1158 1242 1256 1271 Plane
1278 1241 1526 1271 exclamandum
1557 1240 1651 1271 nobis
1680 1240 1730 1271 est

1024 1294 1097 1314 cum
1122 1287 1231 1316 sancto
1257 1287 1369 1324 Jacob,
1398 1287 1496 1325 atque
1530 1286 1703 1316 dicendum
1718 1296 1725 1314 :

1022 1331 1141 1368 Ruben,
1155 1333 1375 1370 prirnoqenitus
1399 1341 1496 1368 viteus,
1511 1340 1575 1361 non
1590 1340 1728 1362 crescas:

1024 1377 1184 1407 ascendisti
1207 1378 1287 1407 enim
1303 1377 1399 1407 cubile
1419 1378 1518 1415 patris
1540 1378 1596 1407 tui.
1616 1377 1729 1407 Rubea

1024 1422 1111 1451 enim
1124 1423 1157 1452 et
1168 1422 1306 1452 carnalis
1317 1422 1414 1460 atque
1429 1423 1605 1461 sanguinea
1617 1422 1728 1460 hujus-

1023 1467 1108 1496 modi
1126 1468 1389 1506 concupiscentia
1402 1469 1472 1499 est:
1489 1467 1559 1507 q'uae
1574 1469 1650 1498 tunc
1671 1476 1729 1497 cu-

1024 1513 1089 1543 bile
1103 1514 1249 1544 nostrum
1271 1515 1434 1552 ascendit,
1449 1523 1522 1544 cum
1541 1523 1605 1544 non
1626 1514 1728 1544 solum

1023 1560 1214 1590 memoriam
1241 1560 1346 1598 tangit
1373 1561 1586 1598 cogitatione,
1613 1560 1670 1590 sed
1695 1561 1730 1590 et

1024 1605 1129 1643 ipsum
1142 1607 1316 1636 voluntatis
1332 1607 1467 1636 stratum
1482 1606 1681 1644 ingreditur,
1695 1607 1730 1635 et

1023 1652 1140 1689 polluit
1151 1660 1250 1690 prava
1267 1652 1495 1681 delectatIOne.
1512 1653 1599 1682 Bene
1618 1652 1726 1682 autem

1024 1697 1260 1735 primogenitus
1287 1698 1397 1727 noster
1417 1697 1538 1727 dicitur
1564 1697 1727 1735 appetitus

1024 1743 1080 1772 ille
1097 1743 1253 1780 carnalis,
1276 1743 1331 1781 qui
1348 1743 1388 1772 ab
1405 1743 1474 1781 ipso
1491 1743 1647 1773 nimirum
1664 1742 1728 1772 ini-

1024 1787 1070 1817 tio
1081 1788 1158 1818 vitae
1184 1788 1300 1817 nostrae
1316 1787 1351 1816 in
1374 1787 1469 1817 nobis
1489 1787 1726 1824 pullulat7cum

1026 1832 1143 1863 caetera
1162 1833 1242 1862 vitia
1258 1841 1412 1871 processu
1428 1833 1584 1871 temporis
1597 1840 1639 1862 ex
1660 1840 1730 1862 ma-

1025 1879 1096 1908 litia
1110 1878 1224 1908 mundi
1246 1878 1360 1915 hujus,
1378 1878 1539 1915 variisque
1553 1877 1730 1908 occasioni-

1025 1924 1085 1953 bus
1109 1924 1352 1953 contrahantur.
1370 1924 1504 1962 Oportet
1521 1931 1597 1961 ergo
1621 1923 1728 1961 repri-

1025 1977 1126 2007 mere,
1142 1977 1239 2007 quem
1255 1969 1463 2007 exstinguere
1482 1977 1547 1999 non
1561 1977 1728 2006 possumus

1025 2015 1231 2052 appetitum:
1254 2015 1292 2044 ut
1313 2023 1410 2053 quam
1435 2014 1501 2044 cito
1523 2014 1630 2044 cubile
1656 2023 1730 2045 nos-

1024 2062 1111 2091 trum
1124 2060 1321 2098 ingreditur,
1338 2068 1482 2090 crescere
1499 2067 1575 2090 eum
1587 2060 1729 2091 nullate-

1026 2116 1087 2137 nus
1102 2107 1284 2146 patiamur,
1300 2107 1357 2137 sed
1366 2107 1425 2136 sub
1437 2106 1531 2136 nobis
1545 2106 1603 2145 sit,
1615 2115 1729 2145 quem-

1025 2153 1196 2183 admodum
1209 2153 1289 2182 dicit
1305 2153 1468 2190 Scriptura
1481 2160 1490 2181 t
1507 2152 1617 2183 Subler
1630 2154 1658 2183 tc
1672 2153 1730 2183 crit

1025 2201 1172 2238 appetitus
1187 2201 1254 2229 tuus
1263 2220 1273 2236 ,
1289 2200 1317 2228 et
1329 2201 1361 2228 tu
1375 2198 1580 2229 dominaberis
1593 2199 1686 2230 illius.

1064 2251 1096 2280 5.
1110 2251 1180 2279 Jam
1191 2258 1269 2280 vero
1284 2250 1417 2280 tertium
1428 2249 1657 2288 cogitationum
1671 2258 1729 2290 ge-

1024 2304 1084 2325 nus
1104 2295 1309 2325 immundum
1325 2295 1422 2324 nimis
1437 2303 1473 2325 ac
1485 2294 1634 2326 foetidum
1660 2297 1728 2333 est,

1024 2341 1110 2379 quod
1125 2349 1186 2371 nec
1202 2340 1375 2371 admittere
1383 2341 1590 2379 quidemulla
1602 2341 1730 2372 ratione

1025 2387 1192 2422 debemus,
1211 2386 1269 2416 sed
1286 2393 1304 2415 a
1319 2386 1413 2424 longe
1427 2386 1616 2424 praesentire
1637 2386 1729 2417 foeto-

1024 2441 1106 2470 rem,
1123 2434 1157 2462 et
1172 2433 1238 2463 tota
1251 2431 1373 2462 virtute
1388 2432 1562 2470 repellere,
1574 2432 1640 2462 toto
1657 2432 1729 2462 ani-

1024 2486 1077 2507 mo
1101 2479 1308 2516 propulsare,
1327 2478 1361 2507 et
1382 2478 1530 2508 conversi
1555 2477 1664 2507 statim
1687 2477 1728 2507 ad

1025 2525 1175 2562 gemitus,
1196 2523 1346 2562 lacrymis
1365 2524 1462 2562 atque
1478 2522 1623 2561 suspiriis
1634 2522 1728 2552 invo-

1026 2570 1136 2600 cantes
1150 2570 1306 2608 Spiritum
1317 2593 1326 2606 ,
1340 2570 1395 2608 qui
1411 2569 1542 2606 adjuvet
1557 2567 1728 2598 infirmita-

1026 2617 1092 2646 tem
1120 2617 1274 2646 nostram.
1310 2616 1364 2645 Sic
1391 2615 1547 2644 nimirum
1576 2614 1729 2644 confusus

1005 2661 1008 2691 ἶ
1029 2663 1203 2693 obsce-icus
1241 2671 1304 2693 non
1326 2662 1391 2692 tam
1407 2661 1500 2691 facile
1518 2659 1668 2700 deinceps
1684 2660 1726 2691 si-
