1830 3073
458 232 517 261 DE
537 229 751 261 DIVERSIS
772 229 920 260 SERMO
943 230 1125 259 XXXVII.

74 298 142 322 non
167 288 307 322 exsultet
327 284 460 325 spiritus
483 284 597 315 meus?
615 283 772 323 quomodo

75 345 141 367 non
162 337 231 366 sine
251 332 345 363 modo
365 330 564 369 jucundetur
584 331 618 360 in
639 337 773 368 genera—

75 382 164 412 tione
178 382 237 411 ista
251 377 466 418 quaerentium
475 376 648 406 Dominum
659 375 773 405 ?Ne1n-

74 435 116 466 pe
129 425 345 457 testimonium
363 423 519 454 credibile
530 422 628 453 nimis
641 421 772 459 gustatae

74 472 240 510 sapientiae
265 470 315 500 est
337 469 460 499 esuries
487 469 558 507 ipsa
578 468 645 497 tam
669 466 773 496 vehe-

72 525 175 548 mens.
191 517 399 546 CEnrissnuA
412 513 495 543 mihi
510 511 656 552 probatio
674 511 708 540 et
722 511 772 540 in-

71 561 254 593 dubitabile
275 561 520 599 argumentum,
545 558 621 597 quia
643 556 771 587 habetis

71 615 170 647 quem
182 607 228 638 sic
243 606 386 645 quaeritis
400 627 409 644 ,
425 604 458 635 et
469 605 505 634 in
520 603 613 634 vobis
627 601 769 640 habitat,

71 655 129 692 qui
143 654 209 684 tam
230 652 337 683 valide
353 650 455 682 trahit
475 656 531 679 vos
559 649 599 678 ad
614 649 768 686 seipsum.

70 699 140 729 Non
168 699 256 729 enim
290 698 438 727 humanae
468 694 690 733 possibilitatis
721 695 770 724 est

71 752 184 774 cursus
208 744 270 774 istc
293 752 301 772 :
320 743 390 779 ejus
407 741 542 771 dextera
567 740 646 770 facit
666 739 770 769 virtu-

71 791 158 827 tem,
174 789 226 819 cui
242 795 369 826 semper
384 795 516 816 necesse
533 786 581 816 est
596 786 634 815 ut
650 785 769 815 clame-

69 834 113 866 tis
127 842 136 864 :
150 834 250 864 Trahe
264 843 319 864 nos
327 834 396 871 post
411 834 438 863 te
447 853 456 869 ,
475 833 508 862 in
528 832 618 861 odore
630 839 769 869 unquen-

69 883 173 911 torum
192 882 316 910 tuorum
331 887 500 908 curremus.
516 878 583 907 Non
595 898 605 913 ,
618 877 747 915 inquam
759 898 767 914 ,

70 925 110 955 ab
125 924 254 955 homine
281 923 383 953 torma
408 922 470 951 ista
491 921 766 953 conversationis:

69 979 130 1000 nec
170 969 260 1000 aliud
289 968 553 1007 experimentum
596 968 768 1005 quaerimus

69 1016 139 1053 ejus
152 1015 207 1054 qui
222 1015 256 1045 in
270 1014 361 1045 vobis
375 1013 767 1052 habitatChristus,quam

68 1061 155 1099 quod
172 1061 218 1090 ita
233 1060 377 1098 quaeritis
391 1059 566 1089 Christum.

109 1107 140 1136 5.
157 1106 280 1136 Videtis
294 1105 393 1142 enim,
409 1104 548 1141 Fratres,
563 1103 692 1142 qualem
704 1104 770 1141 spi-

68 1152 168 1182 ritum
184 1151 354 1189 accepistis
365 1172 373 1188 ,
389 1149 542 1188 spiritum
564 1150 620 1187 qui
643 1157 686 1179 ex
699 1150 766 1178 Deo

70 1198 137 1233 est,
162 1198 199 1228 ut
213 1197 322 1227 sciatis
342 1205 414 1234 quae
436 1203 454 1224 a
476 1196 544 1224 Deo
562 1195 678 1235 donata
694 1196 766 1224 sunt

68 1243 171 1272 vobis.
188 1241 377 1271 Audivimus
390 1240 599 1278 apostolicum
612 1261 622 1276 ,
638 1239 766 1268 rudivi-

67 1296 140 1318 mus
154 1288 187 1317 et
201 1286 426 1325 propheticum
437 1307 447 1323 ‚
473 1285 573 1315 etiam
594 1286 627 1314 et
642 1285 766 1323 angeli-

69 1342 143 1362 cum
155 1333 299 1372 gradum,
314 1332 432 1370 quibus
456 1330 540 1360 nihil
567 1338 585 1360 a
598 1330 692 1360 nobis
715 1338 766 1359 ar-

68 1378 173 1408 bitror
186 1386 277 1416 posse
293 1377 464 1407 sublimius
477 1376 633 1407 affectari.
649 1376 731 1405 Sane
748 1384 765 1405 e

68 1424 205 1463 singulis
230 1423 312 1453 mihi
325 1423 439 1453 videor
458 1423 492 1452 in
515 1422 608 1453 vobis
629 1422 765 1460 aliquid,

68 1472 104 1501 ct
119 1477 268 1508 magnum
281 1469 403 1507 aliquid
416 1469 575 1499 invenire.
585 1468 663 1505 Quis
678 1468 763 1498 enim

68 1516 215 1546 caelibem
230 1515 341 1553 vitam,
357 1515 458 1544 vitam
474 1515 640 1545 coelestem
655 1514 688 1545 et
709 1523 766 1544 an—

68 1561 206 1600 gelicam
218 1560 326 1590 dicere
349 1559 524 1590 vereatur?
547 1561 610 1590 Aut
625 1559 711 1598 quod
733 1560 765 1589 in

68 1606 307 1638 resurrectione
323 1605 424 1635 futuri
439 1606 514 1635 sunt
528 1613 639 1635 omnes
655 1605 765 1642 electi,

69 1652 226 1690 quomodo
242 1659 306 1680 non
318 1651 383 1688 iam
399 1659 484 1681 nunc
501 1651 590 1688 estis,
604 1651 689 1680 sicut
703 1651 766 1679 An-

69 1698 132 1735 geli
147 1697 206 1726 Dei
219 1696 254 1726 in
269 1697 361 1734 coelo,
377 1705 394 1726 a
405 1696 530 1733 nuptiis
544 1696 676 1733 penitus
694 1696 767 1726 abs-

69 1741 229 1772 tinentes?
250 1740 511 1778 Amplectimini‚
529 1740 645 1770 fratres
657 1762 667 1777 ,
692 1749 767 1778 pre-

69 1787 275 1818 tiosissimam
294 1786 499 1822 margaritam
509 1807 518 1823 ,
532 1785 765 1823 amplectimini

70 1831 316 1862 sanctimoniam
352 1831 447 1868 vitae,
479 1839 551 1868 quae
582 1838 640 1860 vos
667 1829 767 1860 efficit

71 1878 252 1906 sanctorum
267 1874 410 1912 similes,
430 1875 463 1905 et
477 1875 668 1905 domesticos
682 1875 766 1913 Dei,

69 1922 198 1952 dicente
208 1921 390 1958 Scriptura:
402 1922 595 1959 Incorruptio
607 1921 681 1958 facit
694 1930 767 1959 pro-

38 1968 46 1971 *
69 1968 191 1996 mimum
209 1967 285 1996 Deo.
311 1965 359 1994 Ita
375 1972 452 2003 ergo
475 1973 540 1994 non
556 1966 664 1995 vestro
692 1966 765 2003 qui-

68 2012 143 2042 dem
158 2011 292 2048 merito,
307 2010 364 2040 sed
379 2010 481 2048 gratia
500 2010 561 2040 Dei
584 2011 661 2040 estis
681 2011 765 2048 quod

68 2056 146 2086 estis
162 2064 170 2085 :
186 2056 271 2094 quod
284 2055 323 2085 ad
341 2055 520 2086 castitatem
535 2056 570 2086 et
589 2056 764 2086 sanctimo-

66 2100 156 2131 niam
180 2101 324 2139 spectat,
341 2100 447 2139 angeli
474 2101 605 2139 quidam
626 2102 762 2140 terreni,

66 2147 124 2176 aut
139 2147 246 2185 potius
269 2147 343 2176 coeli
360 2147 466 2184 cives3
487 2146 545 2177 sed
568 2147 701 2177 interim
728 2149 763 2178 in

66 2193 156 2222 terra
179 2192 357 2230 peregrini.
377 2193 539 2229 Quamdiu
553 2194 642 2224 enim
653 2202 763 2224 sumus

65 2237 101 2267 in
108 2237 168 2267 hoc
183 2245 327 2276 corpore,
337 2238 582 2275 peregrinamur
590 2247 606 2269 a
614 2240 761 2270 Domino.

105 2283 136 2314 6.
152 2283 200 2313 De
227 2284 399 2322 prophetia
419 2285 498 2323 quid
512 2284 678 2316 dicemus?
696 2288 763 2317 Lea:

64 2332 95 2359 et
103 2329 256 2368 prophetae
268 2338 364 2368 usque
377 2331 418 2360 ad
429 2330 602 2361 Iohannem
611 2353 622 2369 .,
636 2332 763 2362 Veritas

65 2375 124 2404 ait.
140 2374 371 2405 Verumtamen
393 2383 460 2405 non
484 2377 553 2407 erat
574 2377 632 2407 ille
646 2378 763 2409 adver-

66 2420 168 2449 sarius
178 2441 187 2456 ,
203 2419 260 2449 sed
274 2420 454 2459 discipulus
466 2422 579 2461 utique
594 2423 761 2464 Veritatis,

66 2464 121 2502 qui
136 2464 267 2494 dicebat
284 2465 384 2495 etiam
409 2467 483 2505 post
495 2467 675 2499 Johannem
688 2478 696 2499 z
709 2472 761 2502 Ex

63 2512 151 2548 parte
165 2519 200 2540 en
205 2511 246 2540 im
258 2512 398 2549 coqnosci
400 2521 465 2544 mus
471 2534 483 2550 ,
503 2515 582 2545 etex
589 2518 678 2553 parte
685 2526 762 2555 pro..

63 2556 234 2594 metamus.
277 2557 422 2588 Cessavit
463 2567 539 2598 ergo
574 2562 758 2602 prophetia,

65 2601 140 2638 quia
157 2602 223 2638 jam
245 2604 483 2641 cognoscimus:
499 2606 639 2637 necdum
652 2608 760 2640 tamen

65 2646 131 2677 tota
145 2649 293 2686 ccssavit,
305 2649 379 2688 quia
397 2651 500 2682 adbuc
512 2660 552 2682 ex
567 2654 670 2692 parte.
685 2656 760 2686 Cum

1465 245 1500 264 tu

807 285 939 321 venerit,
947 283 1074 322 inquit,
1089 283 1168 322 quod
1178 285 1346 323 perfectum
1359 289 1400 318 csl
1409 309 1418 325 ,
1433 297 1503 318 cva-

807 328 952 358 cuabitur
972 331 1053 367 quod
1077 339 1117 360 ea:
1138 331 1229 368 parte
1254 332 1309 361 est.
1338 331 1502 370 Siquidem

807 374 881 404 ante
895 374 1077 405 Johannem
1090 374 1146 414 qui
1169 374 1305 405 fuerunt
1323 376 1503 414 Prophetae,

806 420 981 458 utrumque
1008 420 1185 451 adventum
1212 420 1342 450 Domini
1363 422 1503 459 prophe-

806 465 918 495 tabant
934 474 942 494 :
960 466 994 496 et
1005 467 1096 505 quasi
1110 467 1227 497 neutra
1244 466 1349 497 adhuc
1366 475 1440 505 pars
1454 475 1504 497 sa-

805 509 883 540 lutis
907 511 943 541 in
963 512 1100 551 notitia,
1130 513 1188 543 sed
1209 514 1345 551 utraque
1371 513 1406 542 in
1430 520 1505 550 pro-

805 556 917 593 phetia
931 559 1012 588 erat.
1029 560 1178 596 Magnum
1193 567 1269 588 sane
1287 557 1504 597 prophetandi

804 609 923 640 genus,
939 603 992 633 cui
1002 612 1059 635 vos
1080 604 1206 634 deditos
1231 613 1301 634 esse
1322 602 1504 641 conspicio;

803 654 956 685 magnum
983 650 1166 687 prophetiae
1193 650 1353 687 studium,
1380 649 1433 679 cui
1448 657 1505 679 vos

804 692 898 723 video
921 696 1131 733 mancipatos.
1154 695 1239 732 Quid
1258 695 1360 725 illud?
1380 695 1504 733 Nempe

803 737 898 774 juxta
912 740 1100 778 Apostolum
1116 750 1181 771 non
1199 741 1405 772 considerare
1432 748 1504 779 quae

803 784 975 824 videntur,
991 786 1049 817 sed
1063 796 1134 825 quae
1156 795 1222 817 non
1244 787 1410 824 videntur,
1433 786 1503 816 sine

803 829 902 861 dubio
928 833 1127 871 prophetare
1155 835 1216 863 est.
1241 834 1439 863 AMBULARE
1465 839 1504 861 m

802 882 955 916 SPIRITU,
974 887 1016 909 ex
1035 879 1100 909 fide
1124 879 1256 916 vivere,
1278 886 1350 917 quae
1375 885 1503 908 sursum

802 922 877 952 sunt
889 931 1053 963 quaerere,
1068 932 1133 954 non
1156 933 1228 962 quae
1249 932 1347 963 super
1364 923 1502 960 terram3

802 966 953 998 oblivisci
968 978 1039 1008 quae
1055 970 1143 999 retro
1157 970 1250 1007 sunt,
1266 970 1300 999 et
1321 969 1456 999 extendi
1469 968 1502 998 in

802 1012 982 1052 anteriora,
1000 1024 1042 1045 ex
1056 1024 1171 1053 magna
1186 1016 1278 1053 parte
1306 1015 1502 1054 prophetare

802 1059 861 1088 est.
885 1060 1036 1098 Alioquin
1062 1069 1203 1099 quonam
1226 1061 1320 1091 modo
1334 1083 1344 1098 ,
1359 1061 1423 1090 nisi
1444 1067 1504 1098 per

802 1104 952 1141 spiritum
966 1107 1159 1144 prophetiae,
1178 1106 1379 1136 conversatio
1394 1106 1503 1136 nostra

802 1148 836 1178 in
862 1151 952 1181 coelis
983 1152 1056 1181 est?
1078 1153 1131 1181 Sic
1155 1152 1313 1182 nimirum
1333 1151 1502 1190 Prophetae

801 1195 879 1224 olim
894 1197 986 1234 quasi
1000 1205 1064 1227 non
1078 1198 1165 1227 inter
1180 1199 1329 1228 homines
1345 1197 1438 1228 erant
1451 1198 1501 1227 sui

801 1241 975 1280 temporis,
1001 1243 1057 1273 sed
1080 1244 1203 1273 virtute
1225 1244 1259 1273 et
1276 1244 1402 1281 impetu
1421 1251 1502 1281 quo-

801 1286 874 1315 dam
895 1287 1029 1325 spiritus
1053 1288 1124 1318 dies
1148 1289 1221 1319 illos
1242 1289 1500 1327 transsilientes,

801 1332 1009 1363 exsultabant
1024 1335 1062 1365 ut
1081 1334 1232 1364 riderent
1250 1335 1338 1364 diem
1358 1335 1499 1371 Domini3

801 1377 834 1406 et
848 1377 1014 1417 videbant,
1027 1380 1060 1409 et
1073 1380 1267 1410 laetabantur
1279 1381 1314 1410 in
1329 1388 1379 1410 ea.

841 1423 870 1452 7.
887 1424 952 1453 Sed
973 1425 1006 1454 et
1034 1425 1268 1462 professionem
1293 1425 1501 1464 apostolicam

801 1468 980 1499 audiamus.
992 1471 1071 1501 Ecce
1085 1480 1141 1501 ⁷108
1156 1472 1334 1509 reliquimus
1343 1472 1461 1509 omnia,
1473 1473 1501 1501 et

801 1516 893 1544 secuti
905 1524 1010 1546 sumus
1030 1518 1069 1546 te.
1087 1516 1120 1546 Si
1137 1517 1268 1554 gloriari
1290 1517 1387 1554 licet,
1404 1517 1502 1546 habe—

800 1568 871 1590 mus
888 1561 1022 1599 gloriam
1037 1570 1045 1591 :
1060 1563 1118 1592 sed
1139 1563 1167 1592 si
1196 1563 1357 1601 sapimus,
1379 1563 1500 1593 habere

800 1606 984 1636 curabimus
995 1608 1080 1646 apud
1093 1609 1210 1638 Deum.
1232 1609 1307 1639 Haec
1323 1609 1411 1638 enim
1422 1617 1499 1638 vera

801 1652 849 1680 est
863 1652 1030 1690 gloriatio,
1054 1654 1091 1683 ut
1110 1653 1167 1691 qui
1189 1654 1364 1692 gloriatur,
1381 1654 1415 1683 in
1440 1655 1501 1684 Do-

801 1697 886 1726 mino
902 1699 1071 1735 glorietur.
1093 1700 1172 1729 Nam
1187 1708 1294 1738 neque
1309 1708 1423 1730 manus
1430 1708 1500 1730 nos-

802 1743 849 1771 tra
865 1745 1006 1781 excelsa,
1016 1744 1073 1774 sed
1087 1745 1244 1775 Dominus
1260 1745 1339 1776 fecit
1351 1746 1419 1776 haec
1431 1755 1501 1776 om-

800 1787 865 1818 nia.
881 1790 970 1819 Fecit
984 1790 1078 1820 nobis
1101 1799 1217 1829 magna
1229 1791 1285 1829 qui
1300 1792 1417 1829 potens
1432 1793 1499 1829 est,

802 1833 837 1862 ut
846 1835 962 1864 merito
971 1835 1156 1872 magnificet
1163 1837 1268 1866 anima
1276 1837 1384 1866 nostra
1392 1838 1502 1868 Domi-

801 1886 889 1909 num.
904 1881 1008 1918 Ipsius
1029 1881 1117 1911 enim
1138 1890 1255 1920 magno
1275 1891 1413 1913 munere
1435 1884 1501 1914 fac-

800 1926 867 1954 tum
884 1927 948 1964 est,
965 1928 1001 1957 ut
1019 1936 1171 1965 magnum
1189 1928 1271 1958 illud
1286 1929 1497 1968 propositum,

800 1970 885 2000 unde
897 1972 1003 2009 magni
1019 1973 1238 2010 gloriabantur
1247 1973 1499 2013 Apostoli,mag-

798 2016 892 2046 nilice
915 2026 1137 2056 sequeremur.
1159 2020 1254 2049 Forte
1283 2020 1383 2050 etiam
1404 2021 1433 2051 si
1462 2022 1497 2051 in

799 2061 858 2091 hoc
873 2071 1002 2101 quoque
1028 2064 1158 2102 gloriari
1178 2065 1331 2102 voluero,
1350 2073 1414 2095 non
1443 2075 1498 2096 ero

798 2107 972 2147 insipien53
987 2110 1162 2140 veritatem
1183 2110 1271 2140 enim
1285 2111 1410 2149 dicam3
1427 2119 1497 2142 esse

798 2153 850 2183 hic
870 2154 1014 2193 aliquos,
1036 2156 1094 2194 qui
1112 2157 1187 2194 plus
1206 2165 1303 2195 quam
1324 2165 1444 2187 navem
1465 2160 1499 2188 et

796 2199 878 2229 retia
893 2201 1072 2239 reliquere.
1093 2202 1179 2239 Quid
1199 2211 1278 2232 vero
1297 2203 1496 2242 illud2quod
1529 2223 1532 2227 ·

796 2244 859 2283 ipsi
885 2247 1019 2285 quidem
1042 2248 1186 2285 Apostoli
1206 2249 1412 2287 reliquerunt
1430 2258 1494 2279 om-

796 2290 862 2329 nia,
879 2292 935 2321 sed
946 2292 983 2322 ut
997 2295 1192 2331 praesentem
1216 2294 1251 2323 in
1269 2302 1364 2324 carne
1385 2296 1494 2325 Domi-

794 2343 874 2366 num
887 2339 1113 2376 sequerentur.
1132 2339 1201 2369 Non
1225 2340 1274 2369 est
1288 2340 1432 2370 nostrum
1447 2341 1496 2371 di-

795 2390 867 2413 cere
883 2392 893 2413 :
910 2384 1056 2414 securius
1070 2385 1178 2423 ipsum
1192 2384 1366 2415 Dominum
1383 2387 1498 2418 audia-

794 2435 876 2458 mus.
899 2430 980 2468 Quia
1002 2431 1108 2461 vidisti
1126 2438 1192 2467 wne,
1213 2430 1340 2469 inquit,
1359 2432 1495 2469 Thoma,

793 2474 945 2506 credidisti
956 2484 967 2506 .·
981 2474 1064 2506 beati
1079 2477 1136 2514 qui
1146 2483 1209 2506 non
1218 2477 1377 2513 viderunt,
1392 2479 1420 2507 et
1431 2486 1497 2506 cre-

793 2520 943 2551 cuderunt.
957 2521 1051 2552 Forte
1066 2521 1165 2552 etiam
1172 2522 1495 2560 prophetandigenus

795 2566 1010 2597 excellentius
1024 2575 1094 2598 esse
1113 2568 1291 2605 videbitur,
1307 2575 1371 2596 non
1385 2567 1496 2596 inten—

794 2611 873 2642 dens
886 2613 1144 2651 quibuscumque
1155 2612 1385 2651 temporalibus
1397 2612 1494 2642 rebus

795 2657 826 2687 et
842 2658 1024 2688 transituris
1043 2659 1227 2696 aliquando,
1243 2658 1299 2688 sed
1315 2657 1493 2695 spirituali-
