1810 3073
521 216 568 244 lN
589 212 782 243 CANTICA
803 213 951 242 SERMO
974 213 1040 240 111.

68 276 160 315 plebs
184 271 420 309 murmurabat,
445 270 479 301 et
507 269 586 300 fides
608 265 780 316 nnuman}

68 323 119 359 et,
129 321 222 359 juxta
236 318 324 348 Isaiae
337 316 527 347 vaticinium
538 338 547 354 ,
564 315 764 353 Anqclipacis

68 376 175 397 amare
198 364 323 402 flebant.
346 363 390 392 Ne
407 370 480 399 ergo
506 361 695 390 universum
711 366 764 397 ge-

67 419 128 441 nus
140 411 314 440 humanum
324 429 333 445 ,
345 415 466 437 moram
480 406 618 435 faciente
629 404 764 440 Christo,

67 455 291 494 desperatione
307 454 448 492 periret,
464 452 539 482 dum
553 460 587 481 se
604 450 766 481 contemni

67 502 286 541 suspicaretur
309 499 436 529 infirma
465 497 660 534 mortalitas,
684 504 768 525 suae-

67 556 130 586 que
158 545 430 577 reconciliationis
444 552 518 574 cum
532 544 599 572 Deo
612 542 651 572 de
666 541 767 580 gratia

67 593 161 623 toties
178 591 368 630 repromissa
387 588 548 619 diffideret
563 595 572 616 τ
589 586 697 616 Sancti
712 585 767 624 qui

68 637 108 668 de
123 638 240 676 spiritu
255 636 336 666 certi
352 636 445 665 erant
456 655 466 672 ,
482 632 711 663 certitudinem
727 631 767 662 de

68 684 173 714 carnis
184 682 354 722 praesentia
367 678 582 718 exoptabant,
595 686 631 707 ac
641 678 767 715 signum

68 728 281 759 reformandae
299 726 387 765 pacis
398 725 531 763 propter
546 723 767 761 pusillanimes

69 774 101 803 et
126 772 310 804 incredulos
332 770 420 801 omni
442 769 594 799 instantia
622 769 768 807 require-

68 818 158 848 bant.

107 864 138 894 8.
154 863 179 892 0
195 861 287 892 radix
307 861 414 898 Jesse,
430 860 485 899 qui
503 860 568 890 stas
589 859 625 889 in
640 859 767 898 signum

67 908 276 948 populorum!
293 914 389 945 quam
414 906 509 936 multi
525 913 617 944 reges
633 906 666 935 et
693 914 769 943 pro-

67 954 173 993 phetae
196 954 370 984 voluerunt
391 952 424 982 te
442 952 575 990 videre,
592 953 626 981 et
641 960 706 981 non
722 951 770 981 vi-

70 999 204 1030 derunt!
229 998 322 1028 Felix
347 999 456 1028 tamen
479 1006 522 1027 ex
544 997 693 1027 omnibus
721 997 770 1027 Si-

67 1052 182 1083 meon,
199 1043 290 1081 cujus
314 1044 464 1074 senectus
488 1043 523 1073 in
548 1042 769 1073 misericordia

67 1090 179 1120 uberi!
199 1091 228 1120 ls
251 1097 370 1128 nempe
398 1089 575 1119 exsultavit
590 1089 627 1118 ut
641 1089 770 1119 videret

67 1135 222 1166 desiderii
249 1137 376 1174 signum
394 1144 402 1164 ε
421 1136 454 1165 et
469 1135 570 1172 vidit,
585 1135 619 1164 et
642 1134 770 1172 gavisus

67 1183 134 1219 cst3
162 1183 358 1221 acceptoque
383 1181 493 1210 osculo
517 1180 606 1218 pacis
631 1180 666 1209 in
690 1188 769 1217 pace

68 1227 262 1264 dimittitur,
278 1226 352 1255 ante
370 1225 480 1255 tamen
500 1226 612 1262 aperte
627 1233 771 1263 pronun-

66 1273 167 1311 tians,
193 1272 305 1302 Jesum
332 1279 400 1301 esse
425 1271 538 1301 natum
562 1271 598 1301 in
623 1271 769 1310 signum,

67 1318 120 1349 cui
145 1317 429 1349 contradicendum
458 1317 538 1346 erat.
561 1317 700 1347 Omnino
724 1317 771 1347 ita

67 1364 140 1395 fuit.
157 1363 394 1394 contradictum
409 1363 458 1393 est
473 1363 586 1393 exorto
601 1363 691 1401 signo
715 1371 771 1401 pa-

68 1410 131 1448 cis,
148 1409 204 1440 sed
216 1409 256 1439 ab
267 1409 319 1438 his
329 1408 385 1447 qui
401 1408 539 1438 oderunt
552 1416 679 1446 pacem.
691 1409 770 1439 Nam

68 1463 133 1494 pax
147 1454 334 1485 hominibus
348 1454 439 1484 bonae
454 1454 631 1484 voluntatis
643 1476 652 1492 ,
668 1455 771 1485 male-

68 1501 151 1531 volis
178 1501 287 1530 autem
315 1500 410 1537 petra
437 1498 599 1537 scandali,
628 1500 662 1530 et
688 1500 770 1538 lapis

68 1545 266 1576 offensionis.
282 1545 426 1574 Herodes
449 1544 592 1582 denique
621 1545 770 1577 turbatus

67 1593 127 1629 est,
135 1593 168 1622 et
179 1591 285 1621 omnis
295 1591 491 1628 Jerosolyma
504 1599 576 1620 cum
587 1590 642 1620 illo
655 1591 771 1630 :siqui-

66 1637 190 1668 demin
211 1635 341 1675 propria
355 1636 465 1673 venit,
481 1636 514 1666 et
533 1636 583 1666 sui
607 1645 680 1666 eum
705 1645 770 1668 non

67 1684 271 1722 receperunt.
289 1683 413 1712 Felices
438 1682 488 1711 illi
504 1682 538 1711 in
560 1690 617 1712 sua
631 1691 771 1721 pernoc-

66 1730 189 1760 tatione
201 1729 345 1767 pastores
354 1750 363 1765 ,
373 1728 428 1766 qui
440 1727 524 1765 signi
536 1728 633 1765 hujus
645 1729 769 1761 visione

67 1774 156 1813 digni
180 1774 285 1803 habiti
306 1773 393 1803 sunt.
409 1773 480 1802 Jam
493 1773 570 1803 tunc
586 1782 619 1803 se
636 1774 771 1805 abscon-

67 1821 163 1852 debat
177 1829 194 1850 a
210 1819 410 1858 sapientibus
431 1820 464 1848 et
487 1819 703 1857 prudentibus
713 1841 725 1857 ,
737 1821 770 1851 et

67 1867 235 1897 revelabat
259 1865 415 1903 parvulis.
430 1864 468 1894 Et
488 1865 634 1895 Herodes
656 1865 770 1897 videre

66 1912 191 1943 voluit:
209 1911 267 1941 sed
285 1911 361 1949 quia
388 1919 452 1940 non
477 1911 560 1940 bona
583 1911 768 1950 voluntate,

778 655 782 703 l

1437 214 1495 244 155

797 266 890 303 Cujus
915 266 963 296 rei
991 265 1142 304 signum?
1165 265 1397 305 Indulgentiae,
1425 277 1498 306 gra-

799 313 867 350 tiae,
891 312 998 351 pacis,
1026 312 1060 341 et
1092 312 1200 350 pacis,
1226 312 1316 348 cujus
1343 322 1406 342 non
1437 315 1498 344 erit,

799 357 881 387 finis.
908 358 974 387 Hoc
1004 357 1054 387 est
1078 365 1154 394 ergo
1174 357 1300 394 signum
1316 365 1324 386 :
1342 359 1498 389 [invenietis-

798 403 948 441 infantem
973 404 1088 442 pannis
1108 402 1240 440 quidem
1268 403 1455 438 involutum,
1471 405 1499 432 ct

797 450 927 486 positum
941 450 973 478 in
996 449 1156 487 proesepz'o.
1173 448 1261 477 Deus
1277 447 1326 476 est
1340 448 1448 476 tamen
1465 448 1498 476 in

797 493 865 532 ipso
880 495 1028 524 mundum
1048 495 1248 524 reconcilians
1262 493 1331 524 sibi.
1348 493 1501 522 Morietur

799 541 929 578 propter
965 541 1099 578 peccata
1136 540 1262 577 vestra,
1292 540 1327 570 et
1353 540 1500 576 resurget

798 587 928 624 propter
936 586 1201 624 justificationem
1214 586 1354 618 vestram
1364 608 1373 624 ,
1385 586 1422 615 ut
1433 584 1503 622 jus-

798 631 911 662 tificati
936 641 997 670 per
1020 632 1136 670 fidem,
1152 640 1266 670 pacem
1292 631 1440 661 habeatis
1461 629 1502 659 ad

797 677 914 708 Deum.
924 678 990 708 Hoc
998 678 1123 716 signum
1133 677 1222 716 pacis
1231 677 1390 715 Propheta
1401 683 1502 714 quon-

798 723 870 753 dam
891 723 960 761 regi
981 724 1085 753 Achaz
1101 723 1303 762 proponebat
1323 721 1501 760 petendum

798 777 815 797 a
842 769 980 799 Domino
1005 769 1072 798 Deo
1105 777 1188 806 suo,
1213 768 1283 798 sive
1309 768 1344 797 in
1372 766 1502 796 excelso

797 823 912 853 supra,
937 815 1006 845 sive
1031 815 1067 845 in
1093 814 1222 845 inferno
1251 814 1413 844 deorsum.
1440 812 1503 842 Sed

798 860 917 899 impius
932 870 992 891 rex
1007 860 1187 898 recusavit,
1201 868 1267 890 non
1281 860 1416 890 credens
1441 858 1504 888 mi·-

797 915 868 945 ser,
882 907 968 946 quod
992 908 1025 937 in
1042 906 1134 945 signo
1149 907 1210 936 hoc
1232 907 1297 936 lma
1318 905 1450 936 summis
1468 904 1503 934 in

798 961 877 990 pace
901 952 1053 983 socianda
1078 952 1379 991 essent2quatenus
1394 951 1427 981 et
1451 951 1504 980 in-

799 998 858 1028 feri
884 999 1021 1029 Domino
1049 997 1271 1028 descendente
1294 997 1446 1034 salutati,
1468 996 1502 1026 in

799 1045 907 1074 osculo
921 1045 1031 1075 sancto
1045 1045 1172 1082 signum
1188 1044 1277 1082 pacis
1293 1043 1326 1073 et
1340 1043 1402 1081 ipsi
1417 1043 1503 1072 reci-

799 1090 907 1128 piant3
920 1091 953 1120 et
964 1090 1098 1129 superni
1113 1090 1246 1128 spiritus
1258 1088 1399 1127 idipsum
1414 1088 1504 1118 nihi-

782 1167 783 1180 }
800 1136 957 1174 lominus,
970 1145 1043 1166 cum
1057 1136 1095 1166 ad
1109 1137 1206 1166 coelos
1217 1135 1370 1173 redterit,
1383 1136 1503 1165 aeterna

799 1182 958 1212 suavitate
969 1182 1177 1220 participent.

838 1227 870 1257 9.
893 1227 1005 1257 Sermo
1027 1227 1190 1257 finiendus
1212 1226 1350 1257 estzsed
1365 1226 1403 1256 ut
1416 1226 1504 1264 quod

801 1272 833 1302 in
847 1281 885 1303 eo
900 1272 1099 1311 disputatum
1115 1273 1185 1310 est,
1206 1272 1300 1301 brevi
1316 1272 1504 1309 recolligam

799 1326 925 1348 summa
942 1340 952 1356 ,
978 1318 1069 1356 patet
1096 1317 1158 1347 hoc
1183 1318 1330 1347 sanctum
1359 1317 1504 1346 osculum

799 1363 925 1394 duabus
940 1372 983 1394 ex
1005 1363 1109 1394 causis
1133 1362 1316 1393 necessarie
1340 1362 1504 1392 indultum

800 1410 920 1439 mundo
937 1409 999 1439 :ut
1024 1409 1058 1439 et
1079 1408 1216 1438 infirmis
1241 1407 1364 1438 faceret
1387 1407 1502 1445 lidem3

800 1455 833 1485 et
847 1455 1010 1486 desiderio
1035 1453 1238 1486 satisfaceret
1258 1453 1479 1491 perfectorum
1493 1462 1502 1483 ε

799 1509 894 1538 porro
921 1501 1027 1539 ipsum
1053 1500 1200 1530 osculum
1230 1507 1299 1529 esse
1325 1507 1390 1529 non
1414 1499 1504 1530 aliud

799 1554 897 1584 quam
923 1546 1137 1576 mediatorem
1165 1544 1226 1575 Dei
1248 1544 1283 1575 et
1314 1544 1506 1583 hominum,

800 1592 965 1622 hominem
997 1592 1107 1621 Jesum
1130 1591 1312 1627 Christum,
1338 1589 1395 1628 qui
1429 1599 1503 1620 cum

782 1647 783 1681 ἰ
800 1638 892 1667 Patre
905 1638 939 1668 et
959 1637 1084 1676 Spiritu
1105 1638 1215 1667 sancto
1228 1636 1312 1667 vivit
1335 1635 1369 1665 et
1390 1636 1504 1674 regnat

781 1684 886 1732 [Deus
919 1691 978 1722 per
1006 1683 1114 1714 onmia
1145 1683 1262 1714 saecula
1289 1681 1504 1720 saeculorum,

781 1735 908 1793 jamen.

781 1794 785 1882 ἔ
1012 1823 1182 1857 SERMO
1212 1823 1290 1856 111.

781 1888 784 1947 ἵ
800 1898 839 1921 De
852 1896 946 1921 osculo
958 1895 1047 1928 pedis,
1063 1901 1179 1925 manus,
1195 1896 1222 1918 et
1236 1894 1293 1918 oris
1309 1892 1436 1923 Domini,
1448 1894 1502 1917 etc.

782 1259 783 1273 l

781 1275 783 1285 l

782 1308 783 1315 l

67 1966 130 1988 non
165 1957 298 1987 meruit.
328 1957 420 1986 Pacis
452 1956 614 1995 siquidem
642 1949 783 1995 signum?
840 1953 993 1983 l.H01>113
1015 1950 1155 1989 legimus
1175 1949 1210 1980 in
1231 1949 1316 1980 libro
1328 1948 1505 1987 experien-

67 2004 153 2041 erat,
173 2003 284 2032 datum
308 2002 436 2032 tantum
457 2000 648 2032 hominibus
676 2000 783 2033 bonaess
799 1998 865 2029 tiae.
891 1996 1128 2028 convertimini
1153 1996 1194 2026 ad
1209 2004 1267 2026 vos
1286 1996 1390 2034 ipSOS,
1407 1996 1440 2025 et
1454 1994 1506 2024 at-

65 2048 240 2079 voluntatis
263 2056 271 2076 τ
296 2047 417 2077 Herodi
444 2056 522 2077 vero
551 2048 586 2078 et
609 2043 783 2079 similibus*
800 2044 912 2074 tendat
923 2043 1146 2082 unusquisque
1161 2040 1392 2072 conscientiam
1413 2049 1505 2071 suani

67 2093 136 2131 ejus
148 2102 211 2124 non
227 2093 356 2123 dabitur
369 2093 432 2123 nisi
445 2093 573 2131 signum
593 2094 681 2124 Jonae
694 2077 783 2138 Pro-J
800 2099 896 2129 super
912 2090 964 2120 his
981 2098 1054 2128 quae
1069 2088 1206 2119 dicenda
1221 2089 1306 2118 sunt.
1328 2087 1502 2125 Explorare

66 2139 184 2178 phetae.
206 2140 302 2168 Porro
324 2138 364 2167 ad
389 2139 533 2176 pastores
544 2160 553 2176 ,
566 2140 608 2169 Et
630 2139 704 2176 hoc,
724 2139 783 2172 ait]
800 2136 917 2174 velim,
933 2136 959 2167 si
976 2135 1029 2166 cui
1045 2142 1200 2172 umquam
1215 2135 1361 2163 vestrum
1375 2140 1417 2162 ex
1427 2139 1504 2162 sen-

66 2186 222 2223 Angelus,
246 2184 331 2214 vobis
355 2185 497 2222 siquam,
520 2184 613 2215 vobis
637 2176 782 2237 humili-f

65 2229 148 2268 bus,
178 2230 271 2260 vohis
299 2230 529 2260 obedientibus
547 2252 557 2268 ,
583 2230 675 2261 vobis
703 2239 768 2261 non

64 2277 129 2306 ana
144 2276 363 2314 sapientibus,
379 2276 471 2306 vobis
487 2277 719 2315 vigilantibus,
736 2270 782 2309 et?

64 2321 181 2359 inlege
199 2321 258 2351 Dei
283 2321 518 2352 meditantibus
529 2322 582 2352 die
601 2330 638 2352 ac
651 2324 767 2361 nocte,

64 2367 145 2402 Hoc,
164 2365 290 2403 inquit,
305 2366 389 2396 vobis
409 2367 542 2405 siquam.
559 2367 670 2405 Quod?
684 2369 769 2406 quod

65 2411 177 2450 Angeli
203 2411 456 2449 promittebant,
471 2412 556 2449 quod
577 2412 691 2450 populi
716 2421 769 2443 re-

66 2456 238 2496 quirebant
255 2477 263 2493 ,
288 2456 373 2494 quod
407 2458 575 2495 Prophetae
602 2458 769 2496 praedixe-

66 2502 154 2539 rant,
170 2502 230 2531 hoc
257 2501 335 2531 fecit
362 2502 518 2533 Dominus
545 2511 631 2532 nune
643 2525 652 2542 ,
669 2505 702 2534 et
717 2513 769 2535 os—

64 2548 172 2578 tendit
186 2547 295 2578 vobis:
314 2547 348 2576 in
361 2555 424 2586 quo
435 2548 598 2587 recipiant
609 2549 767 2581 increduli

65 2591 163 2622 sidem
175 2615 184 2631 ‚
220 2593 446 2632 pusillanimes
478 2601 568 2633 spem
588 2617 597 2633 ,
630 2596 767 2634 perfecti

64 2638 286 2670 securitatem.
319 2639 385 2669 Hoc
413 2646 487 2680 ergo
507 2640 600 2672 vobis
627 2641 765 2681 signum.

798 2182 903 2213 tentia
923 2181 1034 2212 dicere
1064 2181 1176 2211 datum
1200 2179 1431 2217 sit,Osculetm·
1454 2187 1503 2207 mc

799 2229 899 2259 osculo
920 2229 983 2258 oris
1006 2228 1067 2259 sui.
1090 2227 1159 2256 Non
1178 2226 1227 2256 est
1249 2225 1337 2255 enim
1359 2223 1504 2261 cujusvis

798 2273 968 2304 hominum
983 2281 1026 2304 ex
1040 2272 1166 2303 affectu
1180 2272 1241 2301 hoc
1252 2271 1362 2301 dicere
1378 2278 1386 2299 :
1403 2269 1460 2300 sed
1474 2269 1503 2300 si

780 2314 782 2320 '
798 2320 870 2358 quis
885 2327 928 2350 ex
949 2327 1004 2349 ore
1019 2317 1137 2348 Christi
1163 2316 1333 2355 spirituale
1355 2315 1501 2345 osculum

798 2366 852 2397 vel
863 2365 964 2396 semel
975 2364 1102 2403 accepit
1110 2386 1119 2402 ,
1128 2364 1216 2393 hunc
1226 2361 1392 2401 proprium
1402 2368 1502 2399 expe-

798 2411 976 2442 rimentum
989 2410 1136 2450 profecto
1150 2408 1323 2446 sollicitat,
1337 2408 1370 2438 et
1383 2406 1503 2444 repetit

799 2458 918 2488 libens.
933 2458 995 2495 Ego
1010 2455 1150 2487 arbitror
1163 2453 1331 2486 neminem
1347 2452 1400 2482 vel
1418 2451 1500 2481 scire

799 2511 892 2542 posse
918 2502 999 2543 quid
1025 2502 1087 2542 sit,
1111 2501 1176 2532 nisi
1203 2500 1260 2539 qui
1287 2498 1406 2536 accipit
1428 2505 1436 2525 τ
1454 2496 1501 2526 est

799 2550 921 2589 quippe
945 2556 1063 2579 manna
1091 2546 1335 2581 absconditum3
1359 2543 1391 2572 et
1415 2541 1501 2570 solus

799 2596 856 2635 qui
871 2595 956 2634 edit,
972 2594 1077 2625 adhuc
1092 2592 1227 2624 esuriet.
1242 2591 1296 2620 Est
1309 2589 1378 2619 fons
1392 2587 1501 2625 signa-

801 2642 870 2680 tus,
887 2641 939 2673 cui
964 2648 1029 2672 non
1055 2635 1272 2670 communicat
1287 2634 1429 2670 alienus3
1443 2631 1501 2662 sed
