1846 3078
319 234 379 265 518

527 302 696 337 SERMO
722 303 807 335 LII.

319 377 360 402 ne
371 382 494 407 exem,
505 377 556 408 quj
569 376 766 406 contemplatio
784 374 900 402 dicitur,
912 372 942 395 in
962 377 1017 402 qua

347 419 460 443 sponsus
479 413 545 437 facit
567 413 709 442 quiescere
729 411 854 433 animam
876 409 1017 435 sanctam,

350 458 401 483 pro
414 452 472 482 ejus
484 452 576 483 quiete
588 451 684 474 zelans.

360 516 390 546 1.
413 517 549 546 Ammo
566 523 640 550 vos,
660 513 731 549 filice
752 510 941 546 Jerusalem,
960 519 1018 549 per

319 569 447 600 capreas
477 568 634 597 cervosque
670 565 848 596 camporum
860 578 870 593 ,
896 558 930 586 ut
956 565 1018 586 non

319 608 453 637 excitetis
464 614 558 643 neque
573 604 713 642 eriqz‘lare
729 603 850 640 faciatis
864 603 1017 640 dilectam,

320 653 514 691 quoadusque
531 651 597 688 ipsa
613 649 694 679 velit.
711 648 929 678 prohibentur
943 648 1018 677 ado-

319 697 524 728 lescentulae:
543 693 555 734 (
571 695 628 724 has
644 694 734 724 enim
755 694 835 732 filias
847 694 1018 724 Jerusalem

320 743 416 780 dicit,
432 741 507 779 quia
524 741 586 770 etsi
607 740 755 770 delicatae
775 740 808 770 et
830 740 962 777 molles,
987 739 1033 769 et2

319 788 409 826 quasi
425 786 574 817 femineiS
589 786 693 816 adhuc
709 785 875 815 affectibus
891 786 924 815 et
942 785 1020 815 acti-

319 834 379 863 bus
403 832 557 870 inlirmae,
578 840 701 871 sponsae
721 832 832 861 tamen
856 831 1020 861 inhaerent

319 886 375 916 spe
389 876 600 916 proficiendi,
623 876 657 906 et
674 875 903 915 proficiscendi
924 876 1020 905 Jeru-

319 922 456 962 salem.)
480 922 697 951 Prohibentur
722 929 797 959 ergo
819 922 858 951 ab
882 920 1020 951 infesta-

319 969 407 999 tione
432 976 554 1007 sponsae
583 966 790 1004 dormientis,
821 974 863 996 ne
896 966 1021 996 scilicet

318 1014 436 1052 praeter
444 1014 644 1043 voluntatem
657 1013 758 1050 ipsius
771 1012 934 1042 ullatenus
949 1019 1020 1041 eam

319 1059 463 1090 excitare
491 1059 698 1098 praesumant.
728 1058 903 1096 Propterea
933 1057 1019 1087 enim

319 1104 525 1134 dulcissimus
537 1111 671 1142 sponsus
684 1104 799 1132 laevam
814 1110 905 1132 suam
921 1102 1019 1140 capiti
1033 1095 1035 1100 '

319 1151 390 1187 ejus
405 1150 592 1188 supposuit,
606 1148 782 1178 secundum
800 1156 837 1177 ea
849 1156 921 1186 quae
937 1156 1021 1186 prae-

319 1196 416 1225 missa
431 1196 523 1231 sunt,
544 1194 705 1232 quatenus
724 1193 760 1223 in
781 1192 857 1223 sinu
875 1201 932 1222 suo
949 1201 1018 1222 eam

320 1242 489 1280 quiescere
512 1240 634 1270 faceret
649 1239 682 1269 et
704 1238 858 1269 dormire.
875 1239 914 1268 Et
932 1246 1019 1268 1111110

320 1288 404 1318 sicut
428 1286 565 1317 subinde
598 1285 764 1323 Scriptura
793 1284 1018 1322 prosequitur,

320 1333 390 1371 ipse
406 1333 512 1362 custos
533 1331 622 1361 illius
644 1330 887 1369 dignantissime
908 1330 943 1360 et
962 1330 1020 1360 be-

320 1376 586 1408 nevolentissime
607 1376 722 1415 vigilat
745 1384 843 1414 super
863 1383 934 1405 eam
947 1397 957 1413 ,
978 1384 1019 1406 ne

321 1422 635 1453 adolescentularum
659 1422 782 1452 crebris
819 1421 1019 1460 minutisque

319 1466 570 1497 necessitatibus
589 1465 769 1503 inquietata
791 1465 946 1502 evigilare
969 1474 1020 1495 co-

321 1512 426 1551 gatur.
443 1512 506 1541 Ista
521 1512 569 1541 est
582 1510 734 1540 litteralis
743 1510 939 1540 cohaerentia
947 1510 1019 1540 tex-

320 1559 383 1588 tus.
400 1557 462 1587 Sed
478 1556 566 1587 enim
581 1555 772 1586 contestatio
796 1555 852 1584 illa
868 1554 951 1585 facta
962 1564 1022 1594 per

320 1611 447 1641 capreas
463 1610 620 1639 cervosque
635 1609 817 1638 camporum
828 1621 839 1636 ‚
853 1599 939 1629 nihil
955 1609 1021 1630 om-

321 1648 397 1678 nino
419 1647 598 1678 secundum
622 1646 766 1676 litteram
783 1645 1021 1683 consequentiae

320 1693 523 1723 rationabilis
534 1691 656 1721 habere
671 1690 813 1728 videtur,
829 1690 909 1720 adeo
920 1691 1022 1720 totam

319 1739 382 1769 sibi
398 1747 469 1769 eam
485 1737 629 1768 vindicat
640 1735 859 1774 intelligentia
870 1735 1023 1773 spiritua-

320 1785 373 1815 lis.
391 1785 430 1815 At
443 1791 572 1823 quoquo
590 1781 684 1811 modo
699 1782 755 1811 illa
770 1789 804 1811 se
820 1781 957 1818 habeat,
973 1781 1022 1811 in-

319 1830 417 1861 terim
427 1830 549 1859 bonum
562 1828 611 1858 est
625 1835 682 1857 nos
695 1827 747 1856 hic
759 1834 842 1864 esse,
857 1827 890 1857 et
901 1826 1021 1857 intueri

320 1875 486 1913 paulisper
509 1875 636 1904 naturae
661 1872 782 1902 divinae
821 1872 1020 1911 bonitatem,

320 1921 528 1957 suavitatem,
544 1918 774 1957 dignationem.
783 1918 868 1956 Quid
881 1926 1022 1957 namque

320 1970 376 2004 tu,
392 1967 487 1996 homo
497 1987 507 2003 ,
521 1965 555 1995 in
567 1964 719 1994 humanis
731 1972 885 2003 umquam
900 1964 1023 1993 affecti-

323 2012 382 2043 bus
398 2013 551 2050 expertus
576 2019 611 2041 es
632 2010 779 2048 dulcius,
805 2017 904 2048 quam
927 2010 1023 2040 modo

322 2058 383 2088 tibi
398 2056 594 2094 exprimitur
615 2056 656 2086 de
676 2056 772 2086 corde
788 2054 943 2085 Altissimi
959 2054 974 2084 ἓ
986 2056 1024 2086 Et

323 2104 520 2142 exprimitur
543 2103 583 2132 ab
607 2103 662 2132 illo
688 2102 744 2141 qui
771 2102 935 2132 scrutatur
959 2101 1023 2132 alta

323 2149 406 2186 Dei,
422 2150 455 2179 et
475 2157 540 2178 non
554 2148 663 2186 potest
685 2147 814 2177 nescire
832 2155 904 2185 quae
926 2146 962 2176 in
986 2154 1023 2176 eo

323 2194 416 2231 sunt,
427 2194 499 2232 quia
517 2193 654 2232 Spiritus
666 2192 768 2231 ipsius
783 2193 848 2222 est:
860 2200 921 2221 nec
936 2191 1024 2221 aliud

325 2239 421 2276 plane
443 2240 548 2278 loqui,
577 2247 676 2278 quam
696 2238 783 2278 quod
804 2238 892 2276 apud
917 2238 1024 2275 ipsum

326 2283 429 2321 vidit,
448 2285 598 2322 quoniam
612 2284 761 2314 veritatis
773 2283 911 2322 Spiritus
923 2284 983 2313 est.

366 2330 398 2359 Ξ.
407 2330 552 2368 Denique
559 2339 620 2360 nec
631 2331 722 2361 deest
731 2331 764 2360 in
775 2330 883 2360 nostro
893 2336 1024 2368 genere,

328 2374 383 2413 qui
399 2374 460 2403 hoc
475 2383 608 2404 munere
624 2375 705 2404 felix
721 2374 880 2405 laetificari
895 2381 1027 2404 merue-

327 2411 370 2449 ri't
384 2441 394 2458 ,
414 2419 503 2449 etsie
519 2419 554 2448 in
577 2420 752 2458 semetipso
775 2419 959 2451 suavissimi
975 2427 1027 2449 31-

328 2464 401 2495 03111
427 2463 524 2501 hujus
548 2463 699 2495 habuerit
727 2464 991 2503 experimentum

328 2510 391 2541 nisi
406 2510 515 2539 tamen
529 2508 700 2546 Scripturae
712 2510 799 2548 loco,
813 2511 868 2548 qui
881 2519 948 2548 prae
959 2519 1028 2540 1113-

328 2556 425 2585 11111115
454 2555 523 2593 est,
549 2555 680 2584 omnino
711 2555 934 2592 decredimus,
971 2556 1026 2586 ubi

329 2600 499 2630 manifeste
531 2599 697 2629 inducitur
725 2601 864 2629 coelestis
890 2601 1029 2637 Sponsus

331 2644 617 2675 vehementissime
635 2645 741 2675 zelans
758 2653 813 2683 pro
839 2645 949 2682 quiete
975 2654 1024 2676 cu-

789 234 817 260 5.
843 230 1076 260 BERNARDI
1102 231 1299 260 ABBATls

1050 283 1177 320 jusdam
1194 285 1319 316 diiectae
1340 294 1422 324 suae,
1444 284 1600 318 sollicitus
1621 293 1749 317 servare

1053 328 1139 359 inter
1162 330 1294 361 brachia
1308 332 1439 371 propria
1461 331 1693 370 dormientem,
1706 339 1749 362 ne

1051 383 1115 412 qua
1139 375 1222 406 forte
1243 377 1391 408 molestia
1411 378 1464 408 vel
1487 377 1713 415 inquietudine
1731 385 1750 407 a

1053 427 1162 449 somno
1182 421 1370 451 suavissimo
1387 421 1588 452 deturbetur.
1610 422 1678 452 Non
1695 429 1749 451 me

1052 465 1143 502 capio
1163 474 1230 503 prae
1254 466 1386 504 laetitia,
1413 467 1498 506 quod
1520 468 1575 497 illa
1599 466 1751 504 majestas

1052 510 1117 539 tam
1132 510 1286 541 familiari
1299 511 1449 550 dulcique
1462 512 1619 543 consortio
1635 511 1750 542 nostrae

1052 561 1086 583 se
1108 554 1265 586 inclinare
1289 556 1470 586 infirmitati
1489 557 1623 587 minime
1640 556 1752 594 dedig-

1052 600 1164 638 natur,
1181 601 1214 631 et
1231 609 1370 640 superna
1392 601 1495 632 deitas
1518 602 1635 633 animae
1656 610 1754 632 exsu-

1052 644 1150 674 lantis
1177 645 1260 676 inire
1291 646 1469 685 connubia,
1507 646 1603 685 eique
1644 646 1753 685 sponsi

1052 690 1277 721 ardentissimo
1296 699 1403 722 amore
1423 691 1509 730 capti
1529 691 1687 722 exhibere
1704 691 1754 721 af-

1053 735 1174 767 fectum
1190 745 1256 768 non
1278 737 1428 776 despicit.
1448 738 1519 776 Sic,
1544 738 1589 768 sic
1611 738 1647 767 in
1670 738 1753 768 coelo

1053 791 1122 813 esse
1136 791 1202 813 non
1214 784 1342 822 ambigo
1353 806 1362 822 ‚
1377 785 1415 813 ut
1429 784 1501 822 lego
1517 783 1550 813 in
1567 784 1665 822 terra,
1681 791 1753 813 sen-

1052 828 1175 867 tietque
1191 838 1249 868 pro
1265 831 1353 859 certo
1369 830 1476 859 anima
1499 829 1587 868 quod
1608 828 1754 859 continet

1052 875 1168 913 pagina
1184 883 1192 904 ε
1209 875 1274 905 11151
1288 875 1374 914 quod
1389 884 1454 905 non
1472 875 1592 906 suflicit
1607 875 1668 905 ista
1682 883 1751 904 om·

1052 921 1128 950 nino
1152 921 1357 959 exprimere,
1381 921 1538 959 quantum
1558 929 1675 959 capere
1697 920 1754 949 illa

1052 966 1128 995 tunc
1142 967 1285 1005 poterit,
1298 967 1354 997 sed
1367 975 1429 997 nec
1440 966 1598 1005 quantum
1614 966 1681 1003 13111
1697 973 1754 1004 po-

1053 1010 1126 1041 test.
1142 1012 1228 1049 Quid
1245 1012 1340 1050 putas
1354 1011 1422 1041 illic
1436 1012 1594 1048 accipiet,
1613 1020 1685 1049 quae
1699 1010 1753 1040 hic

1053 1056 1142 1086 tanta
1157 1057 1378 1087 familiaritate
1395 1056 1532 1086 donatur
1542 1078 1551 1094 ‚
1562 1057 1599 1085 ut
1610 1055 1670 1085 Dei
1685 1055 1754 1085 bra-

1054 1102 1137 1131 chiis
1152 1103 1305 1141 amplecti
1322 1110 1356 1132 se
1377 1101 1518 1139 sentiat,
1542 1100 1602 1130 Dei
1617 1100 1691 1130 sinu
1705 1100 1754 1130 fo-

1053 1147 1141 1185 veri,
1164 1148 1224 1177 Dei
1246 1156 1323 1178 cura
1340 1148 1373 1177 et
1392 1147 1498 1177 studio
1517 1145 1689 1183 custodiri,
1709 1153 1751 1175 ne

1054 1192 1217 1223 dormiens
1229 1193 1311 1223 forte
1331 1201 1348 1223 3
1364 1193 1536 1232 quopiam,
1551 1191 1653 1222 donec
1667 1191 1754 1222 ultro

1054 1238 1205 1277 evigilet,
1219 1237 1408 1269 excitetur?

1091 1283 1122 1312 3.
1139 1284 1203 1323 Age
1220 1284 1287 1322 jam
1304 1284 1432 1323 itaque,
1457 1282 1603 1313 dicamus
1627 1281 1655 1312 si
1678 1289 1754 1320 pos-

1052 1337 1183 1367 sumus,
1208 1330 1356 1368 quisnam
1382 1329 1439 1359 ille
1460 1329 1503 1358 sit
1524 1336 1670 1365 somnus,
1691 1335 1753 1366 quo

1053 1374 1205 1405 dilectam
1220 1383 1310 1405 suam
1325 1382 1458 1412 sponsus
1466 1373 1648 1404 obdormire
1660 1372 1753 1411 velit,

1052 1428 1112 1450 nec
1126 1421 1271 1459 patiatur
1285 1420 1415 1450 0111111110
1425 1441 1434 1456 ,
1449 1419 1512 1449 11151
1528 1419 1569 1448 ad
1584 1418 1686 1457 ipsius
1704 1425 1755 1447 ar-

1053 1464 1206 1502 bItrium,
1221 1464 1360 1494 excitari
1378 1473 1385 1492 :
1402 1472 1443 1493 ne
1458 1463 1541 1493 forte
1554 1471 1626 1492 cum
1638 1461 1755 1500 legerit

1052 1510 1126 1548 quis
1146 1510 1232 1548 apud
1249 1509 1453 1548 Apostolum,
1468 1511 1555 1539 Hora
1568 1509 1611 1538 est
1618 1508 1688 1546 jam
1699 1515 1757 1538 nos

1054 1556 1088 1584 de
1099 1564 1207 1585 somno
1224 1564 1348 1593 surqere
1358 1575 1368 1591 ‚
1381 1554 1450 1583 sive
1465 1553 1550 1592 apud
1562 1552 1756 1591 Prophetam

1054 1600 1181 1631 exorari
1195 1600 1234 1630 ab
1251 1600 1319 1639 ipso
1333 1600 1438 1629 Deum
1451 1621 1460 1637 ,
1482 1598 1658 1628 illuminari
1681 1606 1756 1628 ocu-

1053 1646 1101 1676 los
1113 1654 1184 1676 suos
1195 1654 1237 1675 ne
1245 1653 1397 1683 umquam
1409 1644 1630 1674 obdormiatin
1638 1644 1755 1680 morte,

1055 1691 1223 1721 nominum
1237 1690 1492 1729 aequivocatione
1508 1689 1674 1726 turbetur,
1693 1696 1754 1718 1100

1055 1735 1203 1766 inveniat
1216 1735 1347 1766 omnino
1357 1757 1366 1772 ,
1382 1734 1462 1773 quid
1475 1734 1573 1773 digne
1584 1734 1624 1764 de
1636 1733 1756 1763 dormi-

1055 1782 1144 1812 tione
1157 1790 1280 1821 sponsae
1295 1790 1366 1820 quae
1378 1781 1438 1811 hoc
1453 1780 1522 1811 1000
1537 1780 1734 1810 memoratur
1744 1801 1754 1816 ,

1054 1827 1176 1858 sentire
1201 1828 1313 1867 possit.
1338 1828 1417 1856 Nam
1440 1834 1484 1856 ne
1513 1825 1597 1856 illud
1624 1825 1755 1864 quidem

1055 1874 1162 1904 simile
1178 1874 1228 1904 est
1247 1874 1341 1910 huic,
1357 1872 1444 1911 quod
1465 1872 1505 1902 de
1521 1872 1638 1901 Lazaro
1659 1870 1707 1900 ait
1720 1871 1755 1899 in

1055 1919 1228 1958 Evangelio
1256 1918 1414 1948 Dominus
1437 1926 1446 1947 ε
1474 1919 1616 1948 Lazarus
1639 1917 1756 1947 amicus

1055 1967 1156 1995 noster
1170 1966 1301 2001 dormit,
1318 1973 1423 1994 eamus
1439 1965 1467 1993 et
1482 1973 1501 1993 α
1518 1971 1624 1993 somno
1643 1962 1757 1991 excite-

1055 2020 1122 2041 mus
1139 2020 1220 2041 eum.
1243 2011 1310 2040 Hoc
1333 2009 1422 2040 enim
1443 2008 1573 2038 dicebat
1593 2007 1633 2037 de
1653 2006 1756 2036 morte

1057 2056 1196 2096 corporis
1211 2056 1298 2094 eJ'us,
1314 2063 1388 2085 cum
1405 2054 1565 2092 Discipuli
1580 2052 1620 2083 de
1638 2051 1757 2082 dormi-

1056 2103 1144 2133 tione
1165 2101 1268 2132 somni
1284 2101 1408 2131 dictum
1433 2098 1600 2137 putarent.
1615 2098 1684 2127 Non
1697 2103 1757 2125 au-

1057 2149 1123 2178 tem
1136 2148 1162 2177 is
1174 2155 1295 2186 sponsae
1303 2153 1432 2176 somnus
1445 2144 1596 2174 dormitio
1604 2140 1756 2179 corporis,

1058 2194 1109 2223 vel
1125 2192 1269 2231 placida,
1281 2200 1353 2230 quae
1367 2198 1480 2221 sensus
1495 2188 1599 2218 0311115
1613 2185 1757 2216 suaviter

1057 2239 1140 2277 sopit
1154 2238 1193 2268 ad
1208 2239 1354 2276 tempus,
1374 2236 1428 2266 vel
1443 2233 1591 2271 horrida,
1604 2241 1675 2270 quae
1686 2231 1758 2260 fun·

1058 2285 1144 2315 ditus
1169 2283 1271 2313 vitam
1300 2283 1415 2313 tollere
1444 2279 1624 2311 consuevit.
1658 2278 1757 2308 Multo

1058 2329 1158 2368 magis
1178 2337 1256 2359 vero
1279 2328 1312 2357 ct
1336 2327 1377 2357 ab
1399 2326 1456 2356 illa
1481 2324 1608 2355 alienus
1629 2321 1757 2353 exsistit

1058 2384 1120 2414 qua
1141 2373 1343 2405 obdormitur
1363 2372 1484 2410 morte,
1510 2378 1583 2400 cum
1603 2369 1758 2400 videlicet

1060 2422 1094 2451 in
1109 2420 1242 2460 peccato
1268 2418 1356 2458 quod
1377 2419 1427 2448 est
1441 2417 1482 2447 ad
1496 2415 1652 2453 mortem,
1676 2414 1759 2444 irre-

1016 2473 1025 2494 :
1060 2466 1251 2496 vocabiliter
1271 2465 1510 2503 perseveratur.
1531 2460 1628 2499 Magis
1649 2461 1757 2489 autem

1062 2510 1242 2541 istiusmodi
1250 2509 1359 2540 vitalis
1370 2508 1514 2546 vigilque
1526 2513 1618 2544 sopor
1629 2512 1758 2535 sensum

1062 2556 1250 2586 interiorem
1263 2554 1446 2590 illuminat,
1463 2552 1497 2581 et
1510 2550 1612 2580 morte
1626 2550 1759 2587 propul-

1062 2603 1127 2631 sata
1143 2601 1243 2630 vitam
1256 2599 1369 2630 tribuit
1379 2597 1616 2635 sempiternam.
1633 2595 1759 2624 Revera

1064 2647 1151 2676 enim
1167 2645 1317 2676 dormitio
1332 2644 1398 2680 est,
1415 2649 1485 2679 quae
1501 2640 1608 2671 tamen
1629 2646 1758 2669 5011511111
