1846 3078
581 207 627 236 ΙΝ
649 206 848 237 CANTch
871 202 1017 234 SERMO
1041 205 1129 234 LIX.

155 264 305 304 insueta,
327 257 384 295 ne'
400 261 506 294 dicam
534 261 685 302 indigna,
712 258 853 292 locutio?

151 311 313 351 Nusquam
329 309 340 350 (
355 308 392 339 ut
403 309 517 348 opinor
532 307 543 348 )
560 308 599 338 de
614 309 696 339 coelo
707 307 753 338 sic
763 307 854 337 locu-

150 357 223 387 tum
237 355 397 394 reperies,
412 362 572 406 nusquam
591 354 671 384 alibi
695 353 735 384 de
752 353 851 383 terra.

152 401 294 432 Adverte
319 400 435 438 igitur,
454 387 585 438 quantae
613 398 785 430 suavitatis
811 397 854 428 sit

151 446 255 476 Deum
267 445 340 475 coeli
355 445 483 482 dicere,
495 446 527 475 in
542 447 627 475 terra
639 446 758 475 nostra.
776 442 854 480 Qui-

149 499 215 529 que
229 491 401 530 terrigenae
416 491 450 521 et
460 490 519 520 filii
531 490 711 527 hominum,
722 488 832 519 audite
844 496 852 516 :

147 536 369 573 magnificavit
380 536 535 566 Dominus
548 534 656 566 facere
670 533 851 564 nobiscum.

149 582 286 612 Multum
310 582 361 612 illi
386 590 460 612 cum
488 582 597 618 terra,
618 579 761 610 multum
779 586 853 609 cum

149 635 282 665 sponsa,
298 635 395 666 quam
416 627 457 657 de
472 626 569 657 terris
589 625 652 657 sibi
674 624 852 655 adsciscere

150 673 284 710 placuit.
305 675 343 704 In
360 675 463 709 terra,
492 671 621 710 inquit,
640 672 760 701 nostra.
783 670 852 700 Non

149 719 245 756 plane
266 718 484 757 principatum
504 717 596 747 sonat
616 724 681 747 vox
696 715 780 752 ista,
794 713 850 745 sed

149 765 364 801 consortium,
381 763 438 794 sed
463 761 732 792 familiaritatem.
759 761 852 790 Tam-

149 818 246 848 quam
260 810 400 851 Sponsus
415 808 476 838 hoc
491 807 590 846 dicit,
606 814 672 837 non
686 807 851 844 tamquam

148 855 315 885 Dominus.
324 852 427 891 Quid?
441 852 591 883 Conditor
604 852 672 890 est,
682 851 714 882 et
726 859 853 881 consor-

148 900 216 930 tem
231 908 265 930 se
289 897 436 937 reputat!
449 898 545 928 Amor
558 896 716 936 loquitur,
729 896 785 935 qui
797 895 852 926 do-

149 945 275 975 minum
289 944 551 975 nescit.Carmen
566 942 723 973 nimirum
734 941 852 972 amoris

150 991 210 1029 ost,
221 999 282 1020 nec
297 990 369 1020 aliis
381 989 442 1020 hoc
455 997 553 1028 quam
562 987 727 1018 amatoriis
742 987 851 1017 fulciri

149 1036 302 1073 oportuit.
316 1036 409 1066 Amat
423 1035 568 1072 etDeus,
579 1042 640 1064 nec
652 1033 783 1064 aliunde
791 1033 852 1063 hoc

150 1082 268 1120 habet,
285 1081 342 1112 sed
360 1080 430 1119 ipse
445 1080 496 1111 est
509 1080 598 1110 unde
612 1079 709 1110 amat.
725 1079 764 1110 Et
777 1078 851 1115 ideo

148 1127 378 1158 vehementius
388 1147 397 1164 ,
422 1126 499 1165 quia
527 1133 592 1156 non
617 1132 759 1155 amorem
785 1124 851 1155 tam

150 1172 266 1211 habet,
282 1180 379 1210 quam
394 1172 455 1202 hoe
473 1171 523 1202 est
537 1171 621 1209 ipse.
637 1171 758 1200 Verum
773 1178 851 1208 quos

149 1218 251 1255 amat,
264 1218 383 1248 amicos
398 1216 498 1247 habet
508 1237 518 1254 ,
535 1224 600 1247 non
617 1223 738 1246 servos.
751 1216 865 1255 Deni-¹

148 1271 212 1301 que
233 1262 354 1293 amicus
368 1262 405 1293 fit
429 1262 469 1292 de
493 1262 668 1300 magistro:
686 1269 746 1291 nec
762 1261 865 1301 enim}

148 1309 268 1339 amicos
278 1308 452 1347 discipulos
466 1308 603 1345 diceret,
616 1307 643 1338 si
655 1315 718 1338 non
731 1308 849 1338 essent.

187 1354 219 1383 2.
235 1354 334 1385 Vides
348 1353 468 1384 amoris
479 1353 597 1383 cedere
616 1353 715 1383 etiam
733 1353 850 1390 maJes-
864 1369 865 1374 =

148 1399 267 1429 tatem?
294 1400 343 1430 lta
364 1400 430 1437 est,
452 1398 588 1436 fratres,
611 1398 779 1428 neminem
796 1407 851 1429 su-

147 1446 244 1483 spicit
268 1454 375 1484 amor,
402 1445 461 1475 sed
481 1453 523 1475 ne
547 1444 685 1483 despicit
703 1444 848 1483 quidem.

147 1492 266 1522 Omnes
281 1500 323 1521 ex
343 1499 434 1529 aequo
450 1490 599 1521 intuetur
610 1511 619 1528 ,
632 1489 688 1528 qui
703 1489 848 1528 perfecte

148 1545 181 1567 se
194 1537 319 1574 amant,
336 1537 370 1567 et
385 1537 419 1566 in
435 1536 543 1574 seipso
566 1536 670 1566 celsos
691 1535 849 1566 humiles-

147 1591 210 1621 que
223 1581 445 1620 contemperat
461 1590 469 1612 :
487 1590 548 1612 nec
562 1581 657 1612 modo
672 1590 778 1621 pares,
793 1582 849 1613 sed

146 1636 248 1658 unum
266 1637 320 1659 eos
338 1628 427 1658 facit.
450 1628 498 1658 Tu
517 1629 622 1658 Deum
638 1628 774 1659 forsitan
793 1629 849 1659 ad-

148 1672 211 1702 huc
223 1673 262 1703 ab
278 1673 337 1704 hac
353 1673 472 1703 amoris
483 1673 595 1712 regula
608 1673 717 1711 excipi
732 1673 847 1712 putas:

147 1718 203 1747 sed
216 1720 268 1757 qui
278 1719 412 1749 aclhaeret
433 1720 516 1755 Deo,
541 1727 622 1749 unus·
642 1720 769 1758 spiritus
793 1721 847 1750 est.

146 1763 230 1800 Quid
250 1764 376 1794 miraris
388 1763 471 1795 hoc?
486 1764 558 1802 Ipse
574 1764 678 1794 factus
699 1765 748 1795 est
765 1764 863 1795 tam-v

145 1817 242 1846 quam
264 1818 347 1840 unus
368 1818 410 1840 ex
431 1809 538 1840 nobis.
555 1810 659 1840 Minus
674 1810 743 1840 dixi
759 1820 768 1840 z
785 1818 848 1841 non

145 1855 311 1893 tamquam
339 1863 444 1893 unus,
469 1855 526 1886 sed
550 1864 644 1886 unus.
662 1857 778 1887 Parum
799 1857 849 1887 est

144 1907 256 1938 parem
272 1909 341 1931 esse
359 1901 564 1931 hominibus:
580 1902 676 1932 homo
692 1903 752 1933 est.
770 1903 847 1933 Inde

144 1947 264 1976 terram
276 1948 418 1977 nostram
434 1947 580 1978 vindicat
594 1948 669 1986 sibi,
685 1948 743 1979 sed
757 1950 847 1987 quasi

144 1993 281 2029 patriam
290 2015 299 2031 ,
314 2001 378 2023 non
388 1993 478 2031 quasi
490 1994 738 2032 possessionem.
748 1995 847 2032 Quid-

144 2036 178 2066 ni
192 2037 355 2068 vindicet?
371 2039 448 2068 Inde
464 2039 515 2069 illi
530 2048 664 2078 sponsa,
681 2041 758 2071 inde
770 2041 847 2071 sub-

144 2083 262 2113 stantia
304 2084 446 2122 corpor1s
461 2093 470 2114 t
486 2083 563 2116 inde
592 2094 729 2124 sponsus
756 2086 826 2125 ipse
837 2109 845 2124 ,

144 2128 219 2158 inde
232 2128 295 2158 duo
311 2129 344 2159 in
360 2137 455 2160 carne
471 2139 547 2160 una.
564 2130 597 2160 Si
613 2139 686 2161 caro
698 2140 775 2169 una,
788 2140 846 2162 cur

141 2180 206 2204 non
220 2174 252 2204 et
265 2174 369 2213 patria
384 2174 471 2205 una?
484 2176 600 2207 Coelum
615 2177 683 2207 coeli
698 2178 844 2214 Domino,

143 2219 266 2258 inquit,
292 2222 410 2251 terram
434 2223 538 2252 autem
554 2222 635 2253 dedit
652 2223 723 2261 siliis
745 2223 846 2253 homi-

142 2274 228 2295 mem.
244 2267 324 2304 Ergo
344 2267 383 2296 ut
406 2266 492 2297 filius
516 2267 660 2297 hominis
673 2268 844 2300 haereditat

143 2310 263 2340 terram
276 2333 285 2348 ,
308 2311 346 2341 ut
367 2311 518 2342 dominus
537 2313 692 2351 subjicit,
707 2315 744 2344 ut
769 2322 843 2344 con-

143 2355 227 2385 ditor
245 2356 467 2395 administrat,
483 2359 520 2388 ut
542 2366 677 2396 sponsus
699 2367 843 2389 commu-

143 2401 241 2432 nicat.
254 2401 397 2432 Dicendo
412 2410 552 2442 nempe,
571 2405 603 2433 in
619 2406 701 2435 terra
716 2407 840 2443 nostra,

143 2446 375 2485 proprietatem
390 2448 534 2486 profecto
562 2449 692 2488 abnuit,
708 2450 843 2481 societa-

142 2497 209 2524 iem
225 2503 289 2526 non
308 2495 445 2534 respuit.
466 2496 504 2525 Et
518 2497 587 2527 haec
607 2506 665 2536 pro
681 2507 738 2537 eo,
756 2499 841 2537 quod

142 2539 282 2577 Sponsus
294 2540 358 2570 tam
371 2540 510 2579 benigno
525 2550 601 2572 usus
617 2542 666 2573 est
677 2542 789 2581 verbo,
807 2544 841 2574 ut

143 2584 291 2622 ‹lIgnatus
320 2585 361 2615 sit
390 2585 497 2616 dicere
508 2607 517 2623 ,
547 2587 580 2616 in
608 2589 691 2619 terra
721 2589 838 2619 nostra.

142 2630 229 2672 §unc
247 2631 361 2662 caetera
376 2631 555 2663 videamus.

1524 209 1579 238 501

926 260 958 290 5.
992 260 1065 291 Vox·
1090 260 1219 290 turturis
1244 262 1350 292 audita
1376 265 1418 294 est
1440 264 1472 294 ίη
1500 264 1582 294 terra

886 307 1004 336 nostra.
1020 307 1059 337 Et
1079 305 1141 335 hoc
1164 304 1325 335 indicium
1350 308 1397 338 est
1417 309 1583 339 transactae

886 351 1024 389 hiemis,
1051 351 1182 389 tempus
1203 350 1418 382 nihilominus
1442 353 1581 391 putatio-

886 396 935 426 nis
956 396 1068 428 adesse
1094 396 1299 427 denuntians.
1323 396 1359 425 ld
1377 396 1471 433 juxta
1494 399 1583 429 litte-

885 449 965 472 ram.
980 442 1067 472 Alias
1077 442 1213 473 turturis
1225 450 1288 472 vox
1299 449 1364 471 non
1375 441 1468 471 dulce
1477 443 1584 473 admo-

885 487 962 517 dum
976 487 1085 525 sonat,
1097 487 1154 518 sed
1168 487 1274 526 signat
1288 486 1407 517 dulcia.
1423 487 1496 525 Ipsa
1514 489 1583 518 avi-

885 533 974 571 cula,
987 533 1014 564 si
1029 534 1131 572 emis,
1147 541 1212 563 non
1232 532 1363 572 magni3
1387 532 1415 563 si
1436 532 1584 570 discutis,

883 585 948 608 non
962 579 1054 617 parvi
1068 579 1167 618 pretii
1182 579 1289 610 est.Et
1304 587 1366 609 vox
1383 578 1514 617 quidem
1527 587 1584 617 ge—

883 624 998 662 menti,
1013 633 1111 663 quam
1126 625 1255 655 canenti
1270 624 1422 661 similior,
1434 624 1584 662 peregri-

882 668 1023 699 nationis
1044 670 1164 700 nostrae
1194 678 1253 700 nos
1281 669 1446 700 admonet.
1472 669 1584 699 Inuus

881 719 1052 745 nocroms
1079 714 1225 746 libenter
1247 715 1345 746 audio
1364 723 1498 753 vocem,
1527 715 1584 754 qui

882 766 947 789 non
971 759 1034 789 sibi
1049 760 1197 798 plausum
1211 782 1220 798 ,
1236 761 1294 791 sed
1315 760 1399 790 mihi
1416 760 1583 798 planctum

882 805 1022 836 moveat.
1039 807 1124 837 Vere
1138 806 1300 837 turturem
1315 806 1452 837 exhibes
1464 829 1473 845 ,
1488 807 1515 836 si
1531 815 1583 844 ge-

882 858 971 881 mere
988 851 1102 882 doceas
1117 859 1125 882 z
1143 852 1177 883 et
1190 852 1217 882 si
1237 852 1434 891 persuadere
1446 852 1512 890 vis,
1529 861 1583 890 ge-

881 895 997 926 mendo
1012 895 1046 927 id
1060 897 1173 936 magis,
1187 905 1284 936 quam
1295 897 1504 928 declamando
1515 899 1584 929 stu-

881 941 957 972 deas
971 942 1144 981 oportebit.
1162 943 1355 982 Exemplum
1372 951 1449 973 sane
1463 944 1533 974 tum
1548 944 1582 974 in

881 987 953 1018 aliis
976 987 1107 1026 multis,
1128 988 1199 1019 tum
1218 989 1274 1020 vel
1298 989 1441 1019 maxime
1465 989 1527 1020 hoc
1547 990 1582 1020 in

880 1034 1028 1073 negotio,
1057 1035 1158 1065 verbo
1189 1034 1356 1065 efficacius
1390 1035 1451 1066 est.
1483 1036 1582 1067 Dabis

880 1080 953 1110 voci
974 1081 1039 1111 tuae
1061 1088 1176 1111 vocem
1197 1080 1328 1112 virtutis
1340 1103 1350 1119 ,
1366 1080 1494 1120 siquod
1508 1090 1584 1113 sua-

881 1124 958 1162 des,
974 1126 1065 1164 prius
1084 1126 1147 1156 tibi
1171 1126 1255 1157 illud
1278 1127 1480 1165 cognosceris
1509 1136 1582 1166 per-

880 1171 1030 1202 suasisse.
1057 1171 1230 1202 VALIDIOR
1253 1172 1379 1211 operis,
1403 1180 1499 1211 quam
1519 1173 1583 1203 oris

880 1225 957 1247 vox.
975 1218 1036 1247 Fac
1056 1218 1094 1248 ut
1112 1217 1271 1256 loqueris,
1284 1219 1317 1249 et
1331 1226 1397 1248 non
1408 1219 1513 1249 solum
1529 1227 1581 1248 mo

880 1261 1008 1293 facilius
1032 1263 1198 1301 emendas,
1226 1264 1283 1294 sed
1307 1264 1340 1294 te
1365 1273 1494 1303 quoque
1517 1273 1582 1295 non

880 1308 945 1339 levi
958 1309 1078 1340 liberas
1093 1309 1221 1348 probro.
1234 1311 1304 1340 Non
1318 1310 1386 1347 J'am
1400 1311 1581 1349 pertinebit

879 1354 919 1384 ad
934 1355 966 1386 te
977 1377 986 1393 ,
1003 1355 1031 1386 si
1046 1356 1119 1394 quis
1133 1356 1220 1387 dicat
1231 1365 1239 1385 t
1249 1357 1388 1394 Alliqant
1400 1365 1495 1387 onera
1506 1366 1579 1395 qra-

880 1402 929 1431 vz'a
956 1403 984 1432 et
998 1402 1227 1440 importabilia,
1252 1404 1280 1432 et
1305 1403 1469 1440 imponunt
1490 1412 1527 1432 ea
1551 1405 1582 1432 in

863 1465 865 1475 1
878 1445 1022 1477 humeros
1041 1446 1202 1476 hominum
1211 1468 1221 1483 ‚
1233 1446 1325 1485 dz'qz'to
1343 1449 1447 1477 autem
1462 1456 1516 1477 suo
1528 1456 1585 1477 210-

878 1491 945 1522 lunt
956 1501 994 1523 ea
1008 1501 1138 1524 movere.
1155 1491 1219 1521 Sed
1239 1499 1346 1530 neque
1368 1491 1450 1522 illud
1464 1500 1581 1522 verea-

877 1537 922 1568 ris
936 1537 1064 1577 oportet
1079 1546 1088 1569 :
1107 1539 1156 1569 Tu
1169 1538 1224 1578 qui
1242 1537 1319 1570 alios
1333 1538 1438 1576 doces,
1454 1539 1582 1577 teipsum

876 1591 939 1613 non
954 1585 1041 1615 doces
1055 1583 1069 1614 ἒ

917 1629 949 1660 [ι.
981 1631 1054 1661 Vox*
1078 1631 1210 1662 turturis
1237 1631 1346 1661 audita
1370 1631 1415 1662 est
1437 1631 1471 1660 in
1495 1632 1582 1661 terra

876 1677 995 1706 nostra.
1019 1676 1130 1706 Donec
1158 1676 1310 1707 homines
1331 1684 1389 1714 pro
1410 1676 1471 1705 Dei
1490 1677 1580 1706 cultu

877 1721 1063 1752 mercedem
1083 1721 1211 1752 tantum
1227 1722 1261 1752 in
1278 1722 1384 1760 terra,
1400 1722 1433 1751 et
1454 1722 1581 1752 tantum

878 1765 998 1795 terram
1021 1767 1343 1805 acceperunt,illam
1360 1766 1474 1804 utique
1497 1766 1580 1795 lacte

878 1811 910 1841 et
924 1812 1022 1842 melle
1034 1812 1241 1849 manantem,
1257 1811 1393 1841 minime
1409 1820 1443 1841 se
1464 1819 1581 1850 cogno-

877 1857 994 1887 verunt
1017 1857 1207 1896 peregrinos
1233 1865 1332 1896 super
1356 1857 1496 1894 terram,
1519 1865 1581 1888 nec

877 1911 966 1934 more
980 1903 1116 1934 turturis
1139 1903 1370 1942 ingemuerunt
1395 1902 1500 1932 veluti
1521 1911 1580 1941 pa-

877 1949 946 1979 triae
974 1949 1224 1980 reminiscentes
1240 1948 1362 1987 :magis
1386 1948 1495 1978 autem
1522 1956 1579 1986 pro

877 1995 980 2033 patria
1001 1995 1120 2025 exsilio
1145 1994 1319 2025 abutentes
1332 2015 1341 2031 ,
1359 1993 1521 2024 dederunt
1545 2003 1581 2024 se

877 2040 1047 2071 comedere
1063 2039 1197 2079 pinguia
1208 2061 1218 2078 ,
1237 2040 1270 2070 et
1285 2039 1402 2069 bibere
1424 2039 1578 2070 mulsum.

876 2087 922 2116 lta
937 2087 1063 2117 tamdiu
1079 2095 1142 2116 non
1163 2087 1213 2116 est
1227 2093 1291 2116 vox
1306 2084 1443 2115 turturis
1465 2084 1577 2114 audita

876 2132 911 2162 in
926 2132 1011 2162 terra
1031 2133 1150 2162 nostra.
1181 2131 1244 2161 Ubi
1270 2139 1346 2169 ergo
1365 2130 1459 2169 regni
1483 2131 1581 2160 coelo-

876 2186 947 2207 rum
969 2177 1139 2216 promissio
1162 2176 1247 2207 facta
1275 2177 1343 2213 est,
1372 2175 1454 2205 tunc
1483 2174 1581 2204 intel-

876 2223 1030 2253 lexerunt
1050 2222 1199 2252 homines
1226 2229 1260 2251 se
1285 2228 1349 2251 non
1376 2220 1497 2250 habere
1523 2220 1578 2250 hic

877 2268 1044 2299 civitatem
1064 2267 1271 2306 manentem,
1287 2266 1344 2298 sed
1365 2265 1508 2296 futuram
1529 2266 1580 2295 in·-

875 2312 1007 2352 quirere
1037 2313 1105 2343 tota
1134 2312 1292 2343 aviditate
1323 2312 1511 2350 coeperunt;
1542 2313 1575 2341 et

880 2360 954 2389 tunc
966 2359 1109 2398 primum
1124 2358 1295 2389 manifeste
1311 2357 1419 2388 sonuit
1442 2357 1475 2386 in
1491 2358 1577 2386 terra

876 2414 942 2436 vox
953 2405 1099 2436 turturis.
1114 2405 1194 2435 Nam
1216 2404 1293 2435 dum
1312 2404 1422 2434 sancta
1439 2410 1574 2440 quaeque

874 2452 940 2489 jam
966 2451 1075 2481 anima
1099 2450 1218 2481 Christi
1243 2448 1447 2489 praesentiam
1471 2446 1575 2483 suspi-a

876 2497 975 2535 1¹,aret
987 2496 1079 2535 regni
1093 2496 1283 2526 dilationem
1301 2493 1436 2523 moleste
1459 2491 1569 2529 sormi,

876 2542 1090 2572 desideratam
1103 2540 1242 2580 patriam
1258 2537 1432 2577 gemitibus
1448 2537 1480 2565 et
1501 2543 1572 2565 sus—

876 2587 966 2626 piriis
981 2595 998 2616 a
1013 2587 1108 2625 longe
1121 2585 1298 2615 salutaret:
1317 2589 1423 2611 nonne
1440 2579 1498 2610 tibi
1516 2579 1568 2609 vi-

878 2632 969 2663 detur
986 2632 1056 2663 vico
1081 2631 1154 2668 sugn
1161 2631 1166 2658 i
1185 2626 1394 2668 gomcbumha
1410 2634 1443 2655 ac
1461 2625 1574 2656 castis-
