1830 3073
531 214 586 243 DE
607 210 818 243 Dlvl-:Rsxs
841 210 994 240 SERMO
1015 209 1109 239 XIX.

113 273 207 303 lauda
231 273 335 302 Deum
348 267 530 306 tuum‚Sion
541 290 550 306 ,
566 268 717 306 quoniam
734 273 810 296 con-

113 318 246 349 sol-tavit
260 325 345 348 seras
359 316 524 354 portarum
546 314 673 344 tuarum
684 334 693 350 ,
709 312 811 341 bene-

113 364 198 394 dixit
217 363 293 393 filiis
312 362 379 393 tuis
403 360 502 398 inte,
518 360 575 398 qui
595 358 704 397 posuit
728 357 810 386 fines

112 411 184 441 tuos
203 416 327 448 pacem.
344 407 470 445 Lauda,
487 406 521 436 et
544 405 656 435 laudes
670 402 809 441 replica,

111 455 186 493 quia
215 452 439 483 munitissimis
466 451 614 482 vectibus
639 448 673 479 et
696 447 811 478 incon-

111 498 319 529 vulsibilibus
356 498 456 528 seris'
467 498 583 527 clausae
609 492 685 524 sunt
710 492 811 532 portae

111 545 195 582 tuaeg
210 544 317 574 nullus
328 542 479 572 inimicus
491 540 607 579 intrat,
618 539 728 570 nullus
741 537 812 568 exit

111 589 245 620 amicus.
262 588 430 620 Benedicti
453 587 512 618 filii
532 586 581 617 tui
609 586 644 615 in
658 586 710 623 te,
723 584 811 614 omni

111 633 340 665 benedictione
367 632 529 672 spirituali
563 631 600 661 in
626 630 812 661 coelestibus

113 688 187 709 cum
201 680 336 710 Christo.
352 680 423 709 Jam
436 687 501 708 non
516 678 566 708 est
578 676 676 707 timor
689 676 724 706 in
738 676 812 706 fini-

112 725 172 755 bus
185 725 266 763 tuis,
282 725 357 764 quia
373 724 480 763 posuit
501 723 584 753 fines
599 723 671 753 tuos
685 729 810 760 pacem.

111 772 211 801 hullae
224 771 282 800 tibi
298 770 492 801 tentationes
502 792 512 808 ,
524 769 615 800 nulla
629 777 700 799 sese
726 767 812 806 cogi-

111 816 270 845 tationum
294 817 401 846 turma
426 815 713 853 confundittquia
737 822 813 844 ver-

111 861 236 899 sipellis
250 862 306 892 ille
321 862 422 892 tortor
432 862 527 900 longe
539 861 588 891 est
601 869 619 891 a
633 860 736 890 muris
746 859 812 890 tuis

113 908 146 936 et
170 914 189 936 a
212 907 287 937 filiis
314 908 398 946 tuis3
415 908 449 938 et
469 908 526 938 ille
550 907 607 945 qui
632 906 719 936 idem
743 907 810 944 est,

113 952 220 982 onmia
235 953 406 984 identitate
427 953 605 983 consolidat
620 954 717 994 atque
739 960 812 983 con-

109 1000 235 1037 jungit,
265 1001 359 1038 Cujus
384 1000 600 1038 participatio,
626 997 753 1037 inquit,
780 1000 813 1028 in

113 1047 252 1084 idipsum.
269 1047 334 1076 Hoc
347 1046 415 1083 jain
434 1045 532 1075 tertio
546 1045 701 1075 hauriimt
717 1051 814 1083 aquas

114 1091 147 1120 in
177 1091 292 1127 gaudio
319 1091 359 1120 de
387 1090 531 1120 fontibus
558 1089 752 1127 salvatoris,
781 1089 815 1119 et

115 1136 210 1166 nudis
229 1135 287 1174 (ut
307 1135 352 1165 ita
366 1134 491 1174 dicam)
507 1135 608 1165 oculis
633 1134 815 1165 divinitatis

115 1182 285 1211 intuentur
310 1180 501 1218 essentiam,
526 1180 618 1210 nulla
645 1187 815 1217 corporeo-

113 1234 186 1256 rum
213 1227 472 1264 phantasmatum
500 1225 731 1262 imaginatione
759 1225 814 1254 de-

113 1272 212 1308 cepti.
237 1272 319 1302 Ecce
342 1270 495 1310 gaudium
515 1270 553 1300 in
572 1270 636 1299 fine
666 1270 724 1300 sed
743 1269 813 1300 sine

113 1316 187 1345 line.

153 1361 183 1390 [ι.
197 1360 304 1391 Miseri
313 1369 381 1399 nos,
394 1359 450 1400 qui
462 1359 502 1390 ab
514 1358 570 1390 illa
580 1358 669 1390 felici
680 1356 812 1398 regione

116 1407 257 1445 repulsi,
274 1408 308 1437 in
332 1408 415 1438 hanc
442 1406 686 1443 descendimus,
714 1407 813 1435 immo

114 1453 291 1483 cecidimus
318 1451 509 1482 vanitatem.
540 1452 615 1482 Filii
645 1453 736 1489 Sion,
768 1453 814 1483 ait

114 1499 291 1537 Propheta,
307 1499 428 1536 inclyti,
443 1500 472 1528 et
487 1499 592 1528 amicti
603 1506 680 1528 auro
690 1500 789 1537 primo
803 1521 812 1536 ,

115 1547 261 1582 quomodo
286 1546 418 1583 reputati
441 1545 512 1574 sunt
535 1545 568 1572 in
598 1552 676 1573 vasa
699 1544 814 1574 testea?

118 1591 187 1619 Filii
213 1590 307 1628 Sion,
324 1589 410 1620 illius
427 1588 583 1619 videlicet
606 1589 813 1627 speculativae

115 1636 274 1672 civitatis,
291 1643 387 1673 quam
402 1634 574 1665 aedificavit
587 1634 762 1672 Dominus,
777 1637 814 1665 ut

118 1680 262 1710 xideatur
283 1680 318 1710 in
344 1680 445 1719 gloria
473 1688 532 1710 sua
554 1680 638 1710 :filii
667 1689 814 1717 supernae

114 1727 311 1764 Jerusalem,
339 1735 411 1764 quae
439 1724 542 1755 libera
575 1726 640 1762 est3
666 1734 738 1763 quae
767 1726 815 1756 est

116 1776 218 1801 mater
245 1772 368 1807 nostra3
397 1771 511 1808 inclyti
539 1779 598 1807 per
623 1770 813 1808 dignitatem

119 1816 329 1852 conditionis,
344 1815 454 1845 amicti
476 1823 554 1844 auro
570 1815 674 1853 primo
688 1825 748 1853 per
769 1816 816 1846 di·

122 1861 264 1891 xiiiilatis
288 1861 475 1899 imaginem.
491 1861 654 1897 Quomodo
678 1870 754 1900 ergo
774 1870 816 1892 ex

120 1906 167 1934 liis·
184 1914 241 1935 nos
255 1906 386 1943 quidem
402 1905 546 1943 reputati
567 1914 677 1936 sumus
691 1907 724 1936 iu
740 1915 814 1937 vasa

118 1954 236 1989 testea,
254 1952 288 1981 in
303 1952 371 1981 haec
385 1952 475 1981 lutea
493 1951 528 1980 et
543 1951 668 1988 fragilia
683 1960 815 1990 corpora

117 1998 306 2035 degeneravi
314 1997 402 2027 mus?
412 1997 574 2027 Exhihent
586 1998 673 2027 enini
682 1998 793 2036 Angeli
803 2020 813 2035 ,

120 2043 241 2073 Fratres
253 2042 427 2080 carissimi,
440 2041 598 2079 justitiam
612 2043 692 2081 Deo,
702 2051 814 2081 pacem

117 2091 201 2119 inter
210 2097 243 2119 se.
254 2111 262 2126 ,
276 2088 427 2127 gaudium
441 2088 515 2118 sibi.
529 2088 580 2118 Sic
591 2088 626 2118 et
642 2089 690 2127 tu,
706 2090 814 2129 homo,

115 2135 180 2163 noli
196 2136 284 2172 prius
299 2142 413 2173 rapere
427 2134 511 2173 quod
524 2136 615 2164 tuum
627 2136 694 2173 est;
708 2135 818 2173 etjus-

118 2182 222 2210 titiani
261 2189 356 2218 quam
391 2181 479 2218 Deo,
508 2182 541 2210 et
571 2188 684 2218 pacem
720 2191 816 2220 quam

117 2227 262 2263 proximo
293 2226 410 2264 debes,
437 2226 657 2257 contemnere.
686 2227 815 2258 Juslitia

119 2272 220 2301 virtus
229 2273 277 2301 est
290 2294 298 2309 ,
309 2280 371 2310 qua
384 2271 531 2302 redditur
542 2272 719 2310 unicuique
732 2274 817 2312 quod

119 2326 211 2346 suum
228 2319 286 2347 est.
303 2319 351 2348 Tu
363 2325 427 2348 non
442 2318 546 2348 solum
566 2318 723 2354 justitiam
734 2340 743 2356 ,
760 2319 816 2350 sed

121 2362 236 2392 multas
261 2364 293 2392 et
320 2363 520 2401 multiplices
550 2363 693 2400 justitias
718 2365 817 2396 debes

122 2407 271 2436 firmiori.
287 2409 391 2439 Iustus
406 2409 493 2439 enim
504 2410 672 2446 Dominus,
687 2410 818 2447 etjzieti-

123 2455 178 2481 iio-z
193 2454 308 2482 diluvic.
325 2455 449 2484 Juslitia
462 2456 516 2484 tua
529 2455 605 2485 sicut
616 2457 732 2487 montes
748 2458 815 2487 Dei.

124 2501 206 2527 Jzeue
217 2519 225 2534 ,
240 2500 316 2528 sicut
331 2500 463 2536 montes,
477 2500 554 2538 quia
580 2501 690 2539 plures
703 2510 817 2532 cumu-

121 2545 166 2573 los
182 2544 423 2575 miserationum
448 2553 577 2575 suarum
592 2546 728 2584 ingessit
744 2547 814 2578 tibi.

162 2589 190 2617 55,
207 2590 244 2618 Et
269 2589 358 2627 prius
371 2589 501 2628 quidem
520 2590 550 2620 te
577 2599 648 2620 culn
675 2592 815 2631 caeteris,

122 2634 149 2662 el
167 2633 248 2662 inter
261 2636 371 2664 castora
386 2635 506 2664 creavit
519 2657 526 2673 ,
539 2643 601 2664 non
614 2636 681 2665 sine
697 2645 816 2674 magnae

1505 214 1546 245 59

843 263 1058 302 praerogativa
1083 262 1260 302 dignitatis.
1284 265 1377 297 Dixit
1403 268 1492 299 enim
1506 269 1546 300 de

843 308 1011 346 omnihus-3
1026 308 1060 338 et
1073 307 1159 338 facta·
1174 309 1260 339 sunt.
1277 310 1350 340 Post
1364 311 1433 343 haec
1446 314 1548 345 vehe-

842 353 1043 384 mentissimo
1051 352 1099 384 tui
1109 361 1216 384 amore
1225 353 1424 387 inflammata
1431 358 1547 396 maies-

842 401 891 430 tas
905 399 961 429 illa
975 399 1116 431 redemit
1127 400 1172 430 te.
1182 400 1345 439 Numquid
1363 402 1456 432 verbi
1468 403 1547 433 faci-

843 445 933 476 litate
942 445 954 475 ?
964 446 1032 476 Non
1047 454 1056 475 τ
1073 445 1131 476 sed
1143 445 1278 483 triginta
1293 445 1328 476 et
1337 446 1443 476 tribus
1455 449 1550 479 annis

843 491 994 530 operatus
1009 491 1059 522 est
1073 491 1211 522 salutem
1219 492 1308 522 tuam
1316 491 1350 522 in
1363 491 1472 522 medio
1484 492 1549 523 ter-

843 545 885 567 rae
895 559 904 575 ,
920 537 1037 567 affixus
1049 537 1138 567 cruci
1148 559 1157 575 ,
1170 536 1318 567 addictus
1333 536 1448 575 morti,
1463 537 1550 567 ludi·-

843 583 921 613 hriis
929 583 1116 622 deputatus.
1128 584 1219 613 Deus
1228 582 1305 613 tuus
1317 582 1422 613 factus
1431 582 1480 613 est
1488 582 1551 612 fra-

843 630 893 659 ter
919 631 1013 667 tuus,
1033 637 1100 659 non
1115 629 1309 667 Angelorum
1334 628 1456 659 frater:
1472 628 1548 667 quia

844 683 1000 714 nusquam
1014 675 1153 714 Angelos
1171 674 1409 713 apprehendit,
1427 674 1484 705 sed
1499 683 1550 705 se-

844 729 920 751 men
948 720 1084 751 Ahrahae
1111 719 1340 759 apprehendit.
1370 720 1548 750 Commune

844 767 975 805 quidem
983 767 1084 797 habes
1092 766 1178 805 quod
1187 766 1289 796 factus
1297 774 1330 796 es
1339 774 1348 804 ς
1356 765 1442 805 quod
1450 764 1551 796 frater

844 821 896 851 es,
924 813 1079 851 speciale.
1103 811 1232 849 Adjecit
1259 811 1365 841 adhuc
1393 818 1469 850 erga
1491 819 1550 842 nos

844 858 1018 897 specialius
1039 857 1215 898 quiddam,
1230 857 1317 896 quod
1338 857 1379 888 de
1403 857 1469 887 lata
1491 864 1551 887 nos

844 905 876 934 et
891 904 1030 943 spatiosa
1043 904 1114 940 via,
1128 911 1201 942 quae
1215 903 1307 933 ducit
1326 902 1368 933 ad
1391 902 1529 932 mortem
1539 923 1549 939 ,

843 950 944 989 digito
965 957 1022 980 suo
1036 949 1155 987 traxit,
1172 949 1206 979 et
1225 947 1334 986 posuit
1360 947 1396 978 in
1411 947 1550 978 concilio

845 995 1004 1033 justorum
1025 995 1060 1025 et
1081 994 1341 1033 congregatione.
1357 992 1443 1030 Quid
1464 993 1551 1024 ultra

845 1041 961 1071 debuit
984 1040 1109 1078 facere,
1134 1042 1167 1070 et
1188 1047 1254 1069 non
1276 1038 1375 1069 fecit?
1388 1037 1486 1076 Cuius
1497 1038 1551 1068 vel

846 1094 980 1116 saxeum
1001 1087 1116 1124 pectus
1137 1085 1228 1115 tanta
1250 1085 1285 1115 et
1306 1084 1401 1121 talis,
1416 1091 1435 1114 a
1458 1083 1549 1114 tanto

847 1135 879 1162 et
902 1132 960 1162 tali
983 1131 1099 1161 collata
1120 1130 1356 1160 beneficiorum
1375 1129 1552 1160 multitudo

847 1185 910 1206 uon
923 1176 1086 1206 emolliat?
1102 1175 1263 1214 Quicquid
1279 1175 1379 1214 igitur
1393 1184 1428 1206 es
1438 1197 1447 1213 ,
1459 1175 1552 1214 quic-

845 1222 924 1260 quid
937 1222 1049 1260 potes,
1065 1221 1165 1251 debes
1187 1222 1329 1260 creanti,
1350 1220 1549 1257 redimenti,

846 1267 987 1297 vocanti.

884 1312 914 1342 6.
928 1312 990 1342 Sed
1008 1319 1081 1342 cum
1103 1309 1263 1349 justitiam
1279 1309 1414 1349 feceris,
1439 1309 1489 1341 fac
1516 1311 1550 1341 et

847 1354 969 1396 pacem.
993 1358 1155 1396 Quamdiu
1181 1360 1269 1388 enim
1292 1364 1402 1387 sumus
1428 1356 1465 1386 in
1489 1357 1550 1386 hoc

846 1412 920 1433 vase
945 1406 1048 1434 testeo
1071 1404 1105 1434 et
1126 1402 1301 1440 fragilitate
1317 1402 1551 1440 complexionis

846 1449 993 1479 humanae
1002 1471 1012 1488 ,
1026 1457 1092 1479 nen
1106 1456 1277 1487 possumus
1293 1448 1435 1479 inveniri
1457 1456 1550 1478 scan-

846 1496 991 1526 dalorum
1005 1503 1136 1534 prorsus
1148 1496 1322 1526 immunes.
1336 1495 1369 1524 Si
1384 1494 1483 1533 igitur
1498 1503 1551 1525 re-

846 1541 994 1572 cordatus
1009 1541 1110 1571 fueris
1120 1563 1129 1580 ,
1145 1541 1231 1580 quod
1246 1541 1347 1571 frater
1360 1542 1436 1571 tuus
1451 1541 1552 1571 habet

846 1587 968 1625 aliquid
981 1587 1152 1618 adversum
1168 1587 1200 1617 te
1211 1609 1221 1626 ,
1237 1587 1280 1617 sis
1291 1586 1426 1617 humilis
1437 1587 1477 1617 ad
1494 1595 1551 1617 vc-

847 1633 931 1662 niam
954 1633 1155 1672 petendam:
1172 1633 1252 1663 situ
1275 1632 1377 1662 habes
1397 1632 1552 1663 adversus

848 1679 955 1717 illum,
968 1679 1011 1709 sis
1032 1678 1137 1709 facilis
1160 1679 1201 1708 ad
1222 1677 1429 1716 dandam;et
1443 1679 1551 1708 omnia

848 1725 990 1754 membra
1006 1726 1103 1755 erunt
1116 1724 1148 1755 iu
1163 1731 1257 1761 pace.
1271 1724 1323 1754 Sic
1334 1723 1420 1754 enim
1433 1724 1472 1753 ad
1488 1723 1551 1754 duo

848 1770 924 1807 ἰδίης
951 1770 1120 1800 caritatem
1146 1772 1179 1799 et
1202 1769 1441 1806 humilitatem,
1457 1777 1554 1806 para—

849 1815 984 1853 tissimi,
1008 1823 1074 1845 non
1108 1816 1290 1852 poterimus
1318 1814 1552 1846 dissensionem

847 1862 980 1891 sentire.
1019 1861 1151 1897 Discite,
1180 1860 1306 1898 inquit,
1334 1869 1356 1890 a
1379 1869 1448 1897 me,
1477 1862 1554 1899 quia,

846 1908 927 1937 ‘mitis
941 1915 1009 1936 sum
1034 1909 1063 1936 et
1077 1906 1202 1936 humilis
1217 1907 1304 1936 corde
1321 1915 1331 1936 .·
1345 1906 1448 1942 milis,
1464 1906 1552 1944 quod

848 1952 988 1989 pertinet
1004 1952 1045 1982 ad
1059 1951 1247 1988 caritatem,
1265 1951 1342 1989 quia
1360 1950 1478 1982 caritas
1493 1959 1552 1989 pa—

849 1998 931 2028 tiens
952 1999 1018 2035 est,
1044 1997 1185 2034 benigna
1212 1997 1282 2027 estt
1297 1996 1444 2033 humilis,
1466 1997 1552 2034 quod

848 2045 888 2073 ad
912 2043 1016 2081 ipsam
1033 2043 1128 2073 verbi
1153 2042 1282 2081 spectat
1305 2041 1550 2080 proprietatem.

848 2089 898 2119 Sic
912 2088 1166 2127 procedentibus
1184 2088 1248 2118 erit
1263 2087 1416 2126 gaudium
1434 2088 1469 2116 in
1484 2086 1554 2126 Spi-

848 2135 913 2165 ritu
927 2136 1049 2165 sancto.
1067 2134 1192 2173 Loquar
1207 2134 1294 2172 quod
1316 2133 1471 2172 expertus
1494 2141 1553 2162 no-

848 2180 913 2219 vit,
929 2181 1122 2219 inexpertus
1137 2181 1279 2218 ignorat:
1294 2179 1451 2211 Animalia
1466 2178 1555 2210 enim

848 2227 937 2257 homo
961 2235 1025 2256 non
1048 2226 1174 2265 percipit
1189 2234 1227 2256 ea
1248 2233 1316 2266 quoe
1329 2226 1403 2256 sunt
1421 2225 1554 2263 Spiritus

847 2273 916 2303 Dei.
931 2272 1094 2311 Numquid
1107 2280 1171 2302 nou
1183 2271 1374 2310 plerumque
1386 2270 1554 2301 orantibus

848 2319 940 2349 nohis
955 2318 1063 2348 omnia
1077 2317 1241 2348 viscerum
1258 2316 1486 2348 succutiuntur
1498 2324 1554 2347 oc-

849 2365 935 2394 culta
950 2364 991 2394 ad
1012 2364 1205 2394 memoriam
1222 2363 1332 2402 gaudii
1347 2362 1456 2399 illius,
1470 2361 1554 2401 quod

850 2410 946 2440 estin
967 2410 1148 2440 Jerusalem
1170 2418 1241 2448 quae
1256 2417 1382 2441 sursum
1397 2409 1467 2447 est,
1481 2416 1554 2447 quae

850 2456 898 2487 est
911 2456 1016 2486 mater
1030 2456 1155 2493 nostra3
1173 2458 1207 2486 et
1219 2454 1447 2494 'lacrymarum
1467 2454 1555 2484 unda

851 2501 958 2533 vultus
982 2501 1212 2532 meditantium
1240 2498 1501 2540 sapei-fundum
1525 2499 1554 2528 si

851 2546 1000 2578 duraret!
1016 2548 1050 2578 Si
1063 2547 1172 2578 oblitus
1188 2547 1274 2585 fuero
1288 2547 1350 2584 tui,
1366 2543 1553 2580 Jerusalem,

852 2593 994 2624 oblivioni
1018 2595 1105 2624 (tetur
1130 2594 1259 2623 dextera
1289 2600 1376 2629 mea,·
1399 2590 1555 2620 adhoereat

852 2639 955 2675 linqua
970 2648 1037 2670 'inea
1055 2640 1195 2677 faucibus
1218 2639 1290 2668 mei?
1303 2659 1312 2674 ³
1330 2638 1356 2667 si
1369 2644 1429 2666 non
1449 2636 1552 2667 memi-
