1846 3078
282 265 339 294 372

758 270 787 296 S.
809 269 1043 296 BERNARDI
1064 270 1256 297 ABEA'fls

280 321 428 352 nitudine
445 322 514 359 ejus
524 344 534 360 ,
550 323 697 361 quamvis
713 323 874 353 modicum
889 321 977 360 quid,
1015 323 1075 352 Dei
1099 327 1266 362 exspectat.
1288 326 1383 357 Porro
1413 328 1558 366 spectare
1585 330 1713 367 gustare.-

279 366 442 404 gratanter
457 367 592 407 accipio.
612 368 799 399 Memoriam
814 367 980 397 abundan-
1013 368 1080 406 est,
1096 370 1130 398 et
1146 369 1259 400 videre
1274 372 1424 408 quoniam
1447 374 1554 404 suavis
1577 374 1625 404 est
1649 375 1712 404 Do-

277 413 331 443 tiae
345 414 515 444 suavitatis
530 415 594 445 tuae
609 414 735 445 eructat
752 413 834 443 mihi
845 434 854 450 ,
870 413 904 443 et
923 421 978 443 ne-
1012 412 1132 444 minus.
1148 414 1195 443 An
1209 414 1319 453 potius
1331 416 1436 453 justus
1451 418 1507 456 qui
1523 419 1722 458 exspectat3v

277 459 343 489 scio
357 459 435 498 quid
445 460 614 491 ineffabile
635 460 700 490 tuae
723 458 921 496 dignationis
946 460 978 489 et
1011 458 1045 487 et
1066 458 1122 496 qui
1135 458 1202 496 jam
1217 461 1328 499 tenet,
1342 462 1477 493 beatus?
1491 465 1640 503 Denique
1656 474 1714 494 ea:-

277 504 394 535 amoris
409 505 559 535 odoratus
581 512 653 535 sum
674 504 709 533 in
724 511 804 534 voce
822 503 883 534 ista
899 513 908 533 z
924 505 979 535 Di·
1009 506 1153 541 spectatio
1165 505 1320 543 justorum
1335 508 1454 538 laetz'tia.
1469 510 1547 539 Nam
1562 511 1714 548 peccator

275 551 368 581 lectus
391 559 476 581 meus
494 550 589 586 mihi,
616 551 644 580 et
669 558 722 588 eqo
747 550 802 580 illi.
831 550 902 588 Ipsa
923 548 978 589 (ut

276 595 408 633 dignum
437 595 506 634 est)
532 595 683 633 epuletur
715 595 749 624 et
774 596 919 626 exsultet
943 596 976 626 in

277 641 450 679 conspectu
465 642 520 670 tuo
530 661 539 677 ,
557 641 589 670 et
602 640 785 670 delectetur
797 641 831 670 in
843 641 974 671 laetitia:

277 686 498 715 verumtamen
513 685 558 715 sic
574 685 635 714 tibi
651 685 805 724 excedat,
822 688 858 717 ut
872 687 975 717 sobria

275 730 315 760 sit
330 730 435 759 nobis.
450 730 521 767 Ipsa
543 738 619 768 ergo
640 731 808 769 repleatur
828 731 863 761 in
882 731 975 762 bonis

273 776 385 806 domus
399 776 480 812 tuae,
497 775 531 805 et
554 776 697 806 torrente
713 777 891 815 voluptatis
912 779 975 808 tuae

271 822 421 859 potetur:
438 821 494 852 sed
519 830 644 860 quaeso,
660 823 834 861 perveniat
857 823 898 853 ad
922 832 974 854 me

271 874 447 904 pauperem
471 867 525 896 vel
553 867 663 896 tenuis
702 867 779 897 odor
807 869 974 899 eructante

271 911 349 948 illa,
378 919 452 940 cum
481 911 597 942 satiata
627 912 737 943 suerit.
765 914 854 943 Beue
892 915 972 944 mihi

271 957 434 988 eructavit
462 958 584 995 Moyses
600 979 610 996 ,
641 958 674 988 et
702 959 806 988 bonus
834 959 912 990 odor
941 960 973 990 in

269 1003 364 1032 ructu
381 1002 469 1041 ejus,
486 1004 628 1034 creantis
642 1004 796 1042 potentiae
813 1013 821 1034 ε
838 1007 875 1035 In
888 1008 974 1044 pritz—

268 1049 344 1086 cipt'o
356 1069 367 1084 ,
383 1048 508 1087 inquit,
524 1051 637 1080 creavit
652 1052 734 1081 Deus
749 1051 857 1080 coelum
873 1053 900 1081 et
915 1053 973 1082 ter-

268 1103 351 1125 ram.
378 1095 468 1125 Bene
497 1096 612 1133 Isaias3
642 1104 717 1125 nam
746 1097 972 1127 suavissimum

267 1140 460 1171 redimentis
475 1141 708 1172 misericordiae
723 1142 854 1172 odorem
870 1143 972 1181 dedit,

268 1185 314 1214 ita
342 1187 516 1216 eructans:
537 1188 677 1217 Tradidit
700 1188 733 1217 in
754 1190 883 1218 mortem
903 1190 974 1218 ani—

267 1240 352 1261 mum
376 1241 484 1269 suam,
501 1234 614 1263 etcum
637 1234 791 1264 sceleratis
815 1236 973 1273 reputatus

267 1278 329 1313 est,
354 1279 383 1307 et
412 1279 473 1316 ipse
498 1280 625 1317 peccata
645 1279 814 1309 multorum
842 1281 929 1316 tulit,
945 1283 972 1310 et

262 1331 321 1360 pro
335 1324 611 1362 transgressoribus
619 1325 737 1363 reflavit
746 1346 755 1361 ,
771 1326 883 1355 utnon
897 1334 972 1364 per—

267 1369 364 1399 irent.
380 1370 465 1407 Quid
487 1379 580 1409 aeque
602 1371 857 1402 misericordiam
877 1372 972 1402 redo—

266 1414 331 1444 let?
345 1416 451 1446 Bonus
462 1425 590 1454 quoque
607 1425 649 1447 ex
665 1425 719 1447 ore
732 1418 883 1448 Jeremiae
897 1427 972 1448 ruc-

265 1462 335 1498 tus3
352 1461 455 1491 bouus
471 1470 513 1491 ex
527 1462 649 1500 David,
666 1463 722 1500 qui
738 1463 783 1492 ait
800 1472 807 1491 :
824 1466 971 1494 eructarit

265 1515 318 1537 cor
332 1516 433 1537 meum
460 1507 584 1537 verbum
610 1508 734 1538 bonum.
751 1509 880 1547 Repleti
896 1510 971 1539 sunt

265 1559 378 1581 omnes
406 1552 531 1590 Spiritu
561 1554 672 1583 sancto
687 1575 696 1590 ‚
724 1554 757 1583 et
787 1556 970 1585 eructantes

265 1597 376 1626 omnia
401 1598 624 1636 impleverunt
648 1599 810 1638 bonitate„
830 1601 969 1630 Ructum

265 1642 418 1672 Jeremiae
433 1643 621 1682 requiritis?
641 1645 709 1673 Non
735 1653 804 1674 sum
831 1645 968 1684 oblitus,

260 1687 327 1723 jam
342 1688 494 1725 parabam
508 1689 620 1719 illum.
636 1691 758 1720 Bonum
780 1693 823 1721 est
840 1694 970 1729 prcesto-

263 1733 326 1763 lari
349 1742 418 1763 cum
443 1735 561 1765 silentii>
575 1736 713 1766 salutare
740 1738 878 1766 Domini.
895 1737 969 1774 Ejus

261 1779 331 1817 est,
361 1788 426 1809 non
455 1779 548 1809 fallor
571 1789 579 1809 :
603 1781 774 1813 admovete
799 1782 932 1812 naribus
959 1792 966 1812 :

262 1824 443 1855 balsamum
464 1826 569 1856 vincit
592 1827 734 1858 suavitas
756 1836 969 1859 remuneran-

262 1869 306 1899 tis
317 1869 454 1907 justitiae
467 1893 476 1909 ,
491 1880 587 1909 quam
604 1872 767 1910 importat.
786 1874 967 1904 Patientem

266 1922 322 1952 pro
334 1914 464 1952 justitia
479 1917 550 1947 vult
564 1925 617 1947 me
638 1920 829 1956 exspectare
845 1928 968 1950 merce*

261 1960 335 1990 dem
348 1962 381 1991 in
396 1963 561 2000 posterum
572 1984 582 2000 ,
598 1971 662 1993 non
677 1964 824 2003 recipere
841 1965 874 1994 in
887 1975 968 2004 prae-

261 2007 365 2046 senti,
381 2008 466 2046 quod
486 2008 621 2045 justitiae
646 2018 789 2048 merces,
806 2011 965 2049 salutare,

261 2060 324 2082 non
339 2054 466 2092 saeculi,
482 2055 539 2084 sed
563 2056 693 2085 Domini
719 2056 772 2086 sit.
789 2058 823 2088 Si
844 2067 964 2088 moram

262 2100 350 2135 (ecit,
367 2100 492 2138 inquit,
515 2103 657 2140 exspecta
678 2111 746 2132 eum
756 2113 766 2141 ‚-
783 2105 811 2133 et
825 2112 863 2133 no
879 2113 966 2133 mur-

261 2147 448 2183 muraveris,
465 2148 612 2185 quoniam
633 2147 746 2178 bonum
770 2151 814 2179 est
835 2158 904 2181 cum
927 2152 967 2180 si-

261 2191 351 2219 lentio
367 2195 553 2230 exspectare.
568 2193 649 2232 Ergo
662 2193 777 2224 faciam
790 2195 874 2233 quod
890 2196 966 2225 hor—

263 2236 348 2265 tatur
359 2245 367 2273 3
381 2239 576 2275 exspectabo
588 2240 762 2270 Dominum
771 2241 964 2271 salvatorem

262 2289 384 2311 meum.

302 2327 333 2356 6.
351 2327 414 2357 Sed
428 2330 578 2366 peccator
600 2339 670 2360 sum
681 2354 690 2369 ,
706 2331 740 2361 et
755 2332 860 2362 adhuc
881 2333 963 2362 mihi

261 2372 392 2410 grandis
419 2374 520 2403 restat
534 2375 608 2413 via,
624 2377 698 2414 quia
714 2378 806 2415 longe
819 2386 836 2408 a
851 2387 964 2417 pecca-

259 2418 385 2448 toribus
399 2419 495 2448 salus.
511 2420 579 2449 Non
602 2424 810 2454 murmurabo
832 2425 942 2454 tamen
955 2434 974 2454 :.

260 2465 295 2493 in
310 2464 406 2494 odore
425 2464 558 2495 interim
575 2468 763 2498 consolabor
780 2477 845 2498 me.
862 2470 963 2500 Laeta—

260 2510 350 2540 bitur
375 2509 480 2547 justus
507 2511 543 2540 in
567 2511 723 2550 Domino,
739 2515 833 2551 gustu
862 2524 963 2553 expe-

259 2555 369 2594 riens,
383 2555 468 2594 quod
491 2564 550 2595 ego
571 2557 676 2587 sentio
692 2558 835 2588 odoratu.
860 2561 961 2597 Quem

260 2601 385 2639 spectat
406 2601 530 2640 justus,
555 2603 706 2640 peccator
728 2606 912 2643 exspectat3
929 2609 961 2641 et

260 2648 460 2686 exspectatio
476 2648 619 2678 odoratio
631 2650 692 2679 est.
706 2650 789 2679 Nam
806 2653 962 2689 exspecta—

1008 549 1093 579 nihil
1107 552 1285 589 exspectat.
1303 553 1341 583 Et
1354 553 1430 583 inde
1445 556 1614 594 peccator,
1626 556 1713 594 quod

1009 594 1101 626 bonis
1117 597 1330 634 praesentibus
1345 606 1410 628 non
1424 600 1519 629 modo
1541 601 1712 639 detentus,

1007 640 1064 670 sed
1081 642 1113 671 et
1127 643 1316 682 contentus,
1331 643 1417 674 nihil
1437 644 1469 674 in
1486 645 1631 675 futurum
1653 655 1712 676 ex-

1006 688 1148 726 spectat,
1174 689 1290 718 surdus
1315 689 1356 719 ad
1378 698 1493 720 vocem
1513 690 1625 720 illam:
1642 693 1714 721 Ea:-

1006 734 1107 770 specta
1131 742 1198 770 me,
1214 735 1286 764 dicit
1299 736 1469 772 Dominus,
1485 737 1518 766 in
1533 737 1579 766 die
1606 746 1713 767 resur-

1005 778 1148 809 rectionis
1175 788 1250 809 meoe
1276 780 1308 809 ἰη
1332 781 1486 818 faturum.
1502 782 1541 811 Et
1555 781 1628 812 ideo
1641 782 1712 819 jus-

1005 821 1056 852 tus
1080 824 1150 853 erat
1174 823 1323 862 Simeon,
1339 826 1416 864 quia
1441 827 1652 865 exspectabat
1678 829 1712 858 et

1006 868 1232 906 odorabatjam
1243 870 1405 902 Christum
1418 873 1451 902 in
1463 873 1580 911 spiritu
1589 895 1599 911 ,
1611 882 1709 912 quem

1005 914 1143 943 necdum
1154 914 1188 944 in
1204 923 1299 946 carne
1311 917 1475 948 adorabat.
1492 918 1530 947 Et
1545 918 1660 948 beatus
1674 919 1710 948 in

1005 960 1250 996 exspectatione
1282 970 1339 992 sua
1357 984 1367 999 ,
1392 963 1468 1001 quia
1496 972 1555 1002 per
1578 964 1710 994 odorem

1005 1006 1260 1042 exspectationis
1271 1008 1424 1044 pervenit
1438 1008 1478 1038 ad
1492 1010 1621 1046 gustum
1633 1018 1710 1039 con—

1005 1049 1237 1087 templationis.
1254 1051 1402 1090 Deanue
1427 1052 1491 1090 ait,
1506 1054 1548 1083 Et
1569 1055 1709 1084 viderunt

1004 1096 1084 1125 oculi
1111 1097 1171 1126 mei
1191 1097 1328 1127 salutare
1344 1100 1444 1128 taum.
1460 1098 1567 1128 Justus
1581 1107 1709 1137 quoque

1003 1141 1160 1171 Abraham
1171 1164 1180 1179 ,
1206 1142 1262 1180 qui
1288 1144 1321 1172 et
1346 1143 1415 1181 ipse
1442 1144 1647 1182 exspectavit
1671 1143 1710 1174 ut

1002 1186 1132 1217 videret
1159 1187 1247 1217 diem
1272 1188 1421 1226 Domini,
1438 1191 1472 1219 et
1487 1197 1552 1218 non
1567 1189 1616 1219 est
1630 1197 1709 1219 con—

1003 1231 1092 1262 susus
1117 1233 1157 1262 ab
1183 1234 1428 1272 exspectatione
1443 1243 1517 1273 sua,
1534 1243 1610 1264 nam
1633 1236 1711 1265 vidit

1002 1280 1030 1307 et
1046 1279 1164 1316 parisus
1176 1282 1229 1309 est.
1245 1280 1328 1309 Justi
1345 1281 1485 1318 Apostoli
1505 1288 1578 1311 cum
1593 1281 1708 1310 audie-

986 1321 1080 1353 ³bant
1097 1333 1105 1353 z
1122 1326 1164 1355 Et
1177 1335 1230 1356 vos
1244 1327 1357 1356 similes
1385 1326 1558 1358 hominibus
1583 1336 1708 1366 exspec-

1002 1371 1136 1401 tantibus
1148 1372 1306 1401 (lominum
1320 1381 1422 1402 suum.

1042 1416 1071 1445 7.
1095 1416 1215 1453 Quidni
1233 1417 1340 1454 justus
1366 1417 1399 1447 et
1427 1417 1551 1455 David,
1577 1417 1707 1456 quando

1001 1461 1028 1489 ai
1035 1461 1125 1492 ebat:
1137 1463 1330 1500 Erspectans
1338 1465 1510 1502 exspectavi
1516 1465 1684 1494 Dominum
1694 1464 1708 1493 ἓ

1000 1507 1071 1544 lpse
1090 1508 1139 1537 est
1153 1509 1288 1546 quartus
1313 1509 1353 1538 de
1382 1517 1518 1539 numero
1534 1509 1707 1547 praenomi-

1001 1554 1148 1583 natorum
1183 1555 1383 1584 ructatorum
1412 1563 1577 1593 meorum,
1606 1564 1707 1593 quem

1000 1607 1086 1636 pene
1113 1599 1346 1637 praeterieram.
1372 1601 1440 1630 Non
1467 1601 1603 1638 expedit
1632 1601 1706 1639 qui-

1001 1643 1086 1673 dem.
1103 1645 1165 1673 Iste
1181 1652 1215 1674 os
1237 1654 1332 1675 suum
1355 1646 1505 1683 aperuit,
1523 1647 1555 1675 et
1571 1646 1706 1676 attraxit

1000 1689 1168 1726 spiritum,
1186 1691 1219 1719 et
1240 1691 1403 1720 saturatus
1417 1699 1481 1720 non
1497 1691 1590 1721 modo
1613 1700 1705 1722 eruc-

1000 1734 1099 1773 tavit,
1116 1735 1172 1764 sed
1185 1736 1217 1765 et
1229 1735 1383 1766 cantavit.
1397 1737 1474 1766 Jesu
1485 1736 1568 1766 bone
1580 1737 1587 1766 !
1601 1746 1704 1775 quan-

1000 1781 1065 1809 tam
1088 1781 1169 1811 meis
1184 1781 1316 1812 naribus
1332 1783 1366 1813 et
1379 1783 1512 1813 auribus
1535 1783 1596 1813 iste
1617 1784 1705 1814 infu-

999 1826 1047 1856 dit
1059 1827 1256 1857 suavitatem
1272 1828 1305 1857 in
1320 1830 1416 1858 ructu
1433 1830 1465 1858 et
1480 1830 1576 1858 cantu
1591 1837 1648 1859 suo
1664 1830 1704 1860 de

999 1872 1070 1902 oleo
1096 1873 1220 1904 laetitiae
1231 1895 1239 1911 ,
1265 1883 1327 1912 quo
1343 1874 1440 1904 unxit
1454 1875 1487 1905 te
1502 1875 1590 1905 Deus
1617 1876 1705 1907 Deus

1000 1919 1073 1948 tuus
1091 1927 1157 1957 prae
1173 1920 1374 1950 consortibus
1389 1921 1473 1959 tuis,
1492 1929 1534 1950 ex
1549 1923 1680 1959 myrrha
1693 1945 1703 1960 ,

999 1965 1031 1993 et
1044 1965 1154 2002 gutta,
1171 1965 1204 1994 et
1219 1965 1303 1994 casia
1319 1974 1337 1995 a
1353 1966 1559 1996 vestimentis
1584 1967 1668 2005 tuis,
1684 1976 1703 1997 a

998 2009 1147 2040 domibus
1162 2011 1333 2049 eburneis,
1350 2020 1393 2041 ex
1415 2012 1532 2050 quibus
1559 2012 1703 2043 delecta·

998 2056 1116 2086 verunt
1140 2057 1173 2087 te
1195 2057 1271 2087 tiliae
1294 2066 1406 2095 regum
1432 2057 1466 2086 in
1482 2058 1604 2088 honore
1628 2058 1703 2089 tuot

998 2101 1126 2136 Utinam
1140 2110 1193 2132 me
1209 2102 1351 2140 digneris
1367 2111 1502 2133 occursu
1517 2103 1598 2133 tanti
1613 2104 1704 2134 Vatis

998 2148 1030 2177 et
1045 2148 1140 2178 amici
1163 2149 1210 2179 tui
1237 2149 1271 2178 in
1287 2149 1340 2179 die
1366 2150 1580 2179 solemnitatis
1595 2151 1627 2180 et
1646 2151 1704 2180 lae-

997 2194 1095 2232 titiae,
1118 2194 1246 2232 quando
1276 2195 1462 2232 egredietur
1491 2195 1531 2224 de
1559 2195 1702 2225 thalamo

996 2241 1070 2276 tuo,
1101 2240 1350 2278 epithalamium
1390 2248 1484 2270 suum
1514 2248 1633 2270 canens
1667 2241 1701 2270 in

995 2286 1303 2322 psalteriojucundo
1319 2294 1393 2315 cum
1409 2286 1550 2322 cithara,
1565 2286 1702 2316 affluens

996 2330 1138 2369 deliciis,
1170 2339 1336 2369 respersus
1359 2333 1391 2361 et
1416 2339 1606 2368 respergens
1629 2333 1707 2361 uni-

996 2384 1090 2406 versa
1106 2377 1288 2407 istiusmodi
1312 2377 1448 2415 pulvere
1473 2377 1700 2414 pigmentario.

995 2423 1031 2452 In
1043 2422 1099 2452 illa
1115 2423 1167 2452 die
1178 2445 1188 2461 ,
1202 2423 1255 2453 vel
1271 2423 1378 2461 potius
1391 2422 1424 2452 in
1440 2422 1495 2452 illa
1511 2422 1589 2452 hora
1605 2421 1699 2461 (nam

993 2469 1074 2510 xhora
1099 2470 1148 2498 est
1170 2469 1197 2498 si
1216 2468 1344 2507 quando
1362 2470 1428 2506 est,
1445 2469 1476 2498 et
1501 2467 1644 2498 fortassis
1658 2477 1700 2499 ne

996 2515 1073 2543 liora
1082 2515 1228 2553 quidem,
1239 2514 1295 2545 sed
1309 2515 1397 2544 horae
1407 2513 1578 2544 dimidium
1587 2514 1700 2552 ,juxta

996 2560 1076 2590 illud
1092 2561 1261 2599 scripturae
1274 2583 1283 2598 ,
1300 2562 1429 2600 Faciunt
1444 2561 1486 2602 cst
1499 2561 1652 2597 silentium
1667 2561 1699 2589 iu

995 2607 1067 2636 caelo
1096 2607 1187 2645 quasi
1212 2607 1312 2637 media
1341 2605 1429 2652 horca.
1444 2605 1460 2645 )“
1473 2606 1553 2645 Ergo
1580 2605 1615 2634 in
1641 2604 1696 2634 illa

996 2651 1073 2681 hora
1100 2651 1282 2689 replebitur
1306 2650 1422 2689 gaudio
1447 2654 1480 2680 cis
1508 2658 1637 2687 meum,
1665 2652 1698 2680 et

261 2694 320 2730 tio,
337 2693 399 2732 ait,
417 2696 566 2725 creaturoe
591 2695 801 2727 revelationem
826 2696 958 2733 filiorum
998 2698 1108 2735 angua
1121 2706 1191 2728 mea
1206 2697 1439 2735 exsultatione,
1455 2696 1528 2725 dum
1546 2696 1697 2736 singulos,
