1810 3073
494 243 538 270 IN
564 240 762 271 CANTICA
783 239 935 267 SERMO
958 239 1055 267 XIII.

67 307 139 330 rum
151 297 305 329 Dominus
313 296 406 327 Jesus
419 296 575 328 Christus.
585 296 662 333 Quis
675 295 764 325 enim

67 345 221 376 Dominus
248 343 425 379 virtutum,
450 343 514 373 nisi
537 343 607 381 ipse
630 342 679 371 est
692 341 764 370 Rex

66 389 200 428 gloriae?
213 389 276 419 Sed
292 388 325 418 et
343 388 439 426 juxta
453 389 553 418 Annae
581 387 741 417 canticum
753 405 762 421 ,

66 436 151 465 idem
168 435 235 474 ipse
244 437 326 465 Deus
337 435 534 465 scicntiarmn
546 434 697 464 Dominus
709 432 762 461 est.

65 481 270 512 Continentia
299 481 426 518 carnis,
454 480 561 510 cordis
583 476 762 512 industria,

66 527 240 557 voluntatis
255 526 436 564 rectitudo,
453 534 496 556 ex
520 525 576 555 illo
591 524 679 553 sonte
698 529 765 551 ma-

65 573 153 602 nant.
171 573 236 601 Non
253 573 355 602 solum
379 573 507 608 autem,
523 570 579 600 sed
596 569 630 599 et
645 569 673 598 si
691 567 763 606 quis

66 619 163 648 callet
186 619 319 657 ingenio
333 640 341 656 ,
362 619 389 648 si
412 618 484 656 quis
503 617 587 646 nitet
607 614 739 653 eloquio
753 636 762 650 ,

65 665 92 694 si
108 665 180 702 quis
200 665 342 694 moribus
365 664 492 702 placet,
509 662 586 692 inde
607 661 668 691 est.
685 660 763 690 Inde

66 710 232 747 scientiae,
255 710 330 739 inde
352 708 519 747 sapientiae
534 714 653 737 sermo.
679 706 764 736 The-

65 755 152 785 sauri
182 755 342 793 siquidem
371 753 540 791 sapientiae
562 752 596 782 et
619 752 763 782 scientiae

66 800 112 830 ibi
128 809 238 830 omnes
253 799 431 829 absconditi
458 799 544 829 sunt.
557 798 662 836 Quid?
674 798 762 828 Casta

65 845 199 875 consilia
213 866 221 882 ,
235 844 322 882 Justa
339 843 482 881 judicia,
499 844 610 872 sancta
636 842 763 873 deside—

65 891 112 920 ria
124 912 133 928 ‚
157 898 265 920 nonne
295 889 398 919 rivuli
424 889 524 919 fontis
552 889 642 918 illius
669 889 765 918 sunt?

63 936 155 974 Quod
168 935 196 965 si
210 935 311 974 copiae
327 943 484 973 aquarum
511 935 645 965 secretis
657 956 666 973 ,
691 935 766 965 sub-

63 977 287 1020 terraneisque
333 981 520 1011 recursibus
566 981 766 1011 incessanter

65 1036 194 1067 aequora
223 1027 395 1065 repetunt,
423 1028 459 1057 ut
491 1026 567 1057 inde
595 1035 706 1056 rursus
726 1027 765 1056 ad

69 1074 152 1104 visus
167 1082 307 1111 ususque
323 1073 448 1102 nostros
471 1072 542 1110 jugi
559 1073 592 1103 et
615 1072 766 1110 infatiga-

66 1120 125 1149 bili
138 1120 311 1156 erumpant
322 1118 498 1156 obsequi03
515 1127 572 1148 cur
589 1126 654 1148 non
667 1119 764 1148 etiam

65 1166 252 1204 spirituales
267 1165 349 1201 rivi,
373 1165 411 1194 ut
435 1172 513 1194 arva
538 1165 699 1194 mentium
721 1164 766 1193 ri—

65 1219 140 1250 gare
158 1219 220 1240 non
235 1210 404 1247 desinant,
430 1209 560 1247 proprio
589 1209 670 1239 fonti
697 1209 765 1239 sine

66 1256 179 1286 fraude
202 1256 235 1285 et
265 1255 336 1285 sine
359 1254 603 1284 intermissione
626 1254 766 1284 reddan—

65 1302 137 1333 tur?
154 1301 199 1331 Ad
214 1301 320 1331 locum
335 1301 420 1330 unde
439 1301 580 1337 exeunt,
597 1301 766 1330 revertan-

65 1348 119 1377 tur
130 1347 264 1376 flumina
277 1346 464 1384 gratiarum,
473 1345 640 1376 utiterum
653 1345 766 1375 fluant.

67 1393 264 1423 Remittatur
275 1392 314 1421 ad
323 1399 416 1422 suum
427 1391 625 1430 principium
635 1392 766 1422 coeleste

67 1438 283 1476 profluvium,
309 1445 372 1475 quo
394 1437 528 1467 uberius
547 1437 643 1467 terris
658 1437 768 1467 refun-

66 1485 171 1514 datur.
185 1483 332 1521 Qualiter
344 1505 353 1521 ,
372 1482 502 1521 inquis?
518 1483 667 1520 Qualiter
687 1483 765 1513 dicit

67 1531 233 1568 Apostolus
249 1539 257 1558 :
275 1532 311 1559 ln
333 1529 474 1560 omnibus
502 1531 619 1568 qratias
634 1531 766 1567 aqentes.

65 1575 224 1614 Quicquid
233 1574 402 1613 sapientiae
412 1597 420 1613 ,
431 1574 587 1613 quicquid
596 1575 628 1604 te
637 1575 768 1605 virtutis

68 1622 187 1652 babere
205 1621 356 1659 contidis,
370 1621 432 1650 Dei
447 1620 561 1650 virtuti
573 1643 581 1659 ,
598 1621 632 1651 et
643 1621 704 1651 Dei
719 1629 769 1651 sa-

67 1668 199 1707 pientiae
215 1667 334 1706 deputa
349 1667 487 1697 Christo.

106 1714 138 1744 2.
148 1714 185 1743 Et
196 1714 269 1752 quis
281 1715 345 1743 tam
359 1713 490 1743 insanus
499 1734 508 1750 ,
518 1712 576 1750 ais,
588 1712 626 1743 ut
638 1712 769 1743 aliunde

67 1759 366 1798 praesumat‘fflemo
378 1760 473 1796 plane
484 1780 493 1796 ,
506 1759 586 1788 adeo
598 1760 634 1789 ut
646 1759 679 1788 et
690 1759 769 1788 Pha-

67 1807 178 1835 risaeus
193 1805 310 1843 gratias
326 1805 419 1843 agat,
439 1804 531 1841 cujus
552 1805 661 1834 tamen
674 1804 769 1841 justi-

68 1852 122 1881 tiae
137 1859 202 1881 non
229 1852 277 1881 est
297 1851 367 1880 laus
381 1859 397 1880 a
414 1851 494 1880 Deo.
516 1851 581 1880 Nec
604 1850 691 1880 enim
715 1851 769 1880 illa

67 1898 242 1937 gratiarum
258 1897 342 1927 act10
365 1895 377 1936 (
393 1897 419 1927 si
436 1897 519 1926 bene
540 1896 656 1926 recolis
669 1898 770 1927 Evan-

68 1942 210 1982 gelium)
240 1943 414 1981 gratiorem
440 1951 515 1973 eum
540 1942 629 1972 facit.
646 1943 772 1980 Quare?

67 1991 148 2028 Quia
160 1990 315 2028 quicquid
329 1990 362 2019 in
375 1998 430 2020 ore
444 1990 599 2020 devotum
612 1990 769 2028 sonuerit,

69 2036 173 2066 cordis
194 2044 258 2065 non
282 2036 403 2066 sufficit
427 2044 583 2066 excusare
609 2036 769 2067 tumorem

68 2083 154 2120 apud
169 2090 261 2117 eum,
281 2082 335 2120 qui
362 2083 428 2112 alta
444 2090 462 2111 a
479 2083 573 2120 longe
594 2083 769 2120 cognoscit.

68 2128 156 2158 Deus
165 2150 174 2166 ,
184 2137 202 2157 o
211 2128 369 2158 Pharisaee
381 2150 390 2166 ,
407 2136 470 2158 non
483 2128 649 2158 irridetur.
661 2129 780 2167 Putas,-

68 2175 105 2204 tu
130 2174 230 2204 habes
255 2174 379 2212 aliquid
401 2175 488 2212 quod
512 2182 576 2204 non
598 2175 769 2213 accepisti?

68 2220 137 2258 Nil,
154 2220 278 2258 inquis,
295 2222 328 2250 et
350 2220 422 2249 ideo
443 2220 562 2258 gratias
584 2219 691 2250 refero
706 2221 769 2251 lar-

68 2266 177 2304 gitori.
194 2265 227 2295 Si
242 2267 374 2296 omnino
388 2266 470 2295 nihil
484 2274 493 2304 3
511 2274 584 2304 ergo
598 2274 658 2296 nec
673 2266 770 2297 meri—

68 2312 139 2340 tum
154 2310 318 2348 praecessit
334 2310 368 2340 in
384 2311 416 2341 te
432 2311 554 2347 ullum,
579 2312 616 2341 ut
638 2311 712 2349 illa,
729 2312 767 2342 de

69 2355 189 2393 quibus
207 2356 353 2393 gloriaris
365 2378 374 2393 ,
398 2356 573 2394 acciperes.
590 2357 680 2394 Quod
695 2357 723 2387 si
738 2359 769 2388 et

70 2401 202 2431 fatearis
214 2423 223 2439 ,
238 2402 342 2440 primo
357 2402 489 2440 quidem
511 2402 630 2433 frustra
649 2403 770 2435 inssaris

71 2446 223 2476 adversus
251 2446 479 2486 Publicanum,
512 2448 568 2486 qui
603 2448 678 2479 ideo
706 2457 770 2479 non

72 2492 170 2522 habet
185 2492 271 2530 quod
282 2493 336 2530 tu,
353 2493 428 2531 quia
443 2501 509 2523 non
525 2494 651 2532 accepit
670 2495 706 2525 ut
721 2496 769 2526 tu.

73 2538 196 2568 Deinde
210 2538 284 2568 vide
302 2538 403 2568 etiam
421 2546 463 2569 ne
487 2547 552 2568 non
572 2539 699 2578 integre
714 2549 770 2571 sua

72 2583 154 2613 «lona
176 2584 320 2621 resignes
345 2585 433 2622 Deo,
461 2585 494 2615 et
515 2584 577 2614 tibi
601 2585 772 2618 inflectens

73 2629 194 2667 aliquid
207 2629 245 2659 de
257 2630 357 2668 gloria
370 2631 403 2661 et
417 2631 538 2661 honore
553 2631 671 2671 ipsius,
683 2632 771 2664 frau-

75 2674 122 2705 dis
137 2675 252 2705 merito
264 2677 404 2715 arguaris
415 2698 423 2714 ‚
437 2677 471 2708 et
478 2676 599 2709 fraudis
610 2678 644 2709 in
655 2679 768 2711 Deum.

1437 243 1494 273 483

799 293 832 323 Si
849 293 937 323 enim
963 293 1003 324 dc
1028 293 1079 324 liis
1097 302 1170 332 quae
1188 295 1288 332 jactas
1301 317 1310 333 ,
1334 305 1375 326 ex
1391 298 1422 327 te
1438 298 1496 328 tibi

797 339 966 377 quippiam
978 339 1060 369 forte
1074 348 1257 378 arrogares,
1270 341 1337 370 falli
1353 343 1384 372 te
1397 344 1497 381 magis

796 392 892 422 quam
909 385 993 415 velle
1006 384 1153 415 fraudare
1168 386 1334 416 crederem
1346 408 1355 424 ,
1369 388 1401 416 et
1413 396 1498 418 erro-

796 437 864 458 rem
882 430 1090 468 corrIgercm.
1102 430 1192 460 Nunc
1203 439 1280 460 vero
1292 431 1368 468 quia
1383 433 1500 469 gratias

796 475 938 513 agendo,
955 476 1071 513 probas
1095 477 1127 506 te
1148 476 1210 506 tibi
1233 476 1318 506 nihil
1331 476 1475 506 tribuere
1489 499 1499 514 ,

795 521 851 550 sed
864 521 923 551 Dei
937 530 1007 552 esse
1018 521 1100 552 dona
1112 523 1166 552 tua
1179 523 1308 560 merita,
1321 522 1501 560 prudenter

796 575 968 604 agnoscere
983 575 992 605 ς
1024 568 1112 598 certe
1138 570 1271 599 caeteros
1299 568 1502 606 aspernando

796 613 904 650 prodis
919 614 969 652 te,
985 614 1071 653 quod
1087 615 1121 644 in
1136 615 1251 653 corde,
1277 615 1312 644 et
1337 614 1432 644 corde
1450 615 1499 643 lo-

796 659 888 688 cutus
911 659 975 697 sis,
997 660 1100 689 altero
1122 660 1328 690 commodans
1352 659 1499 697 linguam

796 704 977 742 mendaciO,
986 706 1087 736 altero
1099 706 1248 736 veritatis
1261 714 1419 744 usurpans
1435 706 1502 743 glo-

795 750 889 780 riam.
906 751 974 781 Non
995 752 1083 781 enim
1106 751 1270 789 judicares
1282 752 1500 781 Publicanum

796 798 1067 828 contemnendum
1083 807 1148 836 prae
1163 799 1196 828 te
1207 820 1215 835 ,
1233 798 1260 828 si
1275 806 1338 827 non
1354 806 1422 836 prae
1445 797 1502 827 illo

796 843 828 872 te
845 843 1068 873 honorandum
1094 852 1255 874 censeres.
1268 844 1331 874 Sed
1346 844 1425 882 quid
1447 852 1500 873 re-

796 889 933 926 spondes
962 890 1111 928 Apostolo
1138 889 1364 927 praescribenti
1394 890 1427 918 et
1451 889 1502 918 di-

797 934 901 972 centi,
925 935 990 965 Soli
1013 936 1078 965 Deo
1105 935 1204 964 honor
1226 936 1254 964 et
1275 934 1395 973 ylorz'a?
1415 934 1502 971 Quid

796 980 916 1017 Angelo
926 980 1139 1018 distinguenti
1151 981 1184 1010 et
1196 979 1338 1017 docenti,
1351 980 1430 1018 quid
1438 979 1501 1010 sibi

797 1026 942 1055 retinere
963 1026 1091 1064 placeat
1116 1027 1202 1063 Deo,
1226 1026 1258 1056 et
1283 1026 1360 1064 quid
1385 1026 1502 1064 partiri

798 1071 951 1109 dignetur
966 1071 1173 1102 hominibus?
1186 1073 1264 1101 Nam
1275 1094 1284 1109 ,
1304 1073 1412 1102 Gloria
1422 1094 1432 1109 ‚
1452 1072 1504 1101 in—

797 1118 885 1155 quit,
902 1119 932 1147 in
949 1119 1075 1148 excelsis
1094 1120 1172 1154 Deo,
1188 1119 1259 1148 etin
1273 1120 1356 1148 terra
1370 1128 1436 1156 paz:
1447 1118 1503 1148 ho-

798 1164 930 1194 minibus
943 1164 1029 1194 bonoe
1044 1165 1222 1194 voluntatis.
1234 1163 1415 1194 Cernitisne
1422 1164 1505 1194 Pha-

798 1209 924 1239 risaeuin
942 1210 1093 1248 agentem
1109 1210 1244 1247 gratias,
1259 1210 1355 1239 labiis
1370 1210 1504 1248 quidem

798 1255 956 1286 honorare
965 1257 1069 1286 Deum
1081 1277 1089 1293 ,
1099 1256 1206 1286 cordis
1214 1256 1324 1286 autem
1340 1256 1504 1286 sententia

798 1310 831 1331 se
843 1301 855 1330 ἓ
869 1301 921 1331 Sic
937 1310 996 1331 usu
1011 1301 1149 1340 quodam
1164 1302 1265 1340 magis
1275 1324 1284 1339 ,
1300 1311 1395 1340 quam
1408 1310 1505 1332 sensu

798 1347 852 1377 vel
868 1347 985 1377 affeetu
1001 1355 1175 1385 personare
1193 1348 1227 1377 in
1250 1356 1305 1377 ore
1328 1349 1505 1378 multorum

799 1393 975 1431 gratiarum
1002 1393 1164 1423 actionem
1188 1393 1364 1424 advertere
1386 1394 1454 1431 est,
1470 1394 1505 1423 in

799 1438 925 1468 tantum
941 1439 976 1469 ut
1000 1438 1150 1469 homines
1171 1447 1301 1477 quoque
1319 1438 1506 1468 sceleratis-

799 1484 872 1514 simi
889 1484 928 1514 ad
938 1493 1073 1523 quaeque
1089 1484 1211 1522 flagitia
1228 1485 1261 1514 et
1277 1484 1423 1514 facinora
1446 1493 1504 1514 sua

799 1531 924 1561 soleant
946 1531 1063 1568 gratias
1081 1531 1148 1560 Deo
1171 1539 1290 1569 agere,
1316 1531 1404 1568 quod
1419 1530 1506 1560 bene

799 1585 1016 1615 prospereque
1031 1599 1040 1615 ,
1054 1577 1091 1607 ut
1109 1577 1243 1615 quidem
1267 1576 1329 1614 ipsi
1350 1576 1502 1615 sapiunt,

801 1623 936 1653 cesserit
949 1623 1011 1653 sibi
1027 1623 1060 1653 in
1073 1623 1308 1661 adimpletione
1330 1630 1505 1660 perversa-

800 1677 871 1698 rum
887 1669 1092 1699 voluntatum
1108 1676 1249 1698 suarum.
1266 1667 1398 1705 Audias,
1412 1668 1505 1697 verbi

801 1715 921 1752 gratia,
951 1714 1057 1744 furem
1071 1737 1079 1751 ,
1105 1723 1180 1744 cum
1205 1714 1313 1752 impiae
1341 1714 1507 1744 machina-

801 1760 899 1790 tionis
913 1760 997 1789 male
1014 1760 1161 1797 cupitum
1176 1759 1381 1798 manipulum
1392 1767 1506 1796 repor-

801 1806 877 1836 tarit
888 1827 897 1843 ,
913 1805 1133 1835 exsultantem
1148 1805 1250 1842 clam,
1267 1806 1300 1834 et
1315 1805 1480 1834 dicentem
1495 1813 1504 1834 z

802 1852 868 1882 Deo
895 1852 1032 1890 gratias,
1058 1859 1123 1881 non
1147 1851 1261 1881 inanes
1275 1851 1405 1889 vigilias
1420 1851 1504 1889 feci,

801 1899 995 1928 nocturnum
1006 1897 1151 1928 laborem
1163 1905 1274 1927 meum
1284 1905 1347 1927 non
1362 1897 1504 1935 perdidi.

801 1944 1020 1982 Similiterqui
1033 1943 1505 1981 hominemintersecit,nonne
1534 1959 1539 1969 ι

801 1991 977 2029 gloriatur,
993 1989 1027 2019 et
1047 1989 1150 2020 refert
1171 1990 1289 2027 gratias
1301 2011 1310 2027 ,
1324 1989 1411 2027 quod
1424 1998 1507 2028 prae-

801 2037 906 2067 valuit
927 2036 1081 2066 adversus
1095 2035 1248 2065 aemulum
1259 2056 1267 2072 ,
1284 2037 1339 2064 aut
1355 2035 1394 2064 de
1411 2035 1506 2065 hoste

800 2091 835 2113 se
859 2080 1061 2112 vindicavit?
1076 2081 1114 2110 Et
1138 2080 1352 2110 nihilominus
1377 2081 1506 2111 adulter

801 2128 983 2167 tripudians
1004 2126 1104 2166 gestit
1123 2126 1158 2156 in
1178 2126 1239 2156 Dei
1261 2126 1392 2164 laudes,
1417 2127 1505 2165 quod

800 2175 858 2206 diu
884 2174 992 2213 optato
1019 2171 1194 2203 concubItu
1217 2172 1351 2202 tandem
1381 2172 1507 2212 potitus

800 2221 854 2252 sit.

840 2268 872 2297 5.
897 2266 967 2296 Non
990 2272 1064 2303 ergo
1085 2264 1190 2295 omnis
1214 2264 1392 2302 gratiarum
1421 2264 1507 2295 actio

801 2313 934 2351 accepta
950 2312 999 2342 est
1009 2311 1078 2341 Deo
1087 2333 1097 2349 ,
1109 2310 1173 2341 nisi
1188 2319 1260 2349 quae
1275 2310 1315 2340 de
1331 2310 1436 2340 cordis
1448 2319 1508 2349 pu-

802 2359 892 2397 dica,
927 2358 960 2388 et
987 2366 1077 2387 mera
1108 2357 1318 2395 simplicitate
1344 2357 1505 2395 procedit.

801 2405 919 2435 Pudica
940 2412 1016 2434 sane
1033 2402 1194 2439 dixerim,
1219 2402 1355 2441 propter
1380 2411 1434 2432 eos
1448 2403 1504 2440 qui

804 2451 837 2480 et
852 2450 891 2480 de
906 2449 1001 2479 malis
1016 2448 1142 2478 actibus
1157 2447 1224 2478 suis
1238 2447 1426 2486 gloriantes,
1440 2449 1507 2477 Deo

803 2495 922 2534 gratias
936 2503 1031 2534 agere
1046 2494 1152 2525 solent
1168 2502 1176 2523 ε
1200 2494 1293 2533 quasi
1314 2495 1402 2524 Deus
1417 2501 1507 2522 more

805 2543 948 2581 ipsorum
964 2541 1092 2572 laetetur
1104 2549 1179 2570 cum
1200 2541 1285 2569 male
1301 2538 1457 2576 fecerint,
1474 2538 1508 2568 et

806 2587 951 2618 exsultet
965 2587 999 2617 in
1014 2587 1112 2617 rebus
1130 2585 1292 2625 pessimis.
1305 2583 1427 2614 Audiet
1449 2583 1508 2622 qui

807 2633 992 2672 liuJ'usmodi
1008 2633 1057 2663 est
1072 2641 1081 2662 ε
1094 2631 1292 2663 Existimasti
1305 2630 1407 2667 inique
1428 2629 1509 2668 quod

805 2690 856 2711 ero
880 2681 926 2711 tui
947 2680 1072 2718 s2·m2·‹'e·s‚·
1102 2685 1233 2716 arqzmm
1259 2677 1300 2712 te,
1324 2676 1351 2705 et
1373 2676 1509 2707 statuam
