1810 3073
311 205 377 237 ‘561⁴

775 213 806 241 S.
836 212 1070 242 BERNARDI
1094 213 1286 244 ABBATIS

319 263 392 302 Quis
404 262 486 295 novit
497 263 675 304 potestatem
690 268 744 298 iroe
759 268 836 305 tuoe,
851 269 880 298 et
894 276 961 306 prae
977 268 1015 297 ti—
1047 267 1204 306 postulat,
1217 270 1313 301 amat.
1325 271 1464 304 Excellit
1477 270 1511 303 in
1521 272 1644 304 naturae
1651 270 1741 302 donis

316 317 401 340 more
423 312 473 341 tuo
490 313 571 342 iram
588 314 674 342 tuam
688 314 882 343 dinumerare
897 313 910 342 ?
923 313 1014 350 Quod

315 354 344 385 si
368 363 406 386 eo
425 357 539 388 relicto
559 358 677 397 pedem
697 358 926 388 misericordia>
940 359 1013 396 plus

315 399 428 432 tenere
451 404 669 442 contingeret,
694 405 783 434 tanta
811 413 829 434 e
855 403 1011 433 contrario

308 444 438 478 <incuria
466 450 499 478 et
518 449 717 488 negligentia
737 448 953 486 dissolvebar,
975 450 1011 478 ut

313 493 483 523 confestim
505 494 538 524 et
562 495 663 524 oratio
684 494 845 532 tepidior,
871 495 902 523 et
927 495 1010 523 actio

312 537 452 577 pigrior,
468 542 501 570 et
523 541 606 570 risus
630 540 809 578 promptior
822 562 830 578 ,
849 541 882 569 et
905 549 1009 570 sermo

312 583 474 614 incautior
485 607 494 623 ,
515 586 547 615 et
567 586 671 615 omnis
687 585 827 623 denique
840 586 1008 625 utriusque

311 627 452 660 hominis
467 631 568 660 status
583 631 814 661 inconstantior
827 634 1007 669 appareret.

311 673 447 704 Proinde
468 676 620 713 magistra
640 676 814 706 instructus
835 678 1010 714 experien-

308 719 367 757 tia,
382 727 446 749 non
456 720 618 758 judicium
629 722 695 758 jam
708 723 811 752 solum
822 744 832 759 ,
844 725 897 752 aul
910 724 1007 753 solam

311 764 565 796 misericordiam
581 776 590 796 ε
607 768 663 797 sed
677 768 929 798 inisericordiam
952 778 1008 806 pa-

309 811 391 841 riter
409 813 442 842 et
455 811 616 849 Judicium
631 813 768 843 cantabo
783 813 1005 850 tibi,Domine.

309 856 346 886 In
363 857 518 888 aeternum
539 866 605 888 non
620 859 792 888 obliviscar
804 859 1006 895 justificatio-

307 909 366 933 nes
382 902 459 932 istas
478 911 486 932 ε
504 904 680 934 cantabiles
695 903 776 933 mihi
793 905 887 934 erunt
905 906 1006 936 ambae

307 947 431 986 pariter
456 948 491 978 in
515 949 584 978 loco
612 949 884 986 peregrinationis
904 959 1005 987 meae,

307 1001 475 1032 quousque
508 994 731 1024 misericordia
766 996 1005 1032 superexaltata

304 1036 448 1075 judicio,
475 1038 607 1068 miseria
635 1038 852 1078 conticescat,
879 1047 915 1070 ac
940 1041 1006 1070 sola

307 1082 417 1112 cantet
428 1083 490 1113 tihi
505 1083 544 1114 de
555 1083 671 1114 caetero
684 1084 785 1123 gloria
798 1092 883 1124 mea,
899 1086 932 1116 et
942 1094 1006 1116 non

308 1135 516 1169 compungar.

512 1221 682 1255 SEmio
717 1221 813 1255 VII.

307 1288 348 1313 De
367 1294 465 1312 amore
480 1288 591 1313 ardenti
609 1296 666 1320 quo
683 1289 774 1313 anima
796 1288 886 1319 diligit
903 1288 1004 1313 Deum.

336 1324 410 1349 Item
430 1325 463 1348 de
486 1326 637 1349 attentione
656 1328 782 1357 tempore
797 1324 940 1351 Orationis
962 1325 1006 1348 vel

336 1360 500 1385 Psalmodiae
517 1361 706 1392 procuranda.

346 1415 377 1445 1.
389 1414 463 1446 IPSE
478 1415 560 1445 mihi
575 1415 720 1446 laborem
732 1415 849 1446 suscito
858 1437 867 1453 ,
879 1415 936 1454 qui
951 1423 1005 1445 vos

306 1462 421 1500 sponte
447 1470 587 1500 provoco
611 1462 900 1500 adquam-endum.
924 1460 1005 1498 Quia

307 1507 397 1537 enim
419 1515 476 1545 ego
499 1507 596 1545 primi
612 1507 711 1537 osculi
728 1507 893 1537 occasione
909 1506 1006 1545 spiri-

305 1553 411 1583 tuales
425 1552 485 1582 Dei
501 1553 600 1590 pedes
608 1552 747 1591 propriis
759 1551 1005 1582 diffinitionibus

305 1605 342 1628 ac
357 1598 557 1636 nominibus,
569 1598 603 1627 et
613 1598 747 1636 quidem
759 1606 800 1627 ex
816 1598 1003 1636 abundanti,

304 1642 526 1673 demonstrare
542 1643 652 1674 curavi
666 1653 674 1673 :
686 1651 742 1674 vos
750 1643 883 1681 pergitis
899 1644 1006 1681 inqui-

304 1695 380 1718 rere
405 1688 439 1717 et
462 1688 503 1718 de
526 1696 643 1725 manu,
670 1696 741 1726 quae
769 1687 911 1717 secundo
936 1688 1005 1717 loco

304 1733 476 1764 osculanda
484 1734 684 1772 proponitur.
696 1735 819 1771 Annuo,
829 1742 903 1771 gero
916 1734 1005 1763 vobis

304 1787 428 1809 morem
441 1788 450 1817 3
466 1779 600 1818 insuper
611 1787 676 1808 non
698 1787 830 1808 manum
841 1801 850 1816 ,
867 1779 923 1809 se‘d
937 1788 1005 1809 ma-

304 1833 367 1855 nus
382 1825 537 1862 ostendo,
550 1825 755 1863 propriisque
771 1824 933 1863 distinguo
949 1833 1006 1854 vo-

305 1870 443 1900 cabulis.
461 1871 611 1901 Latitudo
623 1878 689 1900 una
701 1892 710 1908 ,
723 1870 825 1900 altera
840 1871 1004 1901 Fortitudo

304 1915 433 1946 dicatur
449 1925 456 1945 :
473 1916 558 1954 quod
575 1917 608 1947 et.
621 1916 744 1945 tribuat
758 1915 946 1954 affluenter,
973 1918 1005 1946 et

303 1961 458 1992 defendat
468 1963 618 2000 potenter
633 1961 718 1999 quod
731 1961 866 1991 dederit.
880 1962 1006 1990 Utram-

304 2015 369 2046 que
394 2007 539 2046 profecto
562 2006 758 2037 osculabitur
785 2006 840 2043 qui
864 2006 1005 2045 ingratus

303 2061 368 2083 non
401 2053 502 2083 fuerit
517 2075 526 2091 ,
560 2054 664 2082 Deum
700 2052 814 2090 utique
849 2051 1005 2082 honorum

304 2098 449 2128 omnium
473 2098 556 2128 sicut
572 2097 777 2135 largitorem,
803 2097 847 2127 ita
871 2098 903 2127 et
929 2106 1006 2127 con-

305 2145 502 2175 servatorem
522 2151 756 2182 recognoscens
778 2143 812 2173 et
838 2143 1004 2172 confflem.

305 2188 386 2219 Satis
415 2190 454 2220 de
486 2190 611 2220 duobus
635 2189 753 2219 osculis
779 2188 903 2218 dictum
936 2196 1005 2218 esse

301 2240 396 2262 reor:
412 2234 580 2264 videamus
595 2236 626 2265 et
643 2234 683 2264 dc
698 2233 806 2263 tertio.

343 2279 375 2308 2.
386 2280 680 2318 Osculetzn·,inquit,
694 2289 742 2309 ‘me
757 2280 855 2309 osculo
871 2281 932 2310 orz's
946 2280 1004 2309 sui.

303 2324 383 2362 Quis
399 2325 497 2355 dicit?
513 2326 644 2363 Sponsa.
658 2327 810 2363 Quaenam
822 2325 914 2364 ipsa?
928 2325 1006 2355 Ani·

304 2378 359 2400 ma
387 2371 500 2401 sitiens
524 2372 641 2401 Deum.
671 2372 733 2401 Sed
757 2380 840 2410 pono
864 2372 1006 2402 diversas

306 2416 510 2453 affectiones,
525 2417 562 2445 ut
586 2424 623 2445 ea
644 2425 715 2454 quae
732 2417 861 2455 proprie
883 2426 1006 2455 sponsae

306 2462 467 2500 congruit,
480 2461 663 2491 distinctius
675 2462 845 2492 elucescat.
855 2462 886 2492 Si
895 2471 1006 2493 servus

307 2508 374 2546 est,
388 2508 483 2538 timet
504 2515 522 2536 a
537 2506 619 2536 facie
636 2507 784 2544 Domini,
801 2507 827 2537 si
841 2515 1007 2538 mercena·

306 2553 391 2591 rius,
406 2551 514 2592 sperat
529 2551 568 2582 de
587 2559 683 2581 manu
697 2551 842 2589 D01nini3
860 2552 888 2581 si
910 2552 1006 2581 disci-

306 2599 419 2636 pulus,
435 2605 547 2628 aurem
560 2599 652 2636 parat
666 2596 837 2634 magistr03
852 2596 878 2626 si
901 2596 1003 2636 filiuS,

306 2644 441 2675 honorat
469 2643 593 2683 patrem
617 2651 624 2672 ε
655 2651 724 2682 quae
752 2650 829 2672 vero
859 2643 1004 2673 osculum

1047 313 1172 343 affectio
1186 314 1254 344 haec
1269 318 1404 346 amoris:
1420 318 1598 356 praesertim
1614 326 1688 347 cum
1701 316 1741 346 ad

1046 367 1139 388 suum
1172 361 1311 391 recurrit
1334 363 1530 402 principium
1544 386 1553 402 ,
1579 358 1663 402 quod
1691 362 1741 392 est

1045 403 1142 433 Dens.
1171 405 1235 434 Nec
1258 407 1332 436 sunt
1359 409 1492 439 inventa
1519 418 1608 448 aeque
1634 407 1741 437 dulcia

1045 450 1174 479 nomina
1186 473 1195 488 ,
1212 452 1328 489 quibus
1342 454 1459 493 Verbi,
1475 457 1656 493 animaeque
1671 453 1741 483 dul-

1045 503 1097 525 ces
1112 496 1150 525 ad
1163 496 1306 526 invicem
1318 499 1578 536 exprimerentur
1590 500 1741 536 affectus,

1044 541 1311 577 quemadmodum
1349 552 1484 581 sponsus
1519 546 1552 575 et
1587 551 1702 583 sponsa
1729 550 1739 572 ε

1043 585 1164 623 quippe
1180 587 1296 625 quibus
1312 589 1419 618 onmia
1435 590 1619 619 communia
1641 587 1739 626 sunt,

1044 631 1088 660 nil
1101 633 1286 671 proprium,
1304 635 1350 663 nil
1367 643 1384 664 a
1406 643 1440 665 se
1461 635 1601 665 divisum
1616 634 1740 664 haben-

1043 676 1140 707 tibus.
1163 678 1231 708 Una
1257 680 1426 719 utriusque
1450 681 1623 711 haereditas
1636 701 1646 718 ,
1675 686 1741 708 una

1042 722 1172 761 domus,
1189 733 1252 754 una
1267 733 1395 764 mensa,
1418 735 1502 756 unus
1517 727 1630 756 thorus
1642 747 1652 763 ,
1673 732 1738 754 una

1043 768 1141 798 etiam
1167 778 1250 800 caro.
1266 772 1414 810 Denique
1439 774 1570 811 propter
1584 773 1666 802 hanc
1686 778 1740 800 re-

1041 814 1166 852 linquet
1177 815 1232 845 ille
1244 818 1369 855 patrem
1382 819 1414 848 et
1429 820 1578 855 matrem,
1590 818 1623 847 et
1634 817 1740 846 adhan

1041 860 1125 890 rebit
1138 861 1232 891 uxori
1250 871 1316 893 suae
1333 872 1340 892 ε
1362 865 1393 893 et
1410 865 1505 894 erunt
1520 864 1581 894 duo
1593 864 1627 893 in
1643 870 1738 893 carne

1040 913 1116 934 una.
1133 907 1207 936 Haec
1227 916 1353 946 quoque
1374 909 1508 946 jubetur
1527 908 1741 939 nihilominus

1040 951 1189 981 oblivisci
1213 954 1369 991 populum
1400 963 1495 985 suum
1510 977 1519 993 ,
1546 956 1579 985 et
1607 955 1739 984 domum

1040 997 1139 1034 patris
1155 998 1222 1036 sui3
1239 1001 1274 1029 ut
1288 1001 1491 1038 concupiscat
1516 1002 1572 1030 ille
1586 1001 1736 1030 decorem

1041 1042 1121 1078 ejus.
1143 1043 1176 1072 Si
1200 1052 1275 1082 ergo
1289 1053 1396 1075 amare
1412 1047 1598 1084 specialiter
1615 1046 1739 1084 sponsis

1040 1096 1075 1117 ac
1085 1088 1307 1127 principaliter
1319 1092 1484 1129 convenit,
1499 1100 1564 1121 non
1576 1092 1740 1122 immerito

1040 1133 1167 1171 Sponsae
1194 1136 1325 1166 nomine
1354 1137 1504 1166 censetur
1530 1137 1639 1167 anima
1666 1145 1738 1175 quae

1040 1181 1136 1210 amat.
1152 1180 1246 1211 Amat
1259 1182 1367 1212 autem
1392 1191 1462 1221 quae
1476 1183 1623 1212 osculum
1640 1183 1736 1221 petit.

1039 1225 1107 1254 Non
1123 1226 1206 1264 petit
1230 1227 1415 1258 libertatem
1427 1249 1435 1265 ,
1451 1237 1515 1258 non
1529 1229 1713 1258 mercedem
1726 1250 1737 1267 ,

1040 1278 1104 1300 non
1119 1272 1353 1311 haereditatem,
1369 1281 1433 1303 non
1444 1273 1584 1312 denique
1597 1275 1650 1304 vel
1665 1274 1738 1305 doc-

1041 1316 1156 1346 trinam
1167 1340 1176 1356 ,
1192 1318 1248 1348 sed
1273 1320 1435 1356 osculum3
1452 1328 1540 1349 more
1554 1320 1652 1358 plane
1668 1329 1738 1351 cas-

1039 1363 1169 1393 tissimae
1196 1373 1319 1403 sponsae
1354 1373 1391 1394 ac
1426 1373 1554 1395 sacrum
1569 1359 1738 1403 ‘spirantis

1039 1417 1191 1447 amorem,
1206 1418 1277 1449 nec,
1287 1411 1418 1440 omnino
1430 1410 1567 1441 valentis
1575 1410 1738 1441 flammam

1039 1455 1241 1486 dissimulare
1262 1465 1359 1495 quam
1382 1457 1518 1495 patitur.
1540 1456 1622 1487 Vide
1649 1458 1737 1487 enim

1039 1503 1133 1539 quale
1169 1503 1334 1540 praeripiat
1362 1502 1519 1533 sermonis
1551 1503 1733 1533 exordium.

1038 1548 1184 1586 Magnum
1199 1548 1276 1586 quid
1300 1556 1318 1578 a
1334 1556 1449 1587 magno
1467 1548 1610 1586 petitura
1621 1570 1630 1586 ,
1646 1549 1736 1578 nullo

1038 1594 1166 1632 tamen,
1181 1595 1217 1624 ut
1233 1594 1370 1632 assolet,
1386 1594 1491 1624 utitur
1505 1594 1735 1624 blanditiarum

1039 1638 1132 1676 suc03
1149 1639 1248 1670 nullis
1270 1639 1616 1670 circumvolutionibus
1642 1639 1682 1669 ad
1703 1639 1738 1669 id

1039 1684 1124 1722 quod
1149 1685 1309 1715 desiderat
1325 1685 1437 1714 ambit.
1451 1685 1521 1714 Non
1538 1684 1616 1714 tacit
1630 1693 1737 1723 prooe-

1039 1730 1159 1768 mium,
1173 1739 1237 1761 non
1252 1731 1358 1769 captat
1379 1731 1663 1761 benevolentiam:
1681 1731 1738 1761 sed

1040 1783 1082 1805 ex
1097 1776 1295 1806 abundantia
1319 1776 1421 1806 cordis
1436 1777 1571 1814 repente
1592 1784 1738 1814 prorum-

1039 1830 1118 1860 pens
1129 1844 1137 1859 ,
1153 1822 1239 1852 nude
1252 1822 1456 1860 frontoseque
1468 1822 1545 1852 satis
1554 1843 1564 1860 ,
1581 1822 1737 1853 Osculetur

1040 1876 1086 1897 me
1100 1889 1110 1904 ,
1127 1868 1192 1906 ait,
1207 1869 1307 1898 osculo
1320 1869 1382 1898 oris
1395 1869 1454 1898 sui.

1078 1914 1109 1943 3.
1126 1915 1173 1942 An
1187 1921 1250 1943 non
1261 1913 1322 1943 tibi
1333 1914 1424 1951 quasi
1440 1913 1549 1942 dicere
1563 1912 1735 1943 manifeste

1030 1959 1187 1996 *videtum
1207 1960 1286 1999 Quid
1313 1959 1446 1989 mihiest
1468 1959 1600 1995 incaelo,
1618 1960 1646 1988 et
1670 1968 1690 1988 α
1711 1960 1738 1988 te

1040 2006 1110 2043 quid
1122 2006 1204 2035 volui
1220 2014 1310 2043 super
1326 2006 1442 2034 terram
1457 2003 1471 2033 ἒ
1486 2005 1578 2034 Amat
1592 2003 1737 2042 profecto

1041 2052 1125 2081 caste
1139 2074 1147 2089 ,
1164 2060 1235 2090 quae
1254 2052 1361 2089 ipsum
1375 2058 1472 2089 quem
1488 2052 1586 2086 amat,
1599 2049 1736 2087 quaerit3

1040 2105 1100 2125 non
1111 2097 1199 2126 aliud
1206 2097 1377 2135 quicquam
1393 2096 1504 2134 ipsius.
1514 2095 1607 2124 Amat
1615 2095 1737 2132 sancte,

1040 2142 1114 2179 quia
1130 2150 1193 2171 non
1209 2142 1243 2171 in
1257 2141 1517 2179 concupiscentia
1543 2140 1666 2177 carnis,
1681 2139 1738 2170 sed

1040 2186 1073 2215 in
1102 2187 1242 2224 puritate
1269 2187 1414 2224 spiritus.
1445 2186 1539 2215 Amat
1567 2185 1737 2223 ardenter,

1040 2240 1110 2269 quae
1137 2233 1181 2263 ita
1206 2233 1335 2270 proprio
1362 2231 1529 2261 debriatur
1552 2238 1660 2259 amore
1670 2252 1680 2268 ,
1700 2231 1737 2260 ut

1041 2278 1241 2315 majestatem
1266 2286 1331 2307 non
1353 2277 1484 2315 cogitet.
1507 2275 1593 2313 Quid
1622 2274 1738 2304 enim?

1040 2325 1166 2363 Respicit
1179 2326 1311 2359 terram,
1328 2325 1355 2352 et
1371 2323 1444 2361 facit
1457 2331 1523 2352 eam
1539 2323 1664 2351 tremere
1676 2330 1687 2351 ,·
1703 2320 1736 2350 et

1040 2370 1098 2399 ista
1114 2378 1147 2399 se
1163 2370 1201 2399 ab
1218 2377 1254 2399 eo
1272 2369 1410 2407 postulat
1435 2367 1583 2397 osculari.
1599 2366 1736 2397 Ebriane

1040 2416 1088 2446 est
1103 2416 1114 2445 ?
1128 2415 1221 2445 Ebria
1234 2423 1373 2453 prorsus.
1391 2415 1428 2444 Et
1440 2413 1521 2443 forte
1535 2420 1620 2442 nunc
1635 2434 1644 2451 ,
1661 2419 1735 2442 cum

1040 2462 1079 2491 ad
1095 2462 1155 2491 ista
1166 2460 1330 2500 prorupit,
1347 2459 1473 2489 exierat
1494 2458 1533 2488 de
1550 2458 1634 2488 cella
1648 2457 1736 2487 vina-

1039 2507 1087 2537 ria
1100 2529 1109 2544 ,
1122 2515 1183 2545 quo
1199 2515 1232 2535 se
1249 2506 1404 2535 nimirum
1419 2504 1632 2533 introductam
1650 2502 1738 2540 post-

1039 2552 1169 2581 modum
1182 2552 1348 2590 gloriatur.
1363 2551 1440 2579 Nam
1457 2550 1489 2579 et
1501 2547 1604 2589 David
1619 2546 1658 2576 de
1667 2547 1737 2584 qui-

1039 2597 1172 2627 busdam
1186 2596 1313 2626 dicebat
1336 2596 1403 2626 Deo
1420 2603 1427 2623 :
1445 2592 1684 2624 [nebi-tabanum·
1697 2591 1736 2621 ab

1039 2643 1175 2673 ubertate
1190 2643 1296 2673 (lomus
1312 2643 1372 2673 tuae
1384 2662 1394 2678 ,
1409 2642 1434 2671 et
1451 2640 1581 2671 torrente
1596 2639 1735 2677 volupta-
