1846 3078
284 224 347 255 006

758 228 789 256 S·
817 225 1051 255 BERNARD!
1076 226 1272 254 ABBATis

282 284 379 318 quam
400 277 525 310 attente
541 279 639 311 simul
658 279 698 311 de
714 288 824 310 amore
846 287 985 308 commo-
1019 286 1118 314 pecus
1130 287 1193 309 non
1205 279 1330 310 cessant
1342 279 1435 311 bonis
1448 279 1596 319 laetisque
1608 288 1719 311 exem-

280 326 371 355 nilus
379 325 434 355 sit.
444 325 534 362 Quod
542 325 655 364 utique
668 326 757 355 tanta
769 332 844 354 cura
856 323 986 360 sapiens

281 370 425 402 creditor
447 379 512 401 non
532 371 686 408 fecisset,
709 370 773 400 nisi
793 377 825 399 se
847 368 985 398 sentiret

280 424 434 455 sponsum
448 439 457 455 ,
474 416 507 446 id
522 417 585 446 sibi
606 416 721 454 utique
739 423 781 445 ex
797 414 912 444 intimo
934 421 986 443 re-

278 461 462 500 spondente
491 461 702 492 conscientia.
731 459 850 489 Audite
890 458 958 489 haec
974 480 983 496 ,

279 506 378 536 amici
404 506 537 545 Sponsi,
563 506 590 536 si
611 506 723 535 tamen
741 504 851 534 amici.
869 504 909 534 At
926 511 985 542 pa-

276 560 351 582 rum
365 552 449 590 dixi,
465 551 562 581 amici
579 559 586 580 :
602 550 789 580 amicissimi
806 550 871 580 sint
889 557 983 588 opor-

276 599 326 628 tet
338 619 348 636 ,
373 597 431 636 qui
446 596 619 635 privilegio
634 596 732 626 tantae
748 594 980 625 familiaritatis

278 642 451 672 donantur.
473 642 542 671 Non
567 641 669 671 otiose
689 640 788 672 toties
804 640 982 679 repetitum

277 689 346 726 est,
375 689 464 717 Petre
492 696 582 717 amas
608 695 676 723 me,
698 686 733 716 in
757 686 981 717 commissione

278 733 400 763 ovium.
423 732 462 761 Et
478 740 536 770 ego
551 732 685 771 quidem
700 732 735 762 id
761 732 979 771 significatum

277 777 415 816 perinde
428 777 508 816 puto
522 799 531 816 ,
544 786 581 808 ac
596 779 623 808 si
645 778 695 808 illi
711 778 848 808 dixisset
862 778 955 808 Jesus
971 786 980 808 ε

279 823 346 853 Nisi
370 823 591 854 testimonium
607 824 669 854 tibi
688 823 885 862 perhibente
902 832 980 854 con-

278 869 417 900 scientia
437 869 525 908 quod
542 878 594 900 n1e
609 878 698 900 ames
710 892 719 908 ,
736 870 769 900 et
791 869 886 900 valde
902 878 980 908 per-

273 914 426 952 fecteque
441 923 529 945 ames
542 936 552 953 ,
566 914 628 945 hoc
645 915 693 945 est
704 915 777 954 plus
792 922 889 953 quam
904 915 980 952 tua,

274 961 349 998 plus
374 968 471 999 quam
486 961 559 991 tuos
572 983 581 999 ,
597 961 671 1000 plus
685 969 781 999 quam
804 960 903 991 etiam
918 960 951 991 te
966 982 975 999 ,

274 1007 312 1036 ut
342 1005 440 1044 hujus
475 1007 682 1045 repetitionis
712 1015 794 1037 meae
823 1015 980 1037 numerus

273 1051 451 1090 impleatur
464 1060 472 1090 3
483 1061 688 1091 nequaquam
700 1052 856 1090 suscipias
868 1060 978 1082 curam

270 1097 368 1135 hanc,
381 1105 442 1128 nec
456 1100 488 1129 te
500 1098 696 1129 intromittas
705 1098 743 1128 de
756 1098 871 1128 ovibus
882 1098 978 1136 meis,

273 1151 332 1181 pro
347 1144 466 1182 quibus
481 1143 610 1182 sanguis
624 1144 739 1182 utique
755 1151 847 1174 meus
861 1144 979 1174 effusus

273 1189 335 1219 est.
371 1189 541 1220 Terribilis
576 1197 702 1228 sermo,
731 1191 765 1220 et
789 1189 846 1229 qui
877 1189 979 1228 possit

270 1234 370 1265 etiam
383 1235 547 1273 impavida
562 1236 751 1274 quorumvis
766 1236 979 1275 tyrannorum

273 1280 369 1310 corda
384 1282 570 1311 concutere.

311 1327 343 1357 9.
373 1328 549 1366 Propterea
578 1327 738 1358 attendite
764 1327 878 1365 vobis,
904 1327 978 1365 qui-

278 1379 420 1411 cumque
445 1381 526 1412 opus
548 1373 725 1404 ministerii
749 1372 847 1410 hujus
873 1373 977 1403 sortiti

274 1417 375 1455 estis3
404 1418 590 1456 attendite,
624 1418 777 1456 inquam,
803 1418 915 1455 vobis,
943 1419 976 1448 et

270 1465 416 1502 pret10so
433 1465 592 1503 deposito,
608 1465 695 1503 quod
706 1465 798 1495 vobis
814 1465 976 1495 creditum

270 1510 331 1540 est.
344 1511 484 1541 ClvlTAs
496 1510 545 1540 est
560 1519 569 1540 ε
582 1511 715 1548 vigilate
729 1510 770 1540 ad
782 1510 975 1547 custodiam,

269 1556 555 1594 concordiamque.
577 1556 709 1586 SPONSA
739 1557 789 1586 est
814 1564 823 1585 τ
847 1555 975 1586 studete

269 1601 411 1631 ornatui.
435 1601 524 1631 Oves
547 1602 647 1631 sunt:
666 1601 829 1631 intendite
854 1602 972 1640 pastui.

267 1647 306 1675 Et
334 1646 404 1676 haec
433 1647 498 1676 tria
519 1647 561 1676 ad
586 1647 677 1676 illam
696 1647 829 1676 Domini
854 1647 973 1677 trinam

267 1691 526 1722 sciscitationem
542 1692 624 1722 forte
636 1700 700 1722 non
712 1692 888 1730 incongrue
903 1701 975 1730 per-

267 1737 377 1767 tinere
403 1737 566 1768 dicentur.
583 1738 678 1768 Porro
694 1738 840 1768 custodia
859 1737 974 1767 civita-

267 1783 311 1813 tis
331 1784 368 1814 ut
383 1783 429 1814 sit
446 1783 630 1822 sufficiens,
655 1784 781 1813 trifaria
807 1783 887 1821 erit,
909 1791 927 1812 a
940 1783 974 1813 vi

268 1830 502 1868 tyrannorum,
518 1838 536 1860 a
555 1830 670 1860 fraude
688 1829 918 1860 haereticorum
931 1851 941 1867 ,
956 1837 974 1859 a

266 1876 508 1906 tentationibus
529 1877 730 1914 daemonum,
749 1876 880 1914 Sponsae
895 1884 973 1906 vero

266 1922 401 1951 ornatus
416 1922 450 1951 in
466 1922 560 1952 bonis
575 1922 729 1960 operibus
740 1943 750 1958 ,
767 1922 800 1952 et
814 1922 972 1960 moribus,

268 1968 300 1996 ct
317 1967 497 1998 ordinibus.
514 1968 553 1998 At
574 1968 685 2006 pastus
701 1967 812 1997 ovium
828 1975 974 1997 commu-

266 2013 357 2041 niter
372 2012 505 2050 quidem
521 2013 556 2042 in
567 2012 696 2051 pascuis
708 2011 948 2050 scripturarum
963 2035 972 2050 ,

266 2060 435 2096 tamquam
461 2058 495 2088 in
521 2059 714 2088 haereditate
739 2059 896 2089 Domini:
915 2059 972 2089 sed

268 2105 318 2133 est
338 2104 505 2135 distinctio
527 2104 562 2134 in
586 2104 666 2134 illis.
681 2104 760 2134 Nam
784 2105 859 2134 suut
883 2114 973 2135 man-

268 2148 343 2178 data
355 2171 365 2187 ,
388 2159 461 2188 quae
483 2150 573 2180 duris
588 2151 686 2189 atque
701 2151 885 2180 carnalibus
902 2151 973 2180 ani-

268 2193 331 2222 mis
350 2194 563 2233 imponuntur
578 2196 708 2234 exlege
728 2196 805 2226 vitae
829 2197 863 2226 et
878 2196 973 2227 disci-

268 2239 369 2278 plinae
387 2250 395 2270 t
413 2242 447 2271 et
469 2243 544 2272 sunt
563 2242 653 2272 olera
674 2242 972 2281 dispensationum,

268 2294 343 2323 quae
369 2286 505 2316 infirmis
533 2288 567 2317 et
591 2288 718 2326 pusillis
740 2288 836 2318 corde
858 2288 898 2318 de
921 2297 973 2318 re—

268 2332 381 2369 spectu
417 2332 648 2364 misericordia}
672 2335 878 2373 apponuntur
904 2344 913 2363 τ
941 2334 973 2364 et

269 2378 346 2407 sunt
361 2378 568 2407 consiliorum
589 2380 690 2410 solida
703 2380 862 2419 fortiaque
877 2402 886 2418 ,
902 2389 973 2419 quae

270 2433 313 2452 cx
328 2423 454 2453 intimis
465 2423 632 2462 sapientiae
643 2426 867 2463 proponuntur
875 2426 972 2464 sanis,

272 2471 306 2499 ct
331 2469 389 2508 qui
420 2469 617 2499 exercitatos
642 2470 768 2501 habent
794 2480 907 2502 sensus
934 2472 972 2501 ad

271 2515 503 2546 dIscretionem
535 2515 612 2544 boni
639 2516 671 2545 et
701 2517 791 2546 mali.
827 2519 973 2547 Parvulis

268 2569 429 2599 namque,
445 2561 610 2599 tamquam
630 2560 806 2599 agniculis,
823 2562 974 2592 adhorta-

269 2606 367 2637 tionis
380 2607 429 2636 lac
439 2607 534 2644 potus
549 2606 660 2644 datur,
672 2613 736 2636 non
749 2615 832 2637 esca.
846 2607 892 2636 Ad
904 2608 973 2637 haec

272 2654 350 2684 boni
377 2652 574 2693 sollicitique
603 2652 746 2693 pastores
772 2652 972 2691 impinguare

1020 323 1101 361 plis,
1118 325 1150 354 et
1166 324 1231 354 suis
1245 325 1364 364 magis,
1380 335 1476 365 quam
1497 327 1623 356 alienis.
1639 329 1719 358 Nam

1019 368 1045 397 si
1071 369 1188 399 alienis
1216 370 1250 400 et
1271 378 1336 400 non
1363 372 1447 409 suis3
1471 373 1648 410 ignominia
1671 374 1720 404 est

1019 413 1083 443 illis
1096 437 1105 453 ,
1122 415 1155 445 et
1169 424 1270 453 pecus
1285 415 1330 446 ita
1342 425 1407 447 non
1422 418 1560 455 proficit.
1573 419 1605 448 Si
1616 419 1718 457 enim,

1018 459 1108 488 verbi
1131 468 1247 498 causa,
1268 469 1326 499 ego
1347 461 1404 500 qui
1420 463 1534 493 videor
1555 464 1642 494 inter
1661 473 1719 494 vos

1016 505 1153 541 pastoris
1188 514 1303 544 gerere
1339 514 1468 546 curam,
1498 509 1590 539 vobis
1618 518 1720 548 appo-

1016 557 1111 580 suero
1134 551 1235 590 Moysi
1260 553 1562 593 mansuetudinem,
1586 557 1718 593 patien-

1015 595 1093 625 tiam
1131 596 1210 635 Job,
1246 597 1501 628 misericordiam
1535 599 1694 630 Samuelis
1706 622 1717 638 ,

1016 641 1119 671 David
1133 643 1356 682 sanctitatem,
1374 644 1407 674 et
1422 644 1448 674 si
1464 652 1527 683 qua
1543 646 1617 675 sunt
1628 646 1657 683 ej
1664 654 1717 675 us-

1014 686 1101 716 modi
1118 688 1271 726 exempla
1286 688 1463 727 bonorum,
1484 689 1623 720 immitis
1646 691 1717 728 ipse

1014 731 1047 760 et
1075 731 1271 771 impatiens,
1299 734 1396 772 atque
1422 734 1656 766 immisericors
1681 736 1717 766 et

1013 776 1148 807 minime
1160 779 1290 808 sanctus
1301 787 1424 809 :sermo
1436 779 1446 819 (
1456 780 1493 810 ut
1501 780 1638 821 vereor)
1652 783 1716 811 mi-

1012 829 1072 851 nus
1087 822 1198 860 sapide
1214 823 1364 862 eveniet,
1381 825 1414 855 et
1429 833 1485 856 vos
1496 825 1604 857 minus
1619 826 1715 856 avide

1012 867 1159 905 capietis.
1191 869 1313 899 Verum
1338 869 1399 899 hoc
1424 879 1572 909 supernae
1598 871 1715 909 pietati

1011 912 1161 951 relinquo
1174 935 1183 952 ,
1195 915 1233 944 ut
1244 915 1328 952 quod
1343 915 1450 945 minus
1464 916 1556 945 vobis
1567 925 1609 946 ex
1620 917 1715 948 nobis

1013 957 1079 995 est,
1096 958 1165 996 ipsa
1180 960 1353 997 suppleat,
1369 960 1403 989 et
1422 961 1508 998 quod
1523 970 1713 1000 perperam,
1764 1000 1767 1004 4

1012 1002 1081 1039 ipsa
1098 1003 1248 1042 corrigat.
1271 1005 1362 1034 Nunc
1382 1013 1460 1035 vero
1478 1005 1582 1036 bonus
1607 1009 1716 1044 pastor

1012 1049 1072 1079 hoc
1081 1057 1208 1088 quoque
1216 1051 1363 1089 curabit,
1371 1051 1408 1081 ut
1416 1052 1594 1082 secundum
1609 1054 1716 1083 Evan-

1012 1094 1133 1131 gelium
1150 1096 1337 1126 inveniatur
1351 1097 1472 1126 habere
1487 1098 1531 1127 sal
1545 1098 1579 1127 in
1595 1100 1716 1130 semet-

1014 1139 1100 1177 ipso;
1116 1141 1223 1172 sciens
1234 1163 1243 1179 ,
1255 1142 1332 1180 quia
1354 1151 1460 1172 sermo
1475 1143 1542 1173 sale
1563 1144 1715 1176 conditus

1012 1187 1169 1223 quantum
1183 1188 1345 1226 placuerit
1356 1188 1397 1218 ad
1414 1189 1550 1227 gratiam
1561 1211 1571 1228 ,
1587 1191 1714 1221 tantum

1012 1233 1158 1270 proderit
1184 1233 1225 1263 ad
1249 1235 1399 1264 salutem.
1423 1236 1497 1265 Haec
1518 1235 1652 1266 interim
1674 1237 1715 1268 de

1011 1279 1157 1308 custodia
1182 1279 1342 1318 civitatis,
1366 1282 1462 1319 atque
1486 1282 1602 1312 ornatu
1618 1291 1715 1320 spon-

1012 1332 1070 1362 sae,
1086 1333 1215 1355 necnon
1229 1326 1261 1355 et
1276 1327 1370 1364 pastu
1383 1327 1494 1356 ovium
1509 1327 1596 1357 dicta
1612 1328 1692 1358 sint.

1052 1370 1103 1400 10.
1119 1371 1200 1400 Volo
1219 1371 1331 1401 tamen
1352 1371 1459 1402 adhuc
1482 1372 1597 1402 eadem
1617 1374 1715 1411 paulo

1011 1416 1200 1453 expressius
1216 1416 1386 1454 designare
1411 1417 1544 1455 propter
1566 1426 1639 1456 eos,
1657 1420 1713 1457 qui

1011 1461 1088 1490 dum
1113 1461 1208 1492 avide
1233 1462 1332 1492 nimis
1361 1462 1539 1493 honoribus
1566 1464 1714 1503 inhiant,

1010 1507 1117 1537 minus
1137 1507 1272 1545 provide
1297 1509 1450 1546 gravibus
1471 1518 1505 1539 se
1528 1512 1715 1550 supponunt

1010 1553 1178 1591 oneribus,
1194 1555 1363 1591 exponunt
1371 1555 1530 1592 periculis
1542 1565 1549 1584 :
1563 1559 1600 1586 ut
1609 1558 1715 1588 sciant

1009 1597 1049 1626 ad
1064 1598 1142 1636 quid
1159 1599 1329 1637 venerint,
1352 1600 1435 1629 sicut
1457 1601 1614 1639 scriptum
1638 1603 1687 1633 est
1703 1611 1712 1631 ε

1009 1643 1128 1679 Amice,
1144 1645 1184 1673 ad
1198 1645 1271 1682 quid
1282 1644 1412 1674 venisti?
1426 1646 1463 1674 Ni
1480 1645 1590 1685 fallor,
1605 1648 1645 1677 ad
1663 1656 1714 1678 so-

1009 1687 1072 1716 lam
1096 1687 1241 1718 civitatis
1269 1689 1465 1728 custodiam,
1493 1691 1531 1720 ut
1556 1694 1714 1729 quantum

1009 1733 1085 1762 satis
1101 1734 1149 1763 est
1163 1735 1368 1772 procuretur,
1382 1743 1462 1773 opus
1476 1736 1526 1766 est
1537 1737 1608 1767 viro
1624 1737 1714 1777 forti,

1009 1779 1191 1817 spirituali,
1208 1779 1310 1810 fideli.
1327 1781 1412 1810 Forti
1429 1781 1469 1812 ad
1480 1784 1714 1820 propulsandas

1010 1825 1144 1863 injurias
1155 1847 1164 1864 ,
1180 1826 1345 1864 spirituali
1367 1826 1407 1856 ad
1422 1827 1714 1866 deprehendendas

1009 1871 1166 1909 insidias,
1190 1872 1280 1901 fideli
1304 1872 1360 1910 qui
1381 1880 1445 1902 non
1467 1882 1539 1911 quae
1559 1883 1616 1904 sua
1638 1877 1713 1906 sunt

1008 1918 1144 1955 quaerat.
1166 1918 1264 1948 Porro
1286 1918 1397 1947 autern
1420 1918 1460 1948 ad
1475 1927 1581 1950 mores
1599 1921 1714 1952 hones-

1009 1963 1124 1993 tandos
1138 1964 1192 1994 vel
1208 1964 1411 2002 corrigendos
1425 1963 1530 2004 (quod
1545 1966 1659 2004 utique
1672 1968 1712 1998 ad

1008 2010 1159 2040 decorem
1175 2010 1319 2048 pertinet
1340 2010 1484 2051 sponsae)
1500 2012 1573 2050 quis
1587 2021 1651 2043 non
1671 2015 1712 2044 li·-

1007 2055 1105 2093 quido
1144 2058 1297 2094 agnoscat
1330 2059 1609 2096 pernecessariam
1643 2059 1709 2092 fore

1008 2109 1081 2130 cum
1104 2103 1207 2131 multa
1223 2102 1356 2140 quidem
1372 2103 1544 2141 diligentia
1565 2104 1713 2144 discipli-

1007 2155 1058 2177 nae
1078 2148 1272 2178 censuram?
1294 2149 1473 2188 Eapropter
1501 2151 1607 2180 omnis
1620 2173 1629 2188 ,
1658 2151 1709 2182 cui

1008 2193 1070 2222 hoc
1102 2201 1183 2232 opus
1207 2194 1389 2232 incumbit,
1426 2195 1555 2232 oportet
1586 2195 1712 2229 ferveat

1008 2240 1076 2268 zelo
1098 2239 1155 2269 illo
1167 2261 1176 2278 ,
1193 2248 1256 2278 quo
1275 2248 1428 2270 accensus
1451 2242 1636 2280 praecipuus
1654 2244 1710 2274 ille

1007 2285 1175 2315 aemulator
1185 2294 1308 2324 sponsae
1319 2286 1450 2316 Domini
1461 2287 1586 2317 aiebat:
1599 2291 1711 2319 AEmu-

1008 2332 1054 2361 lor
1072 2341 1126 2363 vos
1145 2333 1206 2362 Dei
1225 2333 1421 2362 oemulatione
1432 2342 1444 2372 ,·
1462 2334 1607 2372 despondi
1628 2336 1711 2365 enim

1007 2387 1060 2409 vos
1080 2379 1138 2408 uni
1162 2379 1230 2408 viro
1252 2379 1403 2417 virqt'nem
1426 2381 1545 2409 castam
1568 2380 1710 2411 ecchibere

1009 2424 1140 2455 Christo.
1166 2424 1236 2454 Jam
1251 2424 1410 2463 quomodo
1431 2424 1465 2453 in
1487 2433 1604 2463 pascua
1625 2425 1710 2456 divi-

1008 2478 1123 2501 norum
1146 2470 1264 2501 educet
1289 2470 1492 2508 eloquiorum
1518 2479 1631 2509 greges
1652 2471 1710 2501 do-

1008 2517 1146 2548 minicos
1156 2518 1265 2556 pastor
1281 2515 1404 2546 idiota?
1418 2516 1481 2546 Sed
1499 2518 1532 2547 et
1546 2517 1572 2546 si
1594 2516 1709 2547 doctus

1008 2562 1139 2601 quidem
1162 2561 1282 2599 fuerit,
1304 2568 1368 2590 non
1389 2560 1432 2590 sit
1451 2561 1560 2590 autem
1586 2560 1707 2599 bonusg

1007 2608 1187 2638 verendum
1202 2615 1244 2636 ne
1259 2614 1324 2636 non
1339 2606 1405 2636 tam
1418 2606 1548 2644 *nutriat
1563 2605 1708 2636 doctrina

1006 2653 1217 2692 uberi,quam
1234 2651 1337 2684 sterili
1353 2653 1420 2683 vita
1432 2651 1558 2682 noceat.
1571 2651 1707 2682 Temere
