1846 3078
585 208 630 236 ΙΝ
652 207 855 236 CANTICA
881 207 1033 236 SERMO
1052 208 1086 236 1..

124 264 221 296 tualis
233 287 242 304 ,
257 272 328 304 quae
341 263 408 295 sale
422 261 590 300 saptentiae
605 260 733 292 condita
747 260 821 299 pin-

122 319 278 349 guescens
295 316 442 346 magnam
457 307 560 337 menti
575 307 728 344 importat
739 307 821 336 mul-

122 356 296 387 titudinem
311 353 493 385 dulcedinis
507 353 633 382 Domini
646 352 720 382 :sed
733 359 821 390 quae-

124 402 197 432 dam
217 401 323 440 potius
338 399 491 436 actualis,
508 407 579 437 quae
594 398 656 428 etsi
676 397 820 428 nondum

121 446 206 476 dulci
221 446 278 476 illo
289 453 397 475 amore
413 444 556 475 suaviter
571 443 694 480 reficit,
711 451 820 472 amore

120 492 228 522 tamen
239 492 357 521 amoris
370 491 471 529 ipsius
483 489 696 520 vehementer
707 495 820 518 accen-

119 536 179 567 dit.
205 538 277 568 Νοη
304 538 483 575 (inmanius,
506 535 570 573 ait,
593 534 704 571 verbo,
724 542 820 572 neque

116 582 241 621 linqua,
257 582 307 613 sed
318 590 406 620 opere
421 583 448 611 ct
459 581 597 611 veritate.

157 627 188 656 5.
203 626 301 657 Vides
325 625 484 664 quomodo
503 625 596 654 caute
622 623 749 653 medius
771 622 820 652 in-

119 672 208 702 cedit
223 673 309 703 inter
322 672 477 702 vitiosum
492 671 588 708 atque
605 669 819 699 affectuosum

119 725 280 755 amorem,
297 717 337 746 ab
353 717 489 754 utroque
504 715 627 754 pariter
652 714 735 743 hanc
757 713 821 742 dis-

118 763 271 801 tinguens
283 763 441 792 actualem
467 761 499 790 et
520 759 720 789 salutiferam
736 758 820 788 cari-

117 808 238 838 tatem?
256 809 320 838 Nec
342 807 460 844 linguae
484 805 674 835 mentientis
699 803 734 834 in
759 804 819 834 hac

119 852 296 882 dilectione
317 851 438 889 recipit
461 850 589 886 fictum,
611 857 672 879 nec
691 857 819 879 rursum

118 897 289 928 afficientis
327 897 431 935 exigit
471 894 642 934 sapientiae
675 896 816 933 gustum.

117 944 231 982 Opere,
257 943 382 982 inquit,
407 944 570 981 diligamus
598 943 627 971 et
649 943 778 971 veritate
807 951 818 971 .·

116 989 202 1027 quod
216 989 373 1019 videlicet
386 996 576 1019 moveamur
590 987 630 1016 ad
644 987 727 1017 bene
744 995 820 1025 ope-

115 1034 253 1064 randum
267 1034 368 1072 magis
382 1033 521 1072 quodam
536 1032 656 1063 vividae
670 1032 819 1063 veritatis

117 1078 279 1117 impulsu,
300 1088 396 1118 quam
420 1079 540 1116 sapidae
562 1078 652 1107 illius
675 1078 819 1107 caritatis

116 1124 252 1155 affectu.
264 1126 422 1156 Ordinam't
433 1126 464 1154 in
475 1133 522 1154 me
535 1123 817 1160 carz‘tatem.Quam

116 1170 211 1208 putas
242 1170 378 1200 harum?
401 1171 597 1208 Utramque,
620 1169 677 1199 sed
704 1169 817 1198 ordine

116 1214 274 1252 opposito.
301 1215 379 1244 Nam
404 1213 539 1244 actualis
554 1213 705 1243 inferiora
735 1221 819 1251 prae-

115 1259 198 1298 fert,
222 1260 404 1290 affectualis
429 1259 607 1298 superiora.
631 1258 759 1288 Etenim
784 1258 817 1288 in

115 1304 200 1335 bene
215 1305 332 1336 affecta
346 1305 456 1336 mente
471 1313 535 1334 non
550 1303 685 1334 dubium
698 1302 709 1343 (
724 1303 817 1334 verbi

117 1349 230 1391 causa)
247 1352 326 1390 quin
341 1351 507 1381 dilectioni
530 1349 671 1380 hominis
692 1349 753 1379 Dei
767 1349 818 1378 di-

116 1395 214 1426 lectio
242 1398 464 1435 praeponatur,
495 1397 528 1427 et
565 1395 600 1426 in
631 1395 817 1425 hominibus

113 1440 195 1480 ipsis
210 1442 422 1481 perfectiores
439 1441 686 1478 infirmioribus,
698 1441 816 1471 coelum

114 1488 225 1526 terrae,
243 1489 406 1519 aeternitas
418 1487 574 1526 tempori,
590 1487 697 1518 anima
714 1487 815 1516 carni.

113 1533 261 1564 Attamen
274 1535 309 1564 in
321 1534 404 1564 bene
418 1534 563 1564 ordinata
575 1533 701 1564 actione
717 1541 815 1572 saepe,

114 1579 280 1610 autetiam
297 1588 426 1618 semper
436 1601 445 1617 ,
457 1579 533 1609 ordo
546 1579 710 1618 oppositus
725 1579 816 1610 inve-

113 1624 216 1655 nitur.
232 1625 310 1654 Nam
327 1625 359 1654 et
373 1624 458 1655 circa
480 1624 621 1663 proximi
647 1631 758 1653 curam
783 1624 816 1654 et

114 1668 187 1706 plus
207 1677 379 1708 urgemur,
401 1670 434 1700 et
456 1669 580 1708 pluries
602 1677 814 1707 occupamur3

114 1714 148 1745 et
174 1715 405 1746 infirmioribus
431 1715 586 1746 fratribus
614 1715 814 1753 diligentiori

114 1759 288 1792 sedulitate
324 1761 521 1799 assistimus;
546 1761 580 1791 et
613 1761 686 1799 paci
719 1761 814 1791 terrae

114 1806 234 1844 magis,
249 1814 347 1844 quam
363 1807 436 1837 coeli
458 1807 567 1844 gloriae
578 1807 651 1844 jure
664 1807 815 1836 humani-

112 1851 190 1881 tatis
205 1852 237 1881 et
252 1852 321 1890 ipsa
335 1853 528 1882 necessitate
551 1852 766 1890 intendimus;
781 1853 814 1883 et

114 1897 340 1936 temporalium
354 1897 582 1936 inquietudine
595 1906 743 1927 curarum
755 1898 813 1928 vix

112 1942 237 1980 aliquid
249 1943 371 1972 sentire
384 1943 423 1971 de
433 1943 562 1972 aeternis
573 1944 812 1982 permittimur3

111 1987 145 2017 et
160 1987 367 2024 languoribus
382 1988 484 2017 nostri
509 1989 668 2025 corporis,
683 1989 815 2028 postpo-

112 2033 175 2063 sita
189 2033 304 2062 animae
316 2041 410 2071 cura,
435 2041 520 2071 pene
536 2034 691 2063 continue
711 2034 815 2064 inser-

113 2078 236 2116 vimus3
262 2079 295 2109 et
320 2078 398 2117 ipsis
421 2078 561 2117 denique
583 2079 814 2111 infirmioribus

112 2124 267 2154 membris
280 2125 398 2155 nostris
422 2125 691 2154 abundantiorem
713 2125 814 2156 hono-

112 2178 201 2208 rem,
224 2170 319 2207 juxta
345 2170 540 2200 sententiam
564 2170 725 2208 Apostoli,
749 2171 815 2200 cir-

112 2215 322 2246 cumdamus:
339 2224 398 2254 per
417 2216 477 2245 hoc
496 2215 634 2254 quodam
652 2216 747 2246 modo
766 2216 815 2246 fa-

114 2261 238 2292 cientes
252 2262 388 2292 verbum
402 2262 552 2300 Domini,
568 2262 607 2292 de
619 2271 682 2300 quo
694 2262 811 2293 habes:

112 2308 216 2337 Erunt
239 2308 395 2338 novissimi
414 2309 526 2346 primi,
542 2309 571 2337 et
592 2309 687 2346 primi
713 2310 815 2340 novis-

110 2353 193 2382 simi.
209 2351 361 2382 Orantem
387 2352 529 2390 denique
552 2352 718 2383 hominem
740 2362 813 2385 cum

111 2397 180 2427 Deo
196 2396 286 2434 loqui
306 2397 378 2435 quis
395 2396 684 2435 dubitet3Quoties
704 2399 814 2430 tamen

112 2442 189 2473 inde
220 2443 355 2473 caritate
387 2443 525 2480 jubente
559 2444 752 2475 abducimur
780 2447 814 2477 et

113 2488 286 2519 avellimur
300 2489 432 2527 propter
448 2497 520 2528 eos,
536 2489 592 2528 qui
606 2491 713 2521 nostra
728 2491 814 2521 indi-

113 2534 192 2572 gent
204 2542 302 2572 opera
317 2535 371 2566 vel
383 2535 531 2574 loquela?
545 2536 678 2573 Quoties
692 2537 746 2576 pie
762 2545 814 2567 ce-

113 2578 160 2608 dit
175 2579 377 2617 negotiorum
401 2580 598 2612 tumultibus
621 2582 677 2620 pia
700 2581 814 2620 quies?

113 2623 245 2661 Quoties
265 2624 347 2655 bona
377 2625 573 2658 conscientia
602 2627 734 2666 ponitur
761 2638 813 2661 co-

1494 213 1553 243 515

855 259 918 291 dex
928 282 937 299 ,
952 260 989 291 ut
1000 259 1091 299 operi
1102 268 1257 292 manuum
1272 262 1460 296 insudetur?
1470 267 1555 304 Quo·

854 305 917 336 ties
927 314 983 345 pro
998 306 1262 337 administrandis
1270 308 1409 340 terrenis
1419 331 1429 347 ‚
1441 311 1554 348 justis-

854 351 935 382 sime
961 351 1039 390 ipsis
1070 352 1319 391 supersedemus
1352 354 1554 388 celebrandis

853 398 1021 428 Missarum
1060 397 1246 429 solemniis?
1272 397 1356 428 Ordo
1381 402 1555 437 praeposte-

854 451 908 473 rus
924 452 933 473 z
949 444 1008 474 sed
1026 444 1204 474 necessitas
1228 452 1293 474 non
1314 444 1415 474 hahet
1435 444 1553 482 legem.

852 489 925 526 Agit
937 497 1010 528 ergo
1024 497 1118 520 suurn
1129 489 1264 519 actualis
1279 489 1395 519 caritas
1409 489 1555 520 ordinem

850 533 945 571 juxta
964 534 1067 564 Patris
1090 534 1230 565 familias
1251 534 1452 572 iussionem,
1476 533 1558 564 inci-

853 580 946 617 piens
964 587 982 608 a
1000 580 1196 610 novissimis.
1209 579 1264 610 Pia
1286 580 1374 610 certe
1398 579 1432 609 et
1449 578 1556 617 justa,

853 633 924 662 quae
934 625 1049 655 nonsit
1064 625 1232 663 acceptrix
1252 631 1479 664 personarum3
1495 631 1557 653 nec

853 670 959 707 pretia
974 670 1157 701 consideret
1172 678 1301 708 rerum,
1320 669 1378 701 sed
1388 668 1556 700 hominum

853 715 1076 745 necessitates.

893 760 924 790 6.
941 761 980 791 At
989 768 1052 790 non
1064 761 1110 791 ita
1118 759 1318 791 affectualis:
1330 768 1405 791 nam
1416 759 1558 799 aprimis

854 805 923 843 ipsa
935 805 1026 836 ducit
1039 806 1198 836 ordinem.
1214 807 1267 837 Est
1278 806 1367 836 enim
1378 805 1556 845 sapientia,

852 859 912 890 per
930 860 1027 890 quam
1047 851 1162 890 utique
1185 861 1321 891 quaeque
1345 860 1398 882 res
1426 851 1559 890 sapiunt

852 899 948 935 prout
961 898 1051 928 sunt:
1061 898 1099 928 ut
1113 896 1226 937 (verbi
1242 895 1362 936 gratia)
1371 906 1443 936 quae
1454 896 1557 936 pluris

854 943 967 973 natura
981 943 1096 982 habet,
1112 944 1215 983 pluris
1229 951 1356 982 quoque
1372 943 1440 982 ipsa
1455 942 1557 974 arsec-

854 988 899 1018 tio
913 989 1048 1027 sentiat‚
1064 990 1189 1019 minora
1204 989 1331 1028 minus,
1346 988 1482 1019 minima
1495 988 1558 1018 mi-

851 1034 953 1064 nime.
966 1035 1004 1065 Et
1013 1035 1106 1065 illum
1113 1035 1247 1074 quidem
1254 1035 1400 1065 ordinem
1413 1034 1557 1066 caritatis

852 1081 972 1111 veritas
987 1081 1080 1119 facit,
1094 1081 1181 1111 hunc
1192 1081 1304 1111 autem
1314 1079 1463 1110 veritatis
1474 1080 1554 1110 cari-

852 1126 902 1156 tas
914 1126 1059 1157 vindicat
1071 1126 1146 1156 sibi.
1156 1127 1236 1156 Nam
1253 1126 1286 1156 et
1296 1133 1373 1156 vera
1389 1125 1422 1155 in
1434 1124 1494 1156 hoc
1507 1127 1555 1156 est

852 1171 1033 1210 caritas‚ut
1052 1172 1109 1211 qui
1137 1171 1285 1211 indigent
1300 1172 1456 1211 amplius,
1472 1172 1556 1202 acci-

851 1217 942 1255 piant
952 1218 1043 1256 prius
1056 1227 1064 1248 =
1080 1220 1113 1249 et
1120 1227 1231 1249 rursus
1242 1218 1276 1248 in
1288 1226 1326 1248 eo
1336 1226 1409 1248 cara
1421 1219 1555 1257 apparet

854 1263 991 1301 veritas,
1015 1263 1041 1294 si
1068 1264 1216 1294 ordinem
1240 1264 1389 1294 tenemus
1413 1263 1553 1300 affectu,

851 1317 948 1346 quem
960 1309 1017 1339 illa
1030 1309 1168 1340 ratione.
1182 1310 1230 1340 Tu
1239 1318 1314 1348 ergo
1326 1310 1352 1339 si
1366 1309 1480 1347 diligas
1490 1309 1554 1338 Do-

852 1354 976 1384 minum
988 1356 1092 1385 Deum
1103 1356 1196 1386 tuum
1208 1356 1273 1386 toto
1285 1355 1381 1386 corde
1391 1376 1400 1392 ,
1413 1355 1479 1384 tota
1487 1354 1554 1384 ani-

851 1407 902 1429 ma
912 1421 921 1437 ,
935 1400 1001 1431 tota
1013 1401 1135 1431 virtute
1150 1402 1225 1439 tua3
1242 1403 1275 1432 et
1284 1408 1425 1430 amorem
1436 1399 1555 1430 amoris

851 1445 944 1476 illum
953 1467 962 1484 ‚
975 1455 1038 1484 quo
1051 1447 1200 1477 contenta
1218 1447 1267 1476 est
1278 1445 1394 1475 caritas
1405 1445 1552 1483 actualis,

851 1490 972 1522 affectu
985 1492 1174 1523 ferventiori
1186 1491 1388 1522 transsiliens
1397 1512 1407 1529 ‚
1417 1491 1487 1529 ipso
1502 1499 1553 1521 co-

850 1536 958 1567 minus
970 1536 1082 1568 divino
1091 1546 1200 1568 amore
1213 1536 1224 1576 (
1233 1537 1273 1568 ad
1280 1545 1379 1576 quem
1387 1536 1415 1566 is
1425 1536 1473 1566 est
1481 1544 1554 1574 gra-

851 1580 929 1623 dus)
940 1584 1073 1622 accepto
1093 1583 1128 1614 in
1139 1583 1346 1623 plenitudine
1359 1582 1493 1621 spiritu,
1504 1582 1553 1612 to-

851 1627 902 1658 tus
925 1629 1071 1666 ignescas
1086 1638 1095 1659 z
1112 1630 1196 1668 sapit
1210 1629 1271 1660 tibi
1287 1629 1431 1668 profecto
1445 1629 1551 1666 DeuS,

851 1673 910 1703 etsi
922 1681 988 1703 non
1004 1674 1099 1713 digne
1113 1674 1243 1705 omnino
1257 1674 1353 1713 prout
1365 1673 1430 1711 est,
1448 1671 1552 1711 (quod

851 1719 961 1757 utique
978 1720 1176 1758 impossibile
1193 1721 1242 1751 est
1260 1720 1347 1751 omni
1364 1719 1519 1750 creaturae
1539 1718 1550 1758 )

850 1765 938 1794 certe
967 1766 1064 1804 prout
1084 1767 1176 1796 tuum
1198 1774 1310 1804 sapere
1336 1766 1396 1796 est.
1424 1764 1550 1795 Deinde

849 1809 954 1847 sapies
973 1810 1079 1840 etiam-
1090 1811 1160 1850 ipse
1176 1812 1212 1842 tu
1224 1811 1285 1841 tibi
1300 1810 1397 1850 prout
1408 1818 1459 1847 es,
1476 1818 1550 1840 cum

848 1856 881 1885 te
898 1857 1036 1886 senseris
1050 1857 1096 1886 nil
1112 1857 1233 1887 habere
1250 1865 1398 1896 prorsus,
1409 1854 1496 1886 unde
1516 1856 1550 1885 te

849 1908 955 1939 ames,
970 1901 1033 1931 nisi
1050 1901 1083 1931 in
1105 1902 1260 1940 quantum
1276 1900 1338 1931 Dei
1359 1908 1414 1930 es:
1427 1899 1550 1938 quippe

848 1946 904 1983 qui
921 1946 1025 1976 totum
1038 1947 1125 1977 unde
1140 1955 1244 1985 amas,
1256 1947 1293 1977 in
1315 1947 1409 1977 illum
1426 1945 1551 1976 effude-

848 1991 904 2020 ris.
918 1991 1030 2030 Sapies
1040 2014 1049 2030 ‚
1062 1992 1213 2031 inquam,
1225 1992 1287 2023 tibi
1303 1992 1401 2031 prout
1411 2000 1445 2022 es
1454 2013 1463 2030 ,
1475 1999 1549 2021 cum

848 2036 917 2074 ipso
940 2039 1165 2076 experimento
1187 2038 1305 2069 amoris
1317 2038 1386 2076 tui,
1398 2038 1432 2069 et
1451 2036 1550 2068 affec-

847 2082 945 2112 tionis
967 2092 1063 2122 quam
1084 2084 1124 2114 ad
1138 2084 1279 2124 teipsum
1296 2082 1549 2122 habebis‚nihil

848 2127 980 2166 dignum
1002 2130 1035 2160 te
1065 2137 1134 2161 esse
1155 2129 1322 2168 invenies,
1346 2129 1433 2168 quod
1451 2128 1507 2161 vel
1530 2136 1548 2158 a

848 2173 952 2212 teipso
968 2176 1110 2213 ametur,
1122 2175 1186 2206 nisi
1197 2176 1330 2215 propter
1340 2175 1447 2214 ipsum
1456 2195 1466 2214 2
1478 2173 1549 2205 sine

847 2228 910 2259 quo
926 2219 994 2258 ipse
1007 2229 1041 2251 es
1052 2221 1148 2251 nihil.

888 2265 919 2294 7.
935 2264 1006 2294 Jam
1017 2273 1094 2295 vero
1110 2265 1296 2304 proximus,
1307 2273 1406 2305 quem
1416 2272 1496 2296 vere
1514 2264 1548 2294 te

848 2311 975 2348 oportet
995 2311 1132 2350 diligere
1153 2312 1318 2351 tamquam
1336 2312 1497 2350 teipsum,
1512 2310 1549 2341 ut

848 2355 910 2385 tibi
926 2357 959 2387 et
974 2357 1043 2395 ipse
1058 2357 1162 2397 sapiat
1172 2359 1268 2397 prout
1279 2358 1345 2396 est,
1360 2357 1446 2387 haud
1459 2355 1548 2387 aliud

847 2401 992 2440 profecto
1007 2403 1112 2442 sapiet
1126 2404 1189 2435 tibi
1199 2426 1208 2442 ‚
1224 2412 1320 2443 quam
1339 2403 1376 2434 tu
1393 2402 1454 2433 tibi
1464 2423 1474 2440 ‚
1488 2399 1545 2439 qui

847 2447 908 2478 hoc
923 2449 973 2480 est
992 2450 1078 2488 quod
1097 2450 1157 2480 tu:
1175 2451 1224 2481 est
1244 2450 1333 2481 enim
1357 2449 1464 2479 homo.
1483 2445 1543 2484 Qui

847 2493 957 2533 itaque
972 2495 1005 2526 te
1027 2504 1092 2526 non
1117 2496 1244 2535 diligis,
1258 2496 1321 2527 nisi
1336 2496 1411 2534 quia
1436 2492 1546 2531 diligis

846 2540 972 2579 Deum3
988 2542 1225 2581 consequenter
1244 2550 1354 2573 omnes
1374 2539 1429 2578 qui
1452 2537 1544 2568 simi-

847 2585 924 2616 liter
952 2586 1092 2627 diligunt
1122 2595 1215 2625 eum,
1245 2586 1352 2625 diligis
1380 2586 1542 2623 tamquam

849 2631 999 2670 teipsum.
1030 2632 1125 2664 Porro
1158 2632 1326 2662 inimicum
1358 2629 1540 2665 hominem,
