1846 3078
474 215 517 243 IN
543 212 741 243 CANTICA
762 211 911 240 SERMO
935 210 1126 238 LXXXIV.

86 271 305 302 mercenarius
328 277 394 300 non
416 269 476 299 est.
496 269 600 298 Purus
627 275 715 298 amor
743 266 800 296 de'

85 326 142 356 spe
162 318 251 347 vires
271 324 335 346 non
355 315 473 353 sumit,
488 322 549 345 nec
571 314 682 344 tamen
698 312 785 342 diffi-

85 364 203 394 dentiae
226 363 341 392 damna
364 361 475 391 sentit.
492 360 623 399 Sponsae
644 359 696 390 hic
718 358 784 397 est,

85 409 162 447 quia
187 409 248 438 hoc
273 414 389 445 sponsa
413 406 462 437 est
487 413 699 444 quaecumque
725 405 784 434 est.

85 454 214 492 Sponsae
232 461 284 483 res
309 453 341 483 et
358 460 430 491 spes
446 460 528 481 unus
541 451 589 481 est
603 459 703 480 amor.
720 451 787 480 Hoc

85 507 201 537 sponsa
231 498 393 536 abundat,
433 497 494 527 hoc
527 497 702 527 contentus
738 496 786 526 est

85 553 231 583 sponsus.
248 545 313 574 Nec
336 544 363 573 is
378 544 467 573 aliud
489 543 624 582 quaerit,
644 550 705 572 nec
730 542 787 571 illa

84 590 175 620 aliud
189 590 298 620 habet.
310 590 391 619 Hinc
403 590 459 618 ille
472 596 618 626 sponsus,
630 588 662 617 et
673 594 788 626 sponsa

84 637 142 667 illa
157 637 216 666 est.
234 637 262 665 Is
278 644 411 674 sponsus
433 634 585 673 proprius
602 635 668 670 est,
689 641 787 671 quem

85 682 168 712 alter
183 689 278 710 nemo
294 681 452 718 attingat,
468 688 529 709 nec
544 679 630 708 filius
641 677 786 716 quidem.

84 726 233 764 Denique
246 726 285 756 ad
303 726 386 755 filios
401 726 519 755 clamat
535 734 543 754 ε
565 725 622 756 Ubi
633 726 675 754 est
690 724 789 752 honor

83 772 191 803 meus?
207 773 240 802 et
251 780 315 802 non
326 794 334 810 ,
348 772 409 801 Ubi
426 772 474 801 est
490 779 579 800 amor
593 778 684 799 meus
696 768 787 805 dicit,

84 827 216 849 servans
241 827 363 857 sponsae
383 815 642 855 praerogativam.
668 814 731 844 Sed
754 814 787 843 et

82 864 216 902 jubetur
241 865 337 894 homo
361 863 520 892 honorare
546 861 674 898 patrem
695 868 789 889 suum

86 911 120 940 et
133 910 272 939 matrem
286 917 394 946 suam,
412 908 444 938 et
468 908 507 937 de
524 914 632 936 amore
648 906 787 935 tacetur.

85 956 153 984 Non
169 955 244 993 quia
268 962 334 983 non
356 952 484 982 amandi
508 952 573 982 sint
596 951 747 989 parentes
772 957 790 979 a

85 1000 179 1037 filiis,
197 999 253 1029 sed
277 999 354 1037 quia
368 997 463 1027 multi
476 997 616 1026 filiorum
631 996 789 1024 honorare

85 1046 237 1085 parentes
266 1044 388 1082 magis,
415 1051 513 1081 quam
542 1049 650 1071 amare
681 1040 789 1069 affecti

85 1093 172 1121 sunt.
194 1090 267 1120 Esto
291 1089 378 1128 quod
403 1089 505 1118 honor
527 1087 612 1125 regis
629 1085 790 1123 judicium

86 1136 217 1175 diligatz
228 1136 285 1166 sed
303 1134 411 1173 sponsi
423 1142 524 1171 amor,
540 1133 638 1162 immo
655 1140 791 1169 sponsus

86 1184 182 1213 Amor
208 1183 310 1212 solam
335 1180 453 1210 amoris
467 1179 575 1210 vicem
596 1178 734 1216 requirit
759 1178 791 1207 et

86 1229 195 1258 fidem.
212 1227 323 1257 Liceat
342 1225 480 1265 proinde
503 1225 671 1255 redamare
688 1224 791 1253 dilec-

86 1275 165 1304 tam.
192 1273 313 1310 Quidni
339 1272 426 1302 amet
450 1278 584 1309 sponsa,
614 1271 647 1299 et
676 1277 791 1308 sponsa

87 1318 229 1350 Amoris?
243 1318 362 1356 Quidni
375 1319 502 1347 ametur
516 1314 631 1346 Amor?

133 1365 163 1395 6.
187 1365 300 1394 Merito
329 1363 454 1393 cunctis
479 1362 672 1392 renuntians
696 1361 793 1390 affec-

87 1410 230 1440 tionibus
259 1409 349 1446 aliis,
383 1408 443 1438 soli
474 1409 506 1438 et
533 1408 601 1438 tota
631 1407 792 1437 incumbit

88 1456 209 1492 amori,
223 1464 293 1493 quae
309 1454 370 1493 ipsi
379 1454 575 1492 respondere
584 1453 684 1482 amori
694 1452 793 1482 habet

88 1502 122 1531 in
144 1501 344 1531 redhibendo
360 1508 479 1529 amore.
502 1500 581 1528 Nam
606 1499 639 1528 et
660 1507 733 1528 cum
757 1506 791 1528 se

87 1548 189 1577 totam
215 1546 366 1576 effuderit
388 1546 423 1574 in
447 1553 609 1582 amorem,
635 1546 792 1583 quantum

88 1592 138 1622 est
153 1592 213 1621 hoc
229 1591 268 1620 ad
284 1591 373 1621 illius
391 1590 488 1621 fontis
506 1598 650 1628 perenne
674 1590 794 1628 proflu-

87 1637 197 1668 vium?
220 1638 289 1667 Non
309 1638 405 1675 plane
427 1637 498 1675 pari
521 1637 671 1666 ubertate
688 1636 793 1667 fluunt

88 1691 200 1714 amans
233 1683 266 1712 et
292 1683 406 1720 Amor,
432 1681 542 1711 anima
574 1681 607 1711 et
627 1682 792 1718 Verbum,

88 1737 202 1767 sponsa
218 1728 250 1758 et
265 1727 422 1766 Sponsus,
434 1727 565 1757 Creator
576 1726 609 1756 et
625 1727 772 1756 creatura
783 1748 792 1763 ,

89 1783 155 1804 non
171 1774 271 1812 magis
296 1782 391 1812 quam
418 1773 534 1803 sitiens
561 1772 595 1803 et
609 1772 690 1802 fons.
710 1772 793 1810 Quid

90 1819 187 1858 ergo?
203 1819 325 1848 Peribit
345 1818 479 1856 propter
501 1818 581 1856 hoc,
607 1818 641 1848 et
667 1826 710 1848 ex
726 1818 792 1848 toto

90 1864 301 1894 evacuabitur
308 1865 458 1902 nupturae
465 1864 587 1901 votum,
597 1862 793 1893 desiderium

89 1910 299 1948 suspirantis,
315 1909 453 1940 amantis
468 1909 579 1947 ardor,
596 1917 795 1948 praesumen-

88 1956 132 1986 tis
147 1955 263 1986 fiducia
274 1977 283 1993 ,
295 1955 371 1994 quia
382 1963 444 1985 non
454 1956 543 1985 valet
559 1963 602 1985 ex
616 1963 707 1993 aequo
722 1964 794 1985 cur-

90 2010 162 2032 rere
177 2010 250 2031 cum
266 2001 410 2040 gigante,
424 2001 596 2031 dulcedine
609 2010 682 2032 cum
697 2002 793 2031 melle

90 2047 306 2085 contendere,
328 2048 465 2078 lenitate
487 2056 561 2078 cum
586 2055 687 2085 agno,
718 2056 794 2077 can-

90 2093 168 2123 dore
197 2102 272 2123 cum
306 2094 399 2133 lilio,
428 2094 577 2124 claritate
606 2103 681 2124 cum
709 2094 793 2131 sole,

91 2139 226 2169 caritate
252 2148 325 2169 cum
342 2148 379 2169 eo
403 2139 458 2177 qui
480 2140 595 2169 caritas
621 2139 693 2169 est?
713 2140 792 2169 Non.

90 2185 170 2214 Nam
182 2184 243 2215 etsi
257 2185 366 2214 minus
386 2185 494 2223 diligit
522 2184 688 2222 creatura,
714 2193 796 2223 quo-

91 2229 182 2260 niam
209 2230 318 2260 minor
338 2232 403 2269 est;
431 2232 542 2261 tamen
557 2230 583 2261 si
612 2238 657 2260 ex
676 2230 742 2260 tota
760 2239 792 2260 se

91 2274 200 2312 diligit
214 2297 224 2313 ,
262 2276 346 2305 nihil
378 2276 472 2306 deest
502 2276 559 2306 ubi
592 2276 698 2306 totum
732 2276 792 2306 est.

90 2322 264 2360 Propterea
281 2319 291 2360 (
308 2322 344 2351 ut
372 2321 469 2360 dixi)
492 2322 537 2352 sic
558 2330 686 2359 amare,
714 2330 795 2360 nup-

96 2366 171 2397 sisse
187 2367 258 2397 est:
275 2367 429 2405 quoniam
451 2375 516 2396 non
537 2367 646 2405 potest
672 2367 718 2396 sic
745 2368 795 2397 di-

92 2413 212 2450 ligere,
235 2412 269 2442 et
293 2421 408 2450 parum
435 2412 552 2442 dilecta
575 2420 664 2450 csse,
693 2414 733 2443 ut
761 2413 794 2442 in

92 2465 251 2487 consensu
265 2457 399 2487 duorum
414 2457 574 2495 integrum
591 2457 654 2488 stet
669 2457 796 2495 perfec-

92 2505 227 2541 tumque
250 2503 458 2533 connubium.
475 2503 542 2532 Nisi
558 2503 630 2541 quis
643 2502 792 2542 dubitet,

91 2549 233 2579 animam
245 2557 263 2578 a
275 2549 380 2579 Verbo
395 2549 427 2579 et
441 2549 530 2587 prius
539 2549 653 2587 amari,
667 2550 699 2579 et
710 2550 795 2588 pluS.

92 2595 222 2625 Prorsus
237 2595 270 2624 et
286 2595 488 2633 praevenitur
503 2595 639 2624 amando
649 2617 658 2632 ‚
675 2596 708 2625 et
721 2596 794 2625 vin-

95 2641 193 2672 citur.
208 2641 301 2672 Felix
312 2662 321 2680 ,
341 2649 412 2680 quae
427 2641 549 2672 meruit
571 2641 746 2680 praeveniri
762 2642 795 2672 in

1457 215 1514 245 427

818 265 916 296 tantae
937 264 1165 294 benedictione
1190 264 1385 298 dulcedinis!
1402 270 1512 307 Felix,

820 310 872 339 cui
898 309 994 339 tantae
1017 308 1185 339 suavitatis
1200 310 1403 346 complexum
1416 322 1516 351 expo-

820 354 878 384 riri
894 354 1045 384 donatum
1072 353 1137 383 est!
1163 353 1253 391 Quod
1268 362 1330 383 non
1345 357 1393 385 est
1408 358 1495 387 aliud
1506 380 1515 396 ,

820 408 917 438 quam
932 408 1020 429 amor
1028 399 1156 430 sanctus
1167 399 1200 429 et
1214 400 1320 428 castus
1330 421 1339 436 ,
1352 408 1439 430 amor
1449 411 1519 432 sua-

821 446 870 476 vis
886 446 919 476 et
942 445 1064 482 dulcis3
1091 453 1179 474 amor
1200 444 1296 473 tantae
1318 445 1519 484 serenitatis,

801 499 802 506 ¹
821 490 949 529 quantae
973 491 1007 521 et
1028 489 1242 528 sinceritatis;
1266 497 1354 518 amor
1373 490 1522 528 mutuus,

822 537 954 566 intimus
965 558 974 574 ,
990 536 1183 574 validusque
1196 558 1206 574 ,
1222 535 1277 574 qui
1300 542 1363 564 non
1380 534 1412 563 in
1427 543 1523 565 carne

822 590 905 620 una,
921 582 977 611 sed
992 590 1056 612 uno
1071 582 1166 619 plane
1186 581 1220 610 in
1233 580 1347 619 spiritu
1362 579 1441 609 duos
1453 578 1527 616 jun·

822 628 893 665 gat,
922 627 1002 656 duos
1031 627 1129 657 faciat
1154 626 1221 664 jam
1245 633 1310 655 non
1336 625 1433 662 duos,
1463 625 1522 654 sed

823 680 942 710 unum,
958 672 1056 702 Paulo
1086 673 1132 701 ila
1155 671 1304 702 dicente:
1323 672 1382 710 Qui
1393 670 1527 700 adhaeret

822 719 903 753 Deo,
920 726 999 747 unus
1027 717 1150 755 spIritns
1176 718 1230 747 est.
1256 716 1294 746 Et
1314 723 1401 745 nunc
1416 714 1527 753 potius

824 770 895 792 eam
911 771 1008 800 super
1033 762 1084 791 his
1109 761 1296 799 audiamus,
1312 769 1409 799 quam
1431 760 1528 791 facile

823 808 1008 847 magistram
1020 808 1060 838 de
1077 808 1225 838 omnibus
1234 807 1312 837 fecit
1328 808 1361 837 et
1376 806 1528 845 magistra

823 853 953 890 unctio,
984 854 1017 883 et
1046 853 1198 891 frequens
1217 852 1433 891 experientia.
1462 850 1529 881 Nisi

826 898 905 929 forte
921 899 954 928 id
969 899 1084 929 melius
1097 906 1261 928 servamus
1271 899 1302 927 in
1311 897 1399 927 aliud
1408 905 1529 927 sermo-

824 944 874 974 nis
888 944 1085 983 principium
1095 966 1103 982 ,
1116 952 1158 974 ne
1174 952 1244 973 rem
1256 944 1372 973 bonam
1388 943 1529 972 coarcte·

825 997 896 1019 mus
912 991 997 1020 inter
1012 989 1174 1027 angustias
1200 989 1297 1027 hujus
1319 988 1386 1026 jam
1407 997 1529 1028 prope-

825 1036 955 1065 modum
980 1035 1126 1065 finiendi.
1152 1035 1189 1064 Et
1214 1034 1240 1064 si
1263 1033 1425 1072 probatis,
1448 1033 1530 1063 facio

826 1081 922 1111 finem
949 1082 1049 1111 etiam
1075 1081 1149 1110 ante
1171 1081 1269 1110 finem
1292 1088 1301 1110 ε
1328 1080 1365 1110 ut
1380 1079 1528 1109 famelici

826 1127 1022 1165 tempestive
1048 1126 1279 1157 conveniamus
1298 1134 1366 1155 cras
1392 1125 1432 1155 ad
1448 1125 1529 1155 deli-

827 1172 891 1201 cias
913 1172 1031 1202 sanctae
1056 1172 1171 1201 animae
1185 1193 1194 1209 ,
1220 1171 1335 1210 quibus
1354 1171 1448 1201 beata
1460 1178 1530 1201 me-

826 1219 916 1248 retur
940 1218 1004 1248 frui
1030 1226 1102 1248 cum
1123 1219 1254 1255 Verbo,
1280 1218 1314 1247 et
1337 1217 1377 1247 de
1402 1217 1528 1254 Verbo,

826 1273 940 1303 sponso
952 1265 1066 1302 utique
1077 1272 1133 1294 suo
1145 1285 1154 1302 ,
1169 1264 1246 1293 Jesu
1254 1263 1378 1293 Christo
1391 1263 1530 1294 Domino

826 1311 949 1348 nostro,
963 1310 1019 1349 qui
1037 1310 1085 1340 est
1101 1318 1198 1349 super
1214 1309 1321 1339 omnia
1333 1311 1419 1340 Deus
1429 1309 1530 1341 bene-

827 1356 932 1388 dictus
946 1356 980 1387 in
995 1357 1130 1395 saecula,
1157 1364 1264 1386 amen.

967 1479 1026 1512 SE
1031 1479 1139 1512 RMO
1178 1478 1397 1512 LXXXIV.

827 1556 912 1589 Quod
923 1557 1017 1580 anima
1029 1563 1160 1587 quaerens
1170 1557 1262 1580 Deum
1272 1555 1435 1586 {praeventa
1447 1557 1484 1580 est
1496 1555 1532 1579 ab

857 1599 887 1616 eo
900 1600 906 1616 :
920 1597 945 1615 et
960 1592 1029 1622 quid
1043 1592 1076 1615 sit
1094 1592 1143 1615 illa
1155 1592 1282 1623 quaesitio
1294 1608 1301 1622 ,
1313 1591 1344 1615 in
1358 1598 1414 1622 qua
1424 1591 1483 1621 jam
1496 1591 1530 1614 ab

856 1635 887 1651 eo
899 1630 1044 1658 praeventa
1060 1629 1108 1653 est.

867 1685 898 1715 1.
914 1686 951 1715 In
978 1685 1086 1715 lectulo
1111 1692 1178 1714 meo
1205 1692 1260 1723 per
1285 1684 1387 1714 noctes
1408 1684 1533 1722 quoesivi

827 1739 916 1768 quem
930 1731 1025 1768 diliqit
1033 1731 1141 1760 anima
1151 1738 1232 1759 mea.
1241 1729 1397 1759 MAGNUM
1408 1736 1530 1759 BONUM

826 1783 970 1813 quaerere
988 1775 1105 1804 Deum.
1121 1775 1185 1812 Ego
1200 1773 1261 1804 hoc
1277 1774 1362 1803 nulii
1387 1774 1422 1803 in
1437 1773 1531 1803 bonis

827 1821 942 1850 animae
954 1820 1133 1851 secundum
1149 1819 1316 1850 existimo.
1331 1819 1474 1848 Primum
1496 1819 1531 1849 in

827 1866 920 1896 donis
930 1887 939 1904 ,
956 1867 1109 1896 ultimum
1122 1865 1156 1895 in
1171 1865 1371 1903 profectibus
1386 1865 1446 1894 est.
1460 1864 1533 1894 Vir-

828 1913 933 1942 tulum
960 1912 1042 1942 nulli
1070 1911 1213 1949 accedit,
1240 1911 1327 1941 cedit
1355 1911 1449 1940 nulli.
1472 1911 1531 1940 Cui

827 1958 974 1995 accedat,
990 1966 1086 1996 quam
1098 1957 1187 1987 nulla
1202 1955 1378 1995 praecedit?
1402 1956 1460 1986 Cui
1479 1964 1532 1985 ce-

828 2005 899 2041 dat,
915 2012 987 2042 quae
1010 2003 1157 2033 omnium
1173 2003 1274 2041 magis
1296 2002 1532 2033 consummatio

828 2049 897 2080 est?
915 2051 994 2087 Quae
1022 2049 1108 2079 enim
1133 2048 1237 2079 virtus
1263 2048 1404 2078 adscribi
1432 2048 1534 2086 possit

827 2104 890 2126 non
905 2096 1063 2134 quaerenn
1078 2096 1200 2132 Deum,
1219 2094 1276 2124 aut
1287 2094 1360 2132 quis
1372 2094 1533 2123 terminus

826 2139 984 2180 quaerenti
994 2141 1096 2169 Deum
1105 2139 1255 2178 3'Q1coerile
1265 2160 1274 2175 ,
1288 2138 1411 2176 inquit,
1421 2139 1532 2176 faciem

825 2189 890 2224 ejus
901 2195 1029 2224 semper.
1045 2185 1201 2215 Existimo
1211 2206 1220 2222 ,
1232 2185 1308 2223 quia
1320 2192 1379 2214 nec
1395 2192 1468 2213 cum
1482 2183 1532 2214 in-

826 2234 944 2262 ventus
968 2231 1085 2269 fuerit,
1103 2230 1282 2260 cessabitur
1304 2238 1322 2259 a
1342 2230 1530 2268 quaerendo.

826 2278 900 2307 NON
925 2277 1044 2315 pedum
1079 2276 1245 2315 passibus,
1271 2275 1328 2305 sed
1364 2275 1533 2305 desideriis

826 2323 982 2361 quaeritur
998 2323 1096 2352 Deus.
1112 2322 1149 2351 Et
1164 2321 1278 2359 utique
1300 2328 1363 2350 non
1379 2319 1532 2350 extundit

828 2368 1027 2398 desiderium
1039 2368 1186 2398 sanctum
1199 2367 1279 2396 felix
1293 2365 1440 2395 inventio
1451 2386 1459 2401 ,
1475 2364 1531 2393 sed

828 2413 989 2443 extendit.
1000 2412 1160 2451 Numquid
1169 2410 1401 2442 consummatio
1410 2408 1530 2446 gaudii,

829 2458 983 2489 desiderii
999 2457 1199 2496 consumptio
1216 2456 1284 2486 est?
1305 2455 1412 2483 Oleum
1429 2452 1531 2490 magis

829 2505 878 2534 est
904 2504 954 2533 illi
973 2513 981 2533 ε
998 2512 1072 2533 nam
1099 2503 1207 2541 ipsum
1231 2501 1370 2531 flamma.
1389 2498 1440 2527 Sic
1468 2499 1527 2527 est.

829 2550 1067 2588 Adimplebitur
1082 2548 1213 2579 laetitia:
1227 2545 1282 2576 sed
1298 2543 1449 2574 desiderii
1465 2551 1528 2573 non

831 2596 894 2627 erit
909 2596 981 2626 finis
993 2618 1002 2634 ,
1014 2604 1050 2625 ac
1065 2603 1124 2633 per
1138 2595 1197 2623 hoc
1213 2599 1273 2621 nec
1288 2589 1464 2628 quaerendi.
1481 2589 1528 2618 Tu

831 2650 908 2673 vero
933 2642 1036 2681 cogita
1046 2662 1055 2680 ,
1070 2640 1096 2670 si
1123 2639 1230 2678 potes,
1255 2633 1444 2676 quaeritandi
1469 2634 1530 2665 hoc
