1846 3078
565 270 609 297 1N
633 268 830 297 CANTICA
852 267 1000 295 SERMO
1024 268 1149 296 LXIII.

154 323 263 363 prium
285 323 478 354 erubescens
494 323 675 361 judicium,
696 323 764 360 ipse
784 330 851 351 suae

154 370 350 400 confusionis
372 370 405 399 et
426 369 640 408 poenitudinis
663 369 756 399 testis
777 368 849 397 est:

153 415 222 445 sive
235 415 320 453 quod
328 416 431 445 oderit
441 415 605 445 hominem
614 422 721 444 amore
732 413 852 451 dignis-

153 461 288 499 simum,
323 463 392 491 sive
425 462 510 500 quod
541 462 696 491 dilexerit
724 460 850 490 tantum

153 506 253 536 verbo
278 508 311 536 et
332 508 441 545 lingua
463 516 556 545 eum,
578 516 595 537 a
617 515 679 545 quo
701 514 736 536 se
759 506 851 544 diligi

151 558 248 589 opere
265 554 297 582 et
312 553 449 584 veritate
459 554 512 584 vel
524 561 595 584 sero
610 553 766 590 expertus
780 550 852 581 est?

149 596 270 634 Captus
298 599 393 636 plane
407 622 416 637 ,
434 600 467 629 et
491 600 603 637 captus
623 597 777 634 Domino,
799 605 852 627 se-

151 644 294 673 cundum
315 645 400 682 quod
420 644 613 674 nominatim
629 645 696 682 ipse
717 650 852 681 expres-

148 688 194 718 sit
213 691 361 728 :Ca11ite,
394 690 543 729 inquiens
557 712 566 728 ,
594 690 692 720 nobis.
721 689 851 718 Utinam

152 741 210 771 ego
226 744 338 766 omnes
353 737 561 766 adversantes
572 736 652 764 mihi
670 734 740 764 sine
757 741 851 764 causa

152 778 198 809 ita
224 789 339 819 capere
359 782 500 820 possim,
520 782 557 810 ut
575 780 700 810 Christo
719 787 774 809 eos
800 779 851 809 vel

148 825 319 854 restituam
331 847 342 862 ,
355 825 408 854 vel
424 825 605 862 acquiram!
627 824 697 862 Sic,
713 824 759 854 sic
775 832 853 853 con-

148 869 326 899 fundantur
348 871 381 899 et
395 870 609 901 revereantur
630 870 685 909 qui
702 869 852 908 quaerunt

150 915 295 944 animam
311 923 419 945 meam
432 937 441 953 ,
468 916 657 946 avertantur
675 917 851 945 retrorsum

147 959 183 989 et
199 961 414 999 erubescant,
430 961 486 999 qui
503 961 618 991 volunt
638 961 721 991 mihi
741 961 825 990 mala
841 969 849 989 :

147 1007 310 1043 quatenus
349 1006 501 1036 inveniar
530 1007 564 1036 et
591 1007 660 1045 ipse
695 1006 851 1037 obediens

148 1059 281 1090 sponso,
297 1053 334 1083 ut
352 1053 478 1091 capiam
494 1054 527 1083 et
551 1053 621 1091 ipse
637 1053 770 1091 vulpes,
785 1060 851 1081 non

147 1097 246 1135 mihi,
258 1098 313 1128 sed
329 1098 402 1136 ipsi.
416 1098 477 1128 Sed
491 1098 678 1128 reflectatur
692 1105 795 1127 sermo
811 1096 850 1127 ad

147 1143 197 1172 sui
220 1144 420 1182 principium
434 1166 443 1182 ,
470 1145 507 1174 ut
529 1152 587 1174 suo
610 1143 724 1174 ordine
749 1144 850 1174 series

147 1190 386 1227 explanationis
398 1190 564 1228 procedat.

188 1235 218 1264 5.
237 1237 341 1274 Capite
361 1236 449 1265 ‘nobis
469 1236 574 1273 culpes
593 1235 761 1274 parvulas,
782 1244 849 1274 quoe

146 1281 355 1311 demoliuntur
375 1283 493 1311 vineas.
509 1281 611 1310 Locus
627 1281 758 1311 moralis
781 1282 848 1319 est3

145 1325 181 1355 et
202 1326 299 1363 juxta
320 1334 447 1356 morum
473 1327 677 1365 disciplinam
701 1335 760 1357 nos
783 1327 847 1364 iani

146 1371 363 1410 ostendimus,
382 1373 568 1410 spirituales
585 1373 642 1402 has
657 1372 770 1402 vineas
785 1381 848 1403 non

146 1417 209 1447 nisi
244 1418 431 1455 spirituales
463 1419 551 1448 viros
578 1427 649 1448 esse
675 1427 684 1448 ε
711 1428 847 1457 quorum

145 1471 220 1493 cum
236 1464 344 1493 omnia
357 1464 512 1494 interiora
529 1464 615 1494 culta
631 1465 712 1502 sint,
726 1466 848 1494 omnia—

147 1517 211 1546 que
234 1510 469 1547 germinantia,
493 1511 602 1539 omnia
619 1511 847 1541 fructificantia

146 1554 180 1584 et
203 1555 419 1593 parturientia
446 1555 597 1593 spiritum
621 1556 751 1594 salutis,
768 1566 847 1595 quo-

145 1601 240 1630 modo
256 1601 295 1631 de
311 1609 410 1639 regno
425 1601 486 1631 Dei
508 1601 633 1631 dictum
649 1603 698 1632 est
719 1611 728 1631 τ
745 1603 792 1633 ita
807 1604 845 1633 de

147 1646 198 1676 his
212 1646 319 1676 vineis
332 1646 464 1676 Domini
480 1647 614 1676 sabaoth
630 1656 721 1686 aeque
737 1648 845 1679 dicere

145 1699 335 1728 possumus,
361 1691 517 1728 quoniam
549 1692 635 1721 intra
669 1700 728 1722 nos
760 1695 845 1724 sunt.

147 1737 295 1775 Denique
318 1737 353 1766 in
377 1737 552 1774 Evangelio
576 1738 711 1776 legitur,
737 1738 846 1769 datum

144 1782 187 1811 iri
218 1783 369 1821 gentibus
394 1791 530 1822 regnum
556 1784 616 1813 Dei
652 1784 847 1816 facientibus

145 1828 269 1858 fructus
284 1829 365 1865 ejus.
383 1829 424 1857 Hi
449 1830 523 1858 sunt
539 1837 617 1867 ques
631 1830 749 1861 Paulus
765 1839 849 1861 enu-

144 1875 265 1911 merat,
281 1874 392 1904 dicens
409 1883 416 1902 :
434 1876 566 1904 Fructus
591 1877 694 1904 autem
716 1877 848 1914 Spiritus

143 1921 187 1949 cst
211 1921 346 1956 caritas,
370 1921 535 1959 gaudium,
560 1929 644 1958 pax,
676 1923 845 1959 patientia,

143 1965 364 2003 lonqam'mitas
374 1987 384 2002 ‚
402 1965 539 2001 bonitas,
558 1965 743 2004 beniqnz‘tas,
758 1976 847 1997 man-

142 2012 284 2047 suetudo,
317 2012 408 2048 fides,
443 2012 609 2047 modestia,
638 2014 845 2050 continentia,

143 2058 277 2086 caecitas.
291 2057 446 2086 Fmsscrus
462 2063 527 2086 lsri
538 2078 546 2092 ,
560 2064 751 2088 PROFECTUS
768 2066 847 2089 Nos—

143 2109 215 2132 ·rni.
232 2102 272 2131 Ili
288 2102 414 2140 accepti
439 2110 573 2140 sponso,
589 2103 666 2140 quia
692 2103 754 2141 ipsi
771 2113 845 2133 cura

143 2149 194 2178 est
209 2148 248 2177 de
264 2148 368 2177 nobis.
385 2148 467 2177 Num
484 2148 523 2177 de
540 2149 690 2185 virgultis
705 2158 782 2178 cura
799 2152 846 2181 est

142 2193 230 2224 Deo?
242 2194 414 2231 Homines,
427 2201 492 2222 non
506 2193 635 2223 arbores
647 2195 731 2223 amat
744 2195 845 2225 Homo

141 2240 248 2276 Deus,
265 2240 296 2268 et
311 2239 436 2268 nostros
451 2238 618 2276 profectus
634 2248 707 2270 suos
723 2240 845 2271 fructus

143 2285 284 2322 reputat.
301 2286 442 2322 Tempus
457 2284 572 2314 horum
597 2285 773 2324 diligenter
788 2287 845 2316 oli-

143 2330 268 2366 servat,
286 2330 410 2359 arridet
434 2331 685 2368 apparentibus,
709 2333 742 2361 et
756 2333 845 2362 solli-

143 2376 226 2405 citus
249 2375 365 2412 satagit
395 2383 436 2404 ne
464 2376 602 2412 pereant
626 2376 739 2414 nobis,
768 2386 843 2407 cuin

143 2421 370 2459 apparuerint3
397 2420 496 2449 immo
531 2429 609 2451 vero
634 2430 675 2451 ne
707 2424 845 2459 pereant

143 2467 205 2497 sibi
229 2475 287 2496 :se
314 2467 402 2496 enim
428 2467 559 2504 reputat
583 2468 747 2505 tamquam
774 2477 842 2498 nos.

143 2513 282 2552 Ideoque
298 2511 473 2550 providens
489 2512 559 2550 capi
576 2512 638 2542 sibi
656 2513 751 2549 jubet
766 2514 846 2544 insi-

143 2559 270 2588 diantes
283 2558 473 2596 vulpeculas
483 2580 491 2595 ,
504 2566 545 2587 ne
562 2559 709 2588 novellos
723 2558 844 2590 fructus

143 2605 222 2642 ipsae
246 2603 447 2642 praeripiant.
466 2605 588 2642 Caplte,
610 2605 731 2643 inquit,
756 2607 841 2638 nobis

143 2650 245 2689 culpes
253 2650 400 2688 parvulas
410 2671 419 2686 ‚
432 2658 500 2688 quae
513 2651 717 2681 demoliuntur
727 2653 842 2683 vineas.

143 2695 182 2725 Et
197 2694 286 2733 quasi
304 2695 376 2733 quis
390 2694 496 2732 dicat,
512 2696 718 2733 Prcepropere
735 2697 843 2736 times,

1519 273 1579 303 5553

886 322 1026 351 nondum
1048 323 1141 353 venit
1166 322 1331 353 fructuum
1354 325 1494 364 teinpus.
1510 329 1577 358 Non

885 368 932 397 est
946 367 991 398 ita
1001 390 1010 406 ,
1022 367 1128 406 inquit
1139 377 1231 398 :nam
1243 369 1332 397 vinea
1343 372 1448 400 nostra
1461 373 1576 408 florui!-

884 413 955 442 Post
969 413 1064 443 flores
1079 422 1143 443 non
1158 414 1206 444 est
1221 413 1384 443 fructuum
1398 423 1486 444 mora
1499 425 1507 444 ε
1525 418 1580 445 ad-

886 459 946 488 huc
958 459 1025 489 illis
1040 460 1230 490 cadentibus
1239 460 1292 490 isti
1303 462 1477 498 erumpunt
1492 462 1578 499 ilico,

885 504 958 534 ilico
973 505 1138 544 incipiunt
1152 514 1322 544 apparere.

922 550 952 580 6.
987 552 1140 582 Parabola
1164 552 1225 582 ista
1251 551 1402 582 instantis
1427 552 1476 581 est
1498 551 1582 580 tem-

885 596 980 632 poris,
1012 597 1139 628 Videtis
1165 598 1242 628 istos
1276 596 1444 627 Novitios?
1474 597 1581 633 Nuper

884 644 1061 681 venerunt,
1088 652 1195 682 nuper
1228 643 1377 674 conversi
1403 643 1488 673 sunt.
1514 643 1582 671 Non

882 695 1051 724 possumus
1075 689 1115 718 de
1138 690 1216 727 ipsis
1240 690 1367 727 dicere,
1383 689 1460 727 quia
1484 688 1582 718 vinca

882 734 989 763 nostra
1002 734 1129 764 floruit:
1140 735 1234 765 floret
1246 735 1344 764 enim.
1355 735 1489 764 Interim
1498 732 1584 772 quod

882 777 915 806 in
933 778 981 807 eis
996 787 1154 817 apparere
1174 780 1313 817 videtis,
1329 779 1387 809 ssos
1404 780 1452 809 est
1469 787 1476 807 :
1495 778 1585 808 fruc-

883 825 973 852 tuum
1009 826 1138 863 tempus
1171 825 1316 855 nondum
1340 824 1485 855 advenit.
1512 824 1584 853 Flos

882 870 1011 899 novella
1040 871 1243 901 conversatio
1268 872 1333 909 est,
1359 870 1418 900 flos
1445 869 1584 900 formula

882 922 996 944 recens
1022 915 1099 945 vitae
1123 917 1357 946 emendatioris
1380 917 1441 946 est.
1467 916 1584 945 Indue-

882 961 956 990 runt
976 961 1039 990 sibi
1062 961 1178 991 faciem
1195 962 1451 1000 disciplinatam,
1469 962 1502 991 et
1525 961 1584 990 bo—

881 1013 957 1034 nam
991 1007 1091 1036 totius
1123 1008 1265 1046 corporis
1300 1007 1581 1044 compositionem.

882 1051 1031 1089 Placent,
1056 1052 1179 1090 fateor,
1210 1061 1281 1090 quae
1307 1053 1342 1082 in
1363 1052 1446 1082 facie
1470 1051 1546 1081 sunt
1571 1059 1581 1080 e

882 1097 1101 1135 negligentior
1116 1098 1230 1136 utique
1247 1098 1273 1128 is
1288 1098 1343 1136 qui
1360 1098 1436 1128 foris
1448 1098 1583 1136 apparet

882 1150 1051 1180 corporum
1067 1144 1173 1173 cultus
1189 1145 1222 1174 et
1234 1144 1374 1174 vestium
1385 1166 1394 1183 ,
1409 1151 1514 1174 sermo
1529 1151 1583 1172 ra-

881 1187 963 1226 rior,
977 1189 1086 1219 vultus
1099 1189 1250 1228 hilarior,
1263 1191 1412 1227 aspectus
1423 1196 1583 1219 verecun-

881 1234 969 1271 dior,
997 1235 1142 1265 incessus
1166 1236 1334 1265 maturior.
1361 1236 1482 1265 Verum
1506 1234 1583 1272 quia

882 1280 948 1310 liaec
964 1282 1094 1311 noviter
1109 1289 1256 1319 coepere,
1274 1282 1344 1319 ipsa
1367 1281 1417 1311 sui
1432 1279 1580 1310 novitate

881 1326 974 1356 flores
991 1327 1153 1357 censenda
1168 1327 1261 1365 sunt,
1279 1330 1312 1357 et
1327 1336 1400 1365 spes
1416 1327 1581 1355 fructuum

881 1373 998 1410 magis,
1011 1381 1107 1411 quam
1120 1372 1255 1403 fructus.
1270 1373 1386 1411 Vobis,
1400 1372 1505 1409 tilioli,
1516 1378 1582 1400 non

881 1419 1034 1448 timemus
1046 1427 1064 1448 a
1079 1418 1192 1448 fraude
1204 1418 1351 1456 vulpium
1362 1440 1371 1455 ,
1386 1426 1458 1455 quae
1470 1416 1582 1446 fructi-

881 1464 940 1494 bus
954 1465 1055 1502 magis
1065 1486 1073 1501 ,
1086 1472 1183 1502 quam
1197 1463 1330 1493 floribus
1344 1463 1492 1493 invidere
1508 1470 1582 1491 nos-

880 1511 1007 1540 cuntur.
1019 1510 1171 1539 Vestrum
1182 1509 1314 1539 aliunde
1326 1509 1509 1548 peri-culum
1520 1509 1580 1537 est.

879 1555 1045 1586 Ustionem
1076 1555 1165 1584 certe
1197 1556 1307 1584 metuo
1332 1553 1467 1584 floribus
1481 1561 1490 1591 3
1517 1560 1583 1582 non

880 1601 1142 1639 subreptionem,
1159 1601 1214 1630 sed
1237 1600 1400 1629 ustionem
1416 1607 1433 1628 a
1449 1599 1579 1637 frigore.

880 1647 995 1685 Aquilo
1021 1646 1103 1676 mihi
1131 1647 1300 1684 suspectus
1316 1646 1383 1681 est,
1405 1645 1439 1674 et
1462 1645 1580 1683 frigora

880 1693 1056 1729 matutina,
1073 1701 1143 1730 quae
1160 1691 1407 1729 intempestivos
1422 1691 1517 1720 ssores
1531 1700 1582 1721 so—

882 1739 949 1768 lent
960 1737 1098 1776 perdere
1109 1759 1118 1774 ,
1131 1736 1254 1766 fructus
1266 1736 1454 1774 praeripere.
1468 1736 1579 1773 ltaque

881 1784 920 1812 ab
935 1783 1094 1822 Aquilone
1110 1782 1265 1821 panditur
1280 1783 1426 1812 vestrum
1443 1782 1577 1810 malum.

882 1830 909 1859 A
923 1830 1001 1867 facie
1021 1830 1145 1867 friqoris
1157 1828 1221 1866 ejus
1240 1829 1306 1866 quis
1321 1827 1477 1858 sustincbd
1489 1827 1502 1856 ?
1514 1828 1579 1856 Hoc

883 1875 981 1913 frigus
1006 1875 1033 1904 si
1059 1874 1159 1904 semel
1183 1874 1324 1903 animam
1343 1871 1484 1911 (animae
1506 1873 1580 1911 qui—

881 1920 972 1958 dem,
987 1920 1023 1949 ut
1039 1919 1174 1956 assolet,
1187 1919 1314 1948 incuria
1329 1918 1446 1956 spiritu
1462 1918 1582 1947 (lorini-

883 1964 991 2004 tante)
1014 1964 1213 2003 pervaserit,
1230 1972 1266 1994 ac
1282 1964 1416 1994 nemine
1442 1964 1560 1994 deinde
1571 1986 1580 2000 ,

880 2012 965 2049 quod
980 2011 1081 2048 absit,
1098 2010 1268 2040 inhibente
1285 2010 1325 2039 ad
1340 2009 1495 2039 interiora
1511 2010 1581 2046 ejus

882 2057 1086 2095 pervenerit,
1101 2054 1308 2085 descenderit
1320 2055 1353 2084 in
1370 2055 1493 2085 viscera
1509 2064 1581 2085 cor-

881 2103 928 2132 dis
944 2104 977 2132 et
991 2103 1099 2132 sinum
1115 2101 1251 2138 mentis,
1267 2101 1465 2131 concusserit
1480 2101 1581 2131 affec-

882 2151 1002 2186 tiones,
1028 2147 1238 2185 occupaverit
1273 2146 1401 2176 consilii
1427 2146 1559 2176 semitas
1570 2170 1579 2184 ,

881 2194 1120 2232 perturbaverit
1143 2192 1260 2230 Judicii
1288 2193 1417 2230 lumen,
1444 2192 1581 2223 liberta-

881 2242 946 2270 tem
971 2239 1136 2270 addixerit
1160 2238 1295 2276 spiritus
1320 2247 1327 2266 :
1353 2246 1430 2267 mox
1459 2237 1518 2276 (ut
1546 2239 1580 2268 in

880 2294 1011 2325 corpore
1028 2285 1111 2316 solet
1136 2285 1270 2314 evenire
1293 2284 1577 2322 febricitantibus)

879 2332 966 2363 subit
980 2331 1111 2371 quidam
1124 2330 1223 2360 animi
1237 2330 1323 2368 rigor
1333 2352 1342 2368 ,
1356 2331 1389 2359 et
1403 2329 1493 2367 vigor
1509 2330 1580 2359 len-

880 2378 991 2415 tescit,
1007 2379 1142 2415 languor
1166 2377 1298 2414 tingitur
1310 2376 1431 2405 virium
1442 2397 1451 2412 ,
1468 2375 1580 2403 horror

880 2424 1079 2455 austeritatis
1094 2423 1296 2460 intenditur,
1312 2422 1410 2451 timor
1426 2420 1579 2450 sollicitat

880 2469 1097 2508 paupertatis,
1113 2468 1316 2499 contrahitur
1341 2466 1484 2500 animus,
1502 2465 1579 2493 suh-

880 2516 1019 2546 trahitur
1044 2515 1165 2553 gratia,
1188 2512 1389 2552 protrahitur
1412 2509 1578 2546 longitudo

880 2562 974 2600 vitae,
991 2562 1116 2600 sopitur
1131 2560 1232 2597 ratio,
1248 2558 1379 2596 spiritus
1396 2555 1578 2592 exstingui-

881 2608 949 2644 tur,
964 2605 1160 2637 defervescit
1176 2603 1317 2634 novitius
1332 2600 1454 2636 fervor,
1473 2600 1578 2637 ingra-

882 2653 983 2684 vescit
994 2653 1087 2690 tepor
1102 2650 1285 2680 fastidiosus
1295 2669 1303 2684 ,
1315 2645 1497 2682 refrigescit
1512 2645 1578 2674 fra-

882 2700 972 2729 terna
988 2697 1123 2734 caritas,
1138 2693 1301 2724 blanditur
1316 2691 1481 2751 voluptas,
1494 2690 1577 2720 fallit

1426 2736 1464 2760 ζῇ,
