1830 3073
299 216 339 246 92
773 217 804 246 s.
831 214 1064 245 naamam
1089 215 1282 246 ABBAris

299 269 784 310 citudinem3devotispulsabat
795 270 1003 309 supplicatio·
1036 271 1078 300 est
1092 273 1217 300 sanata.
1234 271 1357 310 Cogitet
1376 263 1615 311 unusquisq’uo,
1637 278 1739 311 quarr-

297 318 394 347 nibus
409 318 544 355 coelum‚
566 317 674 348 certus
688 317 775 356 quod
789 315 1003 355 penetrarent
1036 314 1108 343 tum
1123 317 1299 352 operentur
1317 317 1352 348 in
1367 326 1405 347 eo
1420 318 1487 347 tani
1503 317 1659 354 salutaria
1670 326 1740 347 me-

297 363 379 393 illud
388 364 546 401 justorum
558 364 806 400 orationes,nec
821 369 1002 400 pauperum
1036 359 1233 390 dicamenta.
1259 362 1341 392 Sunt
1362 363 1451 393 enim
1465 364 1583 402 quibus
1596 363 1741 393 nondum

298 416 412 446 preces
426 407 830 448 spernerenturaDomino
839 429 847 444 ,
863 407 920 437 aut
931 406 1002 436 sine
1036 405 1131 434 natus
1143 406 1192 435 est
1202 403 1451 445 Christus‚'sunt
1465 408 1582 446 quibus
1593 407 1740 438 nondum

298 455 429 492 eopiosa
475 455 703 485 benedictione
744 452 902 483 redirent.
941 451 1003 481 Sed
1036 451 1084 481 est
1096 459 1227 490 passus,
1243 452 1319 482 sunt
1336 454 1454 491 quibus
1468 462 1535 484 non
1556 453 1738 484 resurrexit

295 508 359 531 nec
375 501 444 530 sine
459 500 708 538 longanimitate
722 497 940 537 persistebant
955 497 1003 527 in·
1036 505 1137 534 usque
1153 497 1270 527 adhuc.
1287 498 1367 528 Aliis
1382 502 1510 538 quoque
1525 500 1672 530 nondum
1688 507 1740 529 as-

296 546 506 584 deficientes,
520 546 614 582 juxta
640 545 724 574 illud
748 544 976 582 propheticum
993 552 1001 573 ε
1036 542 1164 581 cendit3
1190 542 1263 573 aliis
1289 544 1435 574 nondum
1463 545 1553 575 misit
1583 544 1742 583 Spiritum

295 593 332 622 Si
346 601 466 621 moram
481 592 601 629 fecerit,
617 592 758 628 exspecta
769 599 854 627 ειιηι,
871 591 944 628 quia
953 599 1004 620 ve·
1035 589 1192 618 sanctum.
1208 589 1373 625 Quomodo
1401 589 1489 619 enim
1504 591 1656 628 operatur
1667 589 1740 628 ejus

296 640 384 668 'nitens
401 639 514 673 veniet,
530 639 558 666 et
572 645 634 666 non
651 636 796 666 tardabit.
811 637 907 665 Porro
923 644 1004 665 una—
1036 632 1202 663 humilitas
1215 656 1223 672 ‚
1240 636 1375 673 quicum
1398 636 1432 665 in
1449 635 1555 673 forma
1568 636 1627 665 Dei
1640 637 1714 666 esset
1729 656 1741 670 ‚

295 683 429 714 nimitas
452 682 585 721 quidem
607 682 728 720 legitur
753 681 923 712 evidenter
946 690 1004 712 ex·
1035 687 1097 708 non
1111 681 1256 718 rapinam
1268 681 1438 711 arbitratus
1452 682 1494 711 est
1511 690 1614 711 essese
1635 689 1744 719 oequa-

296 737 425 767 pressa,
452 728 538 766 quod
565 728 635 758 haec
657 728 723 758 sola
748 727 851 758 divini
872 727 1003 765 spiritus
1035 725 1093 754 lem
1106 727 1184 763 Deo,
1198 727 1247 756 sed
1261 728 1454 765 semetipsum
1469 727 1661 763 exinanivit,
1674 726 1744 764 for-

296 773 493 802 charismata
508 773 685 803 mereatur.
712 773 823 811 Neque
851 773 939 802 enim
954 772 1002 802 est
1035 780 1119 800 mam
1132 773 1211 802 servi
1221 772 1390 811 accipiens?
1401 772 1561 810 quomodo
1571 793 1581 810 ,
1593 772 1741 810 inquam,

297 818 386 848 Deus
412 819 643 856 dissensionis,
671 818 729 849 sed
756 818 866 857 pacis3
895 827 1003 856 neque
1036 816 1094 846 Dei
1110 817 1282 848 humilitas
1304 819 1339 848 in
1361 819 1502 857 superbo
1518 818 1649 848 homine
1664 826 1746 857 ope-

295 864 444 894 habitare
457 864 534 895 facit
548 864 611 894 nisi
624 865 721 894 unius
736 865 879 894 morisin
894 864 1000 894 domo.
1035 862 1239 901 ratur22Quae
1264 864 1352 894 illius
1378 864 1573 894 humilitatis
1597 864 1739 902 vestigia

335 910 367 939 2.
384 910 462 940 Jure
486 910 585 948 igitur
606 909 877 948 praeparationem
899 909 1003 939 cordis
1035 907 1067 936 in
1079 907 1147 946 his,
1161 909 1217 947 qui
1234 909 1339 939 adbuc
1351 910 1418 940 toto
1431 910 1592 940 desiderio
1602 909 1743 940 terrenis

296 963 411 985 eorum
427 955 554 986 audivit
568 956 655 985 auris
669 955 799 993 divina3
815 963 876 985 nec
890 955 931 984 ab
946 963 1003 984 ex—
1035 953 1159 984 divitiis
1175 955 1206 985 et
1227 954 1404 986 honoribus
1428 955 1581 986 inhiant?
1605 956 1654 986 An
1677 963 1743 985 non

294 1002 498 1039 spectatione
511 1010 566 1032 sua
577 1001 722 1031 confudit
734 1000 1003 1039 eos,qu1etmag-
1034 999 1128 1029 modo
1158 1000 1359 1031 exhilaratur
1383 1002 1584 1032 conscientia
1606 1000 1716 1032 vestra
1729 1023 1739 1039 ,

293 1048 463 1085 mammes,
480 1049 513 1078 et
535 1047 758 1085 longanimes,
781 1048 814 1077 et
833 1047 1003 1076 unanimes
1035 1046 1161 1076 Fratres
1189 1045 1274 1085 mei,
1310 1047 1397 1085 quod
1435 1047 1545 1077 dicere
1584 1046 1744 1086 potestis,

297 1095 417 1122 essent.
433 1093 618 1123 Certissima
630 1100 768 1130 namque
778 1093 845 1123 haec
858 1093 1004 1123 testimo·
1036 1092 1189 1122 Paruulus
1211 1095 1304 1123 natus
1319 1095 1363 1123 est
1391 1092 1503 1123 nobis?
1522 1092 1603 1122 Sunt
1625 1092 1746 1130 quibus

282 1138 350 1168 —nia
360 1138 518 1168 suntfidei
528 1161 537 1176 ,
552 1138 806 1176 spei,caritatis.
822 1138 859 1167 Et
870 1138 1003 1177 quidem
1035 1136 1177 1167 nondum
1190 1138 1238 1168 est
1250 1138 1531 1177 passusChristus:
1547 1138 1603 1177 qui
1612 1138 1745 1168 labores

294 1184 467 1213 evidenter
481 1192 554 1222 spes
576 1183 872 1221 longanimitatem,
890 1184 1019 1223 unani-7
1035 1182 1183 1221 fugiunt,
1214 1185 1247 1214 et
1273 1186 1413 1215 mortem
1450 1184 1602 1214 metuunt
1639 1191 1742 1222 usque

292 1230 443 1259 mitatem
453 1230 568 1260 caritas
580 1230 914 1268 operatur.Numquid
926 1230 1019 1261 tides*
1035 1229 1156 1267 adhuc,
1171 1230 1352 1268 quasivero
1373 1231 1430 1261 ille
1446 1231 1479 1260 et-
1505 1231 1632 1260 labores
1647 1228 1744 1259 susti-

294 1284 425 1314 quoque
454 1276 698 1316 magnanimum
730 1274 828 1304 facit?
859 1276 897 1305 Et
924 1276 1001 1306 sola.
1034 1274 1151 1312 nendo,
1162 1275 1341 1306 etmortem
1353 1275 1521 1306 moriendo
1532 1283 1597 1305 non
1608 1273 1740 1305 vicerit.

294 1321 457 1359 Quicquid
483 1321 570 1351 enim
597 1321 667 1351 sine
696 1320 759 1350 fide
774 1320 1002 1358 praesumitur,
1074 1319 1104 1349 2.
1122 1320 1204 1351 Sunt
1217 1322 1335 1359 quibus
1352 1321 1492 1351 nondum
1508 1320 1669 1357 surrexit,
1685 1319 1740 1357 qui

291 1374 361 1397 non
375 1367 423 1397 est
435 1367 491 1395 illa
506 1366 607 1396 animi
619 1365 722 1396 solida
736 1365 935 1403 magnitudo,
948 1365 1005 1395 sed
1018 1365 1019 1372 ¹
1036 1364 1068 1394 in
1083 1366 1231 1396 laborum
1246 1367 1412 1397 anxietate
1437 1368 1470 1397 et
1485 1365 1662 1396 afflictione
1676 1372 1744 1403 poe·

294 1414 428 1442 ventosa
440 1413 587 1450 quaedam
602 1411 726 1442 inflatio
736 1433 744 1449 ‚
758 1412 791 1441 et
810 1412 915 1441 tumor
934 1411 1005 1441 ina·
1035 1411 1182 1442 nitentiae
1191 1413 1293 1442 morte
1302 1412 1490 1443 afficiuntur
1501 1413 1567 1442 tota
1578 1411 1631 1442 die
1641 1433 1650 1449 ‚
1662 1419 1745 1440 non-

293 1458 416 1488 nisNis
425 1458 537 1488 audire
546 1457 789 1495 magnanimum
801 1457 1005 1488 virumPOm-
1036 1457 1113 1486 dum
1121 1458 1284 1496 spirituali
1297 1459 1515 1489 consolatione
1525 1458 1669 1496 recepta.
1680 1456 1744 1488 Sed

293 1506 368 1541 πὶα,
381 1504 628 1543 inquit,possum
638 1506 710 1534 ineo
719 1505 825 1542 qztime
835 1503 1001 1541 confortat.
1035 1503 1096 1532 nisi
1112 1503 1252 1534 breviati
1268 1504 1405 1535 fuissent
1417 1504 1486 1534 dies
1500 1503 1651 1542 illi‚quis
1666 1512 1740 1542 p0s÷

294 1549 446 1579 Imitetur
460 1550 623 1587 triplicem
632 1550 714 1579 hanc
723 1548 1002 1588 praeparationem,
1036 1549 1084 1578 set
1099 1549 1280 1580 sustinere?
1305 1551 1385 1580 Aliis
1399 1550 1553 1580 surrexit
1574 1547 1739 1588 Christus,

293 1595 421 1625 Fratres
432 1617 440 1633 ‚
453 1596 478 1625 si
487 1595 708 1626 desideramus
716 1594 1003 1633 supereffluentem
1035 1593 1091 1623 sed
1104 1594 1248 1625 nondum
1259 1595 1417 1633 ascendit,
1428 1595 1528 1625 immo
1539 1604 1612 1626 cum
1625 1596 1673 1626 eis
1687 1596 1742 1626 ad-

296 1647 485 1670 mensuram
501 1640 643 1680 Spiritus
665 1641 825 1671 obtinere.
847 1641 1004 1670 Omnibus
1036 1640 1098 1670 hue
1109 1635 1344 1679 piadulcedine
1360 1641 1578 1672 commoratur
1589 1642 1739 1679 interris,

295 1685 384 1715 enim
414 1687 534 1724 praeter
558 1686 721 1717 Christum
750 1687 791 1716 ad
819 1694 1018 1716 mensuram³
1037 1686 1086 1716 his
1101 1686 1227 1718 scilicet
1250 1687 1307 1726 qui
1326 1688 1361 1717 in
1385 1687 1559 1729 devotione
1579 1687 1654 1717 sunt
1674 1688 1744 1718 tota

294 1731 390 1761 datur
417 1732 578 1770 Spiritus3
595 1732 652 1762 sed
677 1740 840 1762 mensurae
855 1733 1005 1762 cumulus
1035 1732 1106 1769 die,
1125 1732 1206 1762 ssent
1235 1733 1269 1763 in
1285 1732 1485 1764 orationibus
1498 1755 1508 1771 ,
1530 1733 1694 1771 suspirant
1708 1733 1743 1764 in

293 1776 561 1814 supereffluentis
586 1778 719 1808 videtur
744 1778 883 1816 quodam
909 1777 1004 1807 modo
1035 1777 1300 1809 meditationibus
1329 1778 1413 1816 suis,
1443 1779 1476 1809 et
1501 1778 1611 1809 omnia
1626 1778 1743 1809 festiva

294 1823 472 1853 excessisse
487 1832 684 1854 mensuram.
694 1824 834 1854 Evidens
842 1823 904 1854 suit
916 1832 1005 1862 mag-
1036 1824 1068 1854 et
1100 1823 1246 1861 jucunda
1277 1825 1353 1855 sunt
1381 1824 1447 1863 eis,
1478 1824 1513 1854 ct
1543 1832 1605 1863 per
1632 1832 1744 1855 omnes

293 1869 470 1899 nanimitas
497 1869 534 1898 in
563 1869 774 1900 conversione
797 1870 907 1899 nostra
931 1878 938 1898 :
962 1870 1004 1899 sit
1036 1869 1104 1899 dies
1136 1870 1209 1901 illos
1237 1870 1433 1900 continuum
1462 1870 1602 1899 Alleluia
1630 1869 1742 1899 canta-

294 1913 393 1943 etiam
408 1914 444 1944 in
459 1916 735 1945 consummatione
758 1916 1007 1954 longanimitas,
1035 1916 1099 1944 tur.
1112 1915 1175 1945 Sed
1190 1916 1317 1954 oportet
1328 1916 1377 1944 lac
1393 1914 1439 1944 eis
1451 1914 1611 1952 subtrahi,
1623 1914 1661 1944 ut
1677 1915 1745 1945 dis-

293 1959 335 1989 sit
351 1960 548 1990 unanimitas
558 1961 592 1990 in
608 1961 868 1991 conversatione.
886 1961 1019 1998 Hujus-2
1035 1960 1110 1989 cant
1122 1960 1210 1990 vesci
1233 1960 1335 1991 solido
1356 1960 1448 1998 cibo3
1470 1961 1504 1990 et
1525 1960 1662 1998 expedit
1682 1960 1743 1998 eis,

294 2004 383 2033 modi
409 2005 572 2043 siquidem
597 2006 767 2036 animabus
782 2007 924 2037 ccelesiis
947 2007 1003 2037 illa
1035 2007 1070 2035 ut
1084 2005 1227 2036 Christus
1252 2005 1350 2036 vadat
1361 2027 1370 2043 ‚
1399 2006 1432 2036 et
1458 2005 1528 2036 haec
1554 2006 1742 2043 temporalis

294 2049 477 2080 Jerusalem
493 2051 658 2081 desiderat
679 2052 870 2090 instaurari,
886 2053 1003 2090 quibus
1035 2051 1164 2081 devotio
1187 2051 1408 2082 subtrahatur.
1438 2051 1502 2081 Sed
1527 2051 1654 2090 quando
1681 2051 1744 2081 hoc

294 2103 355 2124 nee
370 2096 445 2126 fidei
459 2097 648 2135 magnitudo
658 2097 784 2127 desitin
797 2098 1003 2136 suscipiendo
1035 2105 1152 2135 capere
1176 2096 1354 2136 poterunt?
1380 2097 1534 2128 Desertos
1558 2105 1627 2127 sese
1648 2105 1665 2126 a
1680 2097 1746 2126 Do-

294 2148 392 2170 onere
402 2142 539 2181 Christi,
551 2151 611 2173 nec
623 2143 788 2181 longitudo
797 2143 866 2181 spei
882 2143 916 2173 in
930 2153 1020 2355 per·¹
1036 2142 1123 2172 mino
1132 2164 1141 2181 ,
1153 2143 1295 2181 privatos
1302 2142 1404 2181 gratia
1415 2142 1668 2181 conqueruntur.
1681 2141 1744 2172 Sed

292 2185 454 2224 sistend03
481 2196 540 2218 nee
557 2189 700 2219 caritatis
723 2189 896 2228 junctura,
917 2190 1004 2230 qnod
1036 2189 1229 2227 exspectent
1243 2189 1412 2227 paululum
1425 2210 1434 2226 ‚
1451 2189 1585 2219 sedeant
1605 2188 1640 2217 in
1661 2186 1743 2218 civi-

296 2232 346 2260 est
360 2231 526 2263 vinculum
542 2234 764 2272 perfectionis.
1037 2235 1101 2264 tate
1112 2257 1121 2272 ‚
1138 2234 1240 2264 donec
1257 2234 1434 2264 induantur
1444 2234 1589 2264 solidiori
1603 2233 1742 2272 quadam

601 2306 677 2310 *7
1037 2281 1158 2311 virtute
1180 2289 1223 2311 ex
1246 2280 1329 2318 alto,
1352 2281 1386 2311 et
1412 2280 1533 2317 majora
1558 2279 1744 2318 percipiant

478 2342 647 2377 SEPHO
678 2347 804 2379 XLIV
1037 2326 1228 2356 charismata
1248 2326 1387 2364 Spiritus
1409 2325 1529 2364 sancti3
1555 2325 1639 2355 sicut
1660 2325 1745 2363 Apo·

561 2361 584 2376 ι*
810 2373 817 2379 ’
1016 2359 1018 2391 Ι
1036 2372 1110 2402 stoli
1131 2372 1271 2410 promoti
1286 2372 1362 2402 sunt
1377 2372 1411 2402 in
1426 2371 1561 2410 gradum
1576 2371 1744 2406 altiorem,

309 2411 349 2435 De
366 2411 407 2436 his
424 2413 452 2435 in
471 2412 576 2453 quibus
593 2415 725 2455 mysteria
742 2416 847 2442 Christi
863 2418 987 2441 necdum
1016 2414 1019 2469 l
1036 2419 1067 2447 et
1080 2417 1429 2456 supereminentiorem
1440 2417 1526 2448 viam
1539 2416 1681 2447 caritatis
1695 2415 1746 2446 in-

513 2449 648 2473 videntur
662 2452 784 2481 impieta.
1036 2464 1151 2502 gressi,
1167 2472 1231 2493 non
1237 2464 1303 2501 jam
1314 2463 1445 2494 solliciti
1458 2463 1617 2502 quomodo
1626 2459 1743 2491 sscrent

1036 2511 1221 2547 paululum,
1234 2509 1291 2539 sed
1306 2509 1465 2548 quomodo
1479 2516 1595 2546 magna
1606 2506 1745 2546 quadam

1036 2555 1172 2585 victoria
1188 2555 1229 2585 de
1249 2556 1412 2585 communi
1426 2553 1610 2585 adversario
1625 2551 1744 2582 trium-

1036 2601 1192 2639 pharent,
1219 2601 1252 2630 et
1277 2600 1503 2632 conculcarent
1528 2599 1671 2630 satanam
1685 2595 1746 2627 sub

1038 2645 1175 2683 pedibus
1198 2645 1279 2676 suis,

337 2502 366 2531 l.
383 2502 501 2533 OMMA
516 2512 588 2542 quae
603 2504 643 2534 de
657 2505 823 2537 Salvatore
845 2507 1000 2547 legimus,

295 2547 510 2578 medicamina
523 2550 598 2579 sunt
609 2550 792 2580 animarum
803 2553 999 2583 nostrarum.

296 2592 472 2624 Videamus
483 2602 557 2633 ergo
569 2603 609 2625 ne
625 2596 754 2634 quando
776 2596 860 2627 forte
875 2598 1002 2629 dicatur

297 2637 338 2669 de
353 2639 445 2671 nobis
460 2648 469 2670 t
486 2641 666 2673 Curarimus
691 2642 918 2680 Baby-loncmet
942 2653 1001 2674 non
