1830 3073
488 220 544 250 DE
567 218 777 249 DIVERSIS
799 217 949 245 SERMO
972 217 1055 244 LVI.

76 289 127 312 vos
151 279 267 311 imitari
287 284 365 313 nos,
386 275 533 313 quoniam
557 282 620 304 non
648 272 773 312 inquieti

77 329 188 365 liumus
215 324 293 354 inter
316 330 389 358 vos,
414 330 511 359 neque
534 328 649 359 panem
677 318 772 357 oratis

77 369 322 402 manducavimus
333 367 372 397 ab
388 367 491 405 aliquo
500 388 510 403 ‚
523 367 573 396 sed
588 367 619 396 in
632 364 734 395 labore
745 364 772 393 et

75 417 267 455 sutiqatione,
292 414 378 442 nocte
406 415 435 442 et
456 413 502 442 die
528 411 705 450 operantes,
733 416 772 437 ne

76 470 163 501 quem
185 461 318 490 vestrum
333 466 542 497 qrcwaremus.
566 456 646 486 Item
662 453 772 484 audiat

75 505 240 537 docentem
267 512 340 541 quae
366 503 618 533 faciehat2Cum
643 506 772 529 essemus

72 552 152 590 apud
163 560 233 587 vos,
246 550 309 579 ltoec
325 548 580 579 denuntiabamus
592 545 675 575 vobis
696 552 773 581 quo-

72 600 155 626 niam
171 597 198 626 sl
211 596 277 633 quis
293 603 355 623 uon
366 594 432 624 vult
449 592 588 630 operari,
606 598 659 618 nec
680 596 773 618 man-

71 642 168 670 ἐπα-σι.
194 640 291 669 Vides
315 646 411 676 quam
437 635 576 666 sollicite
599 634 773 663 observan-

72 687 149 716 dum
177 684 332 723 praecepit
362 682 480 712 Doctor
514 679 661 719 gentium
693 686 773 716 opus

73 729 246 760 manuum?
266 730 327 758 Cur
350 728 410 757 hoc
431 726 601 763 tantopere
628 723 772 761 curavit,

71 776 134 806 nisi
147 775 222 814 quia
231 797 239 812 ,
252 774 336 804 sicut
348 773 450 802 bonus
463 772 495 801 et
505 770 642 808 diligens
652 769 771 808 pastor,

71 822 132 851 hoe
159 820 268 850 ovium
284 818 380 850 saluti
406 817 584 856 plurimum
613 815 772 855 expedire

71 865 236 905 providit?

110 911 141 941 [ι.
167 910 280 941 Restat
303 909 436 947 ultima,
464 907 575 939 Carnis
598 905 771 938 munditia.

71 959 106 987 In
129 958 189 987 hae
213 957 250 986 fit
267 956 450 995 purificatio
473 955 512 985 ab
534 955 591 984 illa
612 954 774 993 quinque-

70 1003 189 1041 pertita
209 1002 351 1040 corporis
366 1001 538 1039 illecebra,
556 1001 661 1038 visus,
685 999 774 1029 audi-

69 1051 140 1086 tus,
155 1049 265 1087 gustus
276 1070 284 1085 ,
296 1047 461 1084 odoratus,
474 1047 589 1077 tactus.
604 1046 641 1076 Et
657 1045 774 1075 caetera

71 1094 204 1132 quidem
230 1093 410 1132 praedicta,
438 1092 472 1122 id
501 1093 551 1122 est
578 1091 747 1121 silentium
764 1113 773 1129 ,

71 1140 249 1178 psalmodia
266 1161 275 1177 ,
302 1138 446 1177 vigiliae,
474 1137 637 1176 jejunium
657 1159 666 1174 ‚
695 1145 774 1175 opus

71 1193 242 1222 mannum,
260 1184 409 1214 exerceri
432 1184 503 1214 sine
530 1184 590 1214 ista
619 1183 772 1221 possunt:

70 1231 129 1261 sed
144 1231 170 1260 si
186 1230 288 1260 lumbi
309 1230 477 1268 praecineti
492 1237 557 1258 non
579 1228 663 1266 sint,
679 1228 712 1257 id
726 1230 773 1258 est

69 1277 96 1306 si
124 1276 209 1307 desit
234 1275 338 1306 carnis
364 1274 700 1312 munditia,lueernae
725 1282 774 1303 ar-

70 1322 186 1352 dentes
205 1321 284 1360 quid
303 1319 502 1360 proderunt?
517 1320 599 1349 Hine
616 1327 692 1356 ergo
708 1319 774 1349 col-

70 1369 92 1399 h·
98 1367 239 1406 gendum
251 1367 318 1404 est,
331 1366 417 1405 quod
428 1366 470 1396 sit
480 1365 662 1396 necessaria
678 1365 773 1402 huJ'us

71 1413 195 1451 hydriae
219 1412 421 1451 purificatio,
438 1420 511 1451 quae
531 1411 598 1441 sola
624 1410 773 1440 omnibus

70 1458 264 1496 supradictis
286 1458 551 1496 aequipollentem
567 1456 693 1487 obtinet
706 1456 773 1486 vin]

72 1504 194 1534 salutis.
211 1504 249 1534 Et
263 1503 440 1534 notandum
455 1503 540 1542 quod
555 1503 588 1533 in
603 1503 654 1533 his
669 1501 773 1533 omni-

70 1549 131 1579 bus
144 1549 360 1579 observantiis
379 1549 519 1587 quatuor
537 1549 659 1587 primas
673 1548 774 1578 debe-

71 1603 143 1624 mus
163 1594 274 1632 nobis;
290 1594 437 1632 quintam
462 1594 631 1632 proximo,
647 1594 773 1625 sextam

70 1640 149 1669 Deo.
173 1641 252 1669 Nam
274 1639 460 1677 silentium,
475 1639 708 1678 psalmodiam,
723 1638 774 1668 vi-

70 1686 180 1724 gilias,
203 1685 367 1723 jejunium
389 1685 487 1715 debet
511 1685 649 1723 quisque
677 1692 775 1714 exer-

71 1740 144 1761 ‹tvre
168 1732 302 1770 propter
327 1731 487 1768 seipsum,
503 1730 565 1760 hoe
581 1731 630 1760 est
643 1731 775 1768 propter

70 1786 161 1806 suam
177 1776 493 1814 disciplinam:opus
507 1784 663 1805 manuum
679 1784 776 1814 prop-

70 1823 122 1850 trr
150 1821 353 1859 proximum,
380 1829 421 1851 ne
446 1829 545 1858 quem
573 1821 775 1859 gravet,sed

71 1867 172 1905 magis
198 1867 316 1896 habeat
341 1866 427 1896 unde
449 1866 574 1896 tribuat
600 1867 776 1897 necessita-

71 1913 138 1941 tum
163 1911 302 1949 patienti
319 1920 327 1940 z
345 1912 449 1941 carnis
463 1911 655 1941 munditiam
678 1920 776 1949 prop-

72 1958 121 1986 ter
143 1958 267 1994 Deum,
283 1958 320 1987 ut
341 1956 391 1986 illi
415 1957 560 1995 placeat,
577 1958 610 1987 et
626 1956 695 1993 ejus
717 1966 775 1987 ro-

70 2003 231 2033 luntatem
260 2002 368 2033 faciat.
395 2003 488 2032 Unde
517 2003 673 2041 scriptum
700 2005 772 2033 est:

71 2051 142 2079 Iloec
163 2051 205 2079 est
230 2049 311 2078 enim
332 2049 474 2079 voluntas
496 2050 554 2078 Dei
575 2049 774 2086 sanctificatio

70 2096 173 2124 restra
183 2116 193 2130 ,
208 2096 242 2124 ut
258 2094 436 2124 abste'neatz's
449 2103 502 2125 vos
518 2104 537 2124 a
552 2095 772 2133 fornicatione,

70 2143 103 2170 ut
128 2142 202 2170 sciat
223 2142 430 2179 unusquisque
453 2142 586 2171 restrum
608 2151 698 2172 suum
719 2152 774 2174 vas

68 2187 218 2224 possidere
252 2187 286 2216 in
318 2187 558 2224 sanctificatione
589 2189 617 2217 et
646 2188 772 2219 honore.

71 2232 161 2269 Quod
175 2232 285 2262 autem
295 2232 360 2262 illae
372 2233 496 2271 hydriae
511 2232 647 2271 lapideae
659 2234 775 2264 dicun-

72 2278 144 2315 tur,
160 2278 320 2315 significat
341 2278 427 2316 quod
451 2279 521 2309 sine
551 2279 660 2317 aliqua
688 2279 775 2310 disfi-

73 2323 192 2353 rnliate
216 2323 380 2353 observari
395 2332 459 2353 non
473 2326 625 2362 possunt,
641 2325 674 2354 ct
689 2326 774 2363 quod

71 2370 150 2398 dura
180 2369 214 2397 et
241 2377 354 2406 aspera
382 2369 433 2399 est
460 2370 513 2399 via
529 2379 600 2408 quae
615 2370 706 2400 ducit
734 2371 772 2401 ad

70 2423 83 2443 x
95 2415 183 2443 ilani.
196 2414 252 2442 Vel
265 2414 351 2444 certe
364 2414 501 2452 lapideae
513 2415 665 2445 dicuntur
677 2424 775 2454 prop-

72 2463 121 2489 ter
148 2459 390 2497 tortitudinem,
407 2469 448 2489 ne
460 2460 556 2490 facile
584 2461 774 2499 frangantur

72 2506 127 2534 aut
143 2504 378 2541 dissolvantur,
405 2506 437 2534 et
458 2504 644 2535 effundatur
667 2506 774 2543 liquor

72 2550 180 2586 gratiae
215 2550 270 2588 qui
307 2550 340 2579 in
376 2550 422 2579 eis
456 2550 652 2580 continetur.
682 2552 773 2588 Quod

72 2595 182 2632 utique
196 2595 259 2625 cilo
272 2595 459 2633 contingere
472 2596 598 2633 posset,
614 2596 640 2625 si
654 2597 703 2625 vel
717 2597 773 2626 fic—

76 2639 149 2678 tiles
165 2642 288 2680 essent,
304 2642 357 2671 vol
374 2641 506 2679 ligno-1²,
524 2650 579 2671 scu
597 2641 771 2678 cujuslibet

1446 219 1500 247 401

807 269 943 300 alterius
957 269 1081 307 fragilis
1097 268 1253 298 materiae.
1271 269 1332 301 Vel
1345 272 1442 302 etiam
1458 273 1505 302 la·-

805 316 910 354 pideae
929 337 939 353 ,
967 315 1001 344 id
1032 314 1080 344 est
1108 313 1298 344 Christianae
1315 337 1324 352 ,
1353 324 1371 345 a
1399 317 1505 355 lapide

804 361 930 392 Christo
941 382 950 398 ,
966 360 1003 391 ut
1018 359 1144 391 scilicet
1158 359 1192 389 in
1207 359 1269 390 fide
1285 360 1400 391 Christi
1415 362 1505 393 fiant.

1112 429 1199 436 μ..-

1001 468 1169 501 SERMO
1203 467 1306 500 LVI.

805 537 844 561 De
857 536 967 568 hydriis
980 538 1102 568 mysticis
1113 536 1262 568 implendis
1275 537 1380 567 triplici
1393 538 1506 563 timore.

847 593 875 622 4.
893 593 1080 623 CAPIENTES
1095 593 1222 632 sinantae
1249 594 1393 624 metretas
1421 592 1509 624 binas

804 639 850 669 vel
867 641 982 669 ternas.
1006 638 1065 668 llic
1092 639 1234 676 primum
1250 638 1418 669 sciendum
1440 639 1507 676 est,

805 684 890 722 quod
904 683 1091 721 hujusmodi
1106 683 1230 722 hydriae
1245 684 1418 723 aliquando
1434 686 1509 716 sunt

805 737 927 767 vacuae,
938 730 1112 768 aliquando
1123 730 1199 760 sunt
1209 730 1328 769 plenae.
1336 730 1443 760 Plenae
1453 738 1508 761 au-

804 776 872 805 tem
888 775 1059 813 aliquando
1067 784 1208 815 veneno,
1222 776 1396 814 aliquando
1412 783 1508 815 aqua,

805 820 972 851 interdum
997 821 1097 851 etiam
1119 822 1210 852 vino.
1240 822 1358 852 vacuae
1386 822 1509 861 quippe

806 867 839 897 et
860 867 974 897 inanes
991 868 1084 906 sunt,
1108 876 1181 898 cum
1202 875 1261 906 pro
1281 867 1370 897 inani
1394 868 1508 907 gloria,

805 912 859 942 vel
874 912 983 950 aliquo
997 913 1171 951 temporali
1184 913 1403 943 emolumento
1414 913 1507 944 fiunt.

805 958 912 988 Plenae
925 966 1053 988 veneno
1065 959 1153 997 sunt,
1170 958 1198 988 si
1213 967 1287 989 cum
1298 966 1464 989 murmure
1477 960 1511 990 et

806 1003 906 1033 animi
930 1011 1064 1034 rancore
1095 1005 1260 1042 gerantur.
1289 1003 1380 1041 Aqua
1405 1004 1510 1041 plenae

807 1049 971 1087 dicuntur,
988 1058 1061 1079 cum
1078 1058 1119 1080 ex
1132 1049 1249 1079 timore
1264 1049 1325 1079 Dei
1337 1049 1510 1079 observan-

806 1095 1047 1133 tur:siquidem
1062 1104 1122 1134 per
1133 1103 1250 1133 aquam
1275 1095 1373 1125 timor
1387 1094 1510 1125 intelli-

806 1141 903 1179 gitur.
920 1140 1011 1171 Unde
1023 1141 1147 1180 etapud
1156 1141 1360 1171 Salomonem
1370 1140 1507 1179 legitur=

809 1187 915 1216 Timor
939 1187 1068 1216 Domini
1091 1186 1159 1224 fons
1186 1187 1268 1216 vz'toe.
1294 1185 1376 1215 Vino
1397 1187 1508 1216 autem

805 1231 910 1268 plenae
925 1231 1012 1269 sunt,
1029 1240 1103 1260 cum
1118 1231 1215 1260 timor
1226 1230 1409 1261 vertiturin
1420 1238 1505 1260 amo-

805 1285 892 1314 rem3
917 1285 991 1307 cum
1021 1277 1137 1306 caritas
1162 1276 1310 1307 excludit
1337 1276 1508 1313 timorem3

806 1329 879 1351 cum
893 1330 929 1352 ea
943 1330 1015 1360 quae
1026 1322 1117 1360 prius
1129 1321 1384 1352 observabantur
1394 1321 1510 1351 timore

805 1375 927 1406 poenae,
941 1368 1009 1406 jam
1025 1368 1224 1398 exercentur
1243 1367 1461 1397 delectatione
1477 1368 1510 1397 et

805 1421 915 1444 amore
941 1414 1088 1452 justitiae.
1116 1414 1158 1444 Ut
1178 1421 1289 1444 vacuae
1309 1413 1362 1443 vel
1382 1421 1510 1443 veneno

806 1458 935 1490 infectae
947 1460 1012 1490 sint
1026 1468 1091 1489 non
1107 1459 1179 1489 vult
1202 1458 1378 1497 Dominus;
1394 1459 1430 1489 ut
1449 1459 1510 1488 im-

806 1504 956 1540 pleantur
973 1512 1057 1542 aqua
1078 1504 1175 1541 Jubet
1194 1502 1352 1533 Dominus
1369 1503 1427 1533 :ut
1453 1511 1512 1532 au—

806 1549 872 1578 tem
894 1556 976 1587 aqua
991 1549 1025 1578 in
1046 1549 1159 1578 vinum
1176 1548 1342 1586 vertatur,
1358 1548 1419 1578 hoc
1434 1547 1511 1582 facit

806 1593 974 1623 Dominus.
1002 1593 1066 1624 Sed
1079 1594 1199 1632 quibus
1214 1593 1355 1632 implere
1375 1593 1508 1631 hydrias

806 1646 889 1677 aqua
914 1640 1056 1676 imperat
1079 1638 1257 1669 Dominus?
1272 1639 1429 1669 Ministris
1444 1638 1509 1668 uti-

806 1693 883 1723 que,
900 1694 980 1723 quos
997 1686 1030 1715 et
1044 1686 1215 1715 constituit
1240 1693 1338 1724 super
1353 1684 1509 1715 familiam

807 1738 917 1768 suam,
938 1730 976 1760 ut
996 1731 1075 1761 dent
1100 1731 1151 1760 illi
1174 1731 1208 1760 in
1234 1731 1382 1769 tempore
1408 1730 1510 1760 tritici

808 1784 992 1806 mensuram
1001 1776 1133 1814 3quibus
1142 1776 1253 1806 tamen
1261 1776 1359 1805 Maria
1368 1775 1510 1813 primum

808 1822 1002 1859 suggesserit
1014 1843 1023 1858 ‚
1038 1821 1150 1851 dicens
1166 1829 1174 1849 t
1192 1822 1409 1860 Quodcumque
1423 1821 1512 1850 dize-

807 1869 849 1898 rz't
871 1867 974 1904 vobis,
997 1868 1099 1906 facite.
1121 1867 1191 1904 Quo
1220 1867 1372 1905 exemplo
1401 1866 1511 1896 innui—

807 1913 877 1951 tur,
899 1912 986 1951 quod
1010 1912 1155 1942 officium
1183 1911 1422 1950 praedicationis
1446 1920 1510 1942 non

808 1959 928 1988 debent
939 1966 1097 1997 usurpare
1109 1958 1191 1996 sibi,
1207 1957 1271 1987 nisi
1292 1966 1372 1996 quos
1394 1958 1505 1996 Maria,

809 2004 841 2034 id
857 2005 906 2034 est
926 2005 1031 2034 mater
1046 2004 1168 2042 gratia,
1190 2003 1281 2042 prius
1302 2003 1507 2035 instruxerit.

807 2050 960 2088 Alioquin
985 2049 1113 2079 dicetur
1139 2049 1186 2079 eis
1202 2058 1210 2078 t
1226 2051 1461 2088 Reqnaverunt,
1483 2052 1511 2080 et

807 2104 868 2125 non
883 2105 923 2125 ex
937 2104 985 2125 τηε
993 2105 1004 2134 ;
1028 2096 1182 2134 principes
1206 2096 1402 2131 exstiterunt,
1416 2097 1444 2125 et
1455 2105 1508 2133 eqo

808 2142 957 2180 2'qnoracz'.
971 2141 1112 2179 Implent
1127 2149 1202 2179 ergo
1214 2140 1357 2170 ministri
1378 2140 1511 2178 hydrias

807 2195 890 2226 aqua
910 2195 918 2216 ε
932 2187 1111 2226 praedicant
1143 2187 1226 2216 mira
1261 2185 1301 2216 de
1332 2186 1508 2217 dulcedine

806 2233 918 2271 regni,
934 2233 1099 2263 intentant
1127 2232 1290 2262 horrenda
1318 2231 1358 2262 de
1386 2233 1508 2262 terrore

805 2279 957 2318 supplicii
975 2288 982 2308 :
997 2279 1032 2308 fit
1051 2287 1196 2309 summus
1231 2277 1435 2308 auditoribus
1470 2278 1510 2308 de

807 2326 944 2364 utroque
960 2325 1070 2363 timor,
1086 2333 1128 2355 ne
1147 2325 1199 2356 vel
1222 2324 1279 2354 illo
1305 2324 1509 2363 fraudentur,

807 2372 860 2401 vel
882 2372 944 2402 isto
959 2372 1157 2410 plectantur3
1176 2372 1209 2400 et
1233 2370 1280 2401 ita
1302 2371 1435 2409 capiunt
1449 2371 1511 2409 hy-

806 2416 883 2447 driae
898 2416 1050 2447 metretas
1061 2417 1167 2446 binas.
1177 2415 1262 2454 Quid
1273 2416 1322 2446 est
1333 2416 1442 2446 autem
1455 2416 1508 2444 vol

806 2461 935 2492 ternas?
949 2462 1092 2492 Addatur
1107 2462 1173 2492 illis
1188 2461 1312 2492 duobus
1334 2461 1452 2490 tertius
1467 2460 1510 2489 ti-

806 2516 888 2546 mor,
905 2507 1209 2546 etcapiunthydriae
1221 2507 1376 2536 metretas
1388 2506 1508 2534 ternas.

806 2553 844 2583 Et
855 2553 904 2582 illi
919 2553 1052 2591 quidem
1067 2553 1130 2583 duo
1156 2551 1303 2591 praedieti
1321 2551 1452 2580 timores
1468 2548 1508 2577 de

806 2598 915 2628 futuro
927 2621 935 2636 ,
952 2599 1027 2629 sunt
1043 2598 1135 2628 valde
1151 2598 1250 2627 utiles
1265 2605 1272 2621 t
1293 2595 1349 2625 sed
1365 2595 1412 2623 est
1427 2593 1508 2622 alius

808 2644 902 2673 timor
924 2644 962 2673 de
987 2643 1139 2683 praescnti
1168 2641 1269 2671 multo
1297 2638 1508 2678 probabilior,
