<?xml version="1.0" encoding="UTF-8"?>
<!DOCTYPE html PUBLIC "-//W3C//DTD XHTML 1.0 Transitional//EN"
    "http://www.w3.org/TR/xhtml1/DTD/xhtml1-transitional.dtd">
<html xmlns="http://www.w3.org/1999/xhtml" xml:lang="en" lang="en">
 <head>
  <title>
</title>
<meta http-equiv="Content-Type" content="text/html;charset=utf-8" />
  <meta name='ocr-system' content='tesseract 3.04.00' />
  <meta name='ocr-capabilities' content='ocr_page ocr_carea ocr_par ocr_line ocrx_word'/>
</head>
<body>
  <div class='ocr_page' id='page_1' title='image "./operagenuinajuxt03bernuoft/operagenuinajuxt03bernuoft_0205.png"; bbox 0 0 1810 3073; ppageno 0'>
   <div class='ocr_carea' id='block_1_1' title="bbox 523 242 1078 274">
    <p class='ocr_par' dir='ltr' id='par_1_1' title="bbox 523 242 1078 274">
     <span class='ocr_line' id='line_1_1' title="bbox 523 242 1078 274; baseline -0.009 0"><span class='ocrx_word' id='word_1_1' title='bbox 523 245 569 274; x_wconf 84' lang='lat' dir='ltr'>IN</span> <span class='ocrx_word' id='word_1_2' title='bbox 593 243 795 274; x_wconf 72' lang='lat' dir='ltr'>CANTICA</span> <span class='ocrx_word' id='word_1_3' title='bbox 816 242 966 270; x_wconf 78' lang='lat' dir='ltr'>SERMO</span> <span class='ocrx_word' id='word_1_4' title='bbox 990 242 1078 270; x_wconf 80' lang='lat' dir='ltr'>XVI.</span> 
     </span>
    </p>
   </div>
   <div class='ocr_carea' id='block_1_2' title="bbox 70 298 777 658">
    <p class='ocr_par' dir='ltr' id='par_1_2' title="bbox 70 298 777 658">
     <span class='ocr_line' id='line_1_2' title="bbox 115 298 776 338; baseline -0.005 -7"><span class='ocrx_word' id='word_1_5' title='bbox 115 300 147 331; x_wconf 73' lang='lat'>3.</span> <span class='ocrx_word' id='word_1_6' title='bbox 163 299 227 332; x_wconf 87' lang='lat' dir='ltr'>Scd</span> <span class='ocrx_word' id='word_1_7' title='bbox 241 299 275 330; x_wconf 85' lang='lat' dir='ltr'>et</span> <span class='ocrx_word' id='word_1_8' title='bbox 287 298 314 330; x_wconf 90' lang='lat' dir='ltr'>si</span> <span class='ocrx_word' id='word_1_9' title='bbox 328 298 422 331; x_wconf 83' lang='lat' dir='ltr'>Pater</span> <span class='ocrx_word' id='word_1_10' title='bbox 433 308 496 330; x_wconf 89' lang='lat' dir='ltr'>non</span> <span class='ocrx_word' id='word_1_11' title='bbox 510 300 614 338; x_wconf 78' lang='lat' dir='ltr'>esset,</span> <span class='ocrx_word' id='word_1_12' title='bbox 624 299 776 330; x_wconf 84' lang='lat' dir='ltr'>obrueret</span> 
     </span>
     <span class='ocr_line' id='line_1_3' title="bbox 74 345 776 377; baseline -0.004 -1"><span class='ocrx_word' id='word_1_13' title='bbox 74 355 128 377; x_wconf 86' lang='lat' dir='ltr'>me</span> <span class='ocrx_word' id='word_1_14' title='bbox 154 345 329 377; x_wconf 85' lang='lat' dir='ltr'>beneficiis.</span> <span class='ocrx_word' id='word_1_15' title='bbox 350 347 509 376; x_wconf 88' lang='lat' dir='ltr'>Instaurat</span> <span class='ocrx_word' id='word_1_16' title='bbox 533 346 702 376; x_wconf 78' lang='lat' dir='ltr'>adversum</span> <span class='ocrx_word' id='word_1_17' title='bbox 723 353 776 374; x_wconf 87' lang='lat' dir='ltr'>me</span> 
     </span>
     <span class='ocr_line' id='line_1_4' title="bbox 75 388 777 431; baseline -0.006 -9"><span class='ocrx_word' id='word_1_18' title='bbox 75 390 199 431; x_wconf 79' lang='lat' dir='ltr'>testes(</span> <span class='ocrx_word' id='word_1_19' title='bbox 214 391 251 421; x_wconf 84' lang='lat' dir='ltr'>ut</span> <span class='ocrx_word' id='word_1_20' title='bbox 275 391 338 421; x_wconf 87' lang='lat' dir='ltr'>alia</span> <span class='ocrx_word' id='word_1_21' title='bbox 363 391 531 421; x_wconf 84' lang='lat' dir='ltr'>innumera</span> <span class='ocrx_word' id='word_1_22' title='bbox 547 392 671 420; x_wconf 84' lang='lat' dir='ltr'>taceam</span> <span class='ocrx_word' id='word_1_23' title='bbox 686 388 698 428; x_wconf 92' lang='lat'><em>)</em></span> <span class='ocrx_word' id='word_1_24' title='bbox 714 390 777 418; x_wconf 90' lang='lat' dir='ltr'>hu-</span> 
     </span>
     <span class='ocr_line' id='line_1_5' title="bbox 72 434 775 475; baseline -0.006 -8"><span class='ocrx_word' id='word_1_25' title='bbox 72 437 125 475; x_wconf 80' lang='lat' dir='ltr'>jus</span> <span class='ocrx_word' id='word_1_26' title='bbox 147 436 290 475; x_wconf 91' lang='lat' dir='ltr'>corporis</span> <span class='ocrx_word' id='word_1_27' title='bbox 305 437 445 475; x_wconf 88' lang='lat' dir='ltr'>victum,</span> <span class='ocrx_word' id='word_1_28' title='bbox 461 437 493 467; x_wconf 92' lang='lat' dir='ltr'>et</span> <span class='ocrx_word' id='word_1_29' title='bbox 514 444 608 466; x_wconf 88' lang='lat' dir='ltr'>usum</span> <span class='ocrx_word' id='word_1_30' title='bbox 622 434 775 473; x_wconf 89' lang='lat' dir='ltr'>temporis</span> 
     </span>
     <span class='ocr_line' id='line_1_6' title="bbox 76 480 775 520; baseline -0.004 -8"><span class='ocrx_word' id='word_1_31' title='bbox 76 483 189 520; x_wconf 74' lang='lat' dir='ltr'>hujus,</span> <span class='ocrx_word' id='word_1_32' title='bbox 207 483 240 512; x_wconf 91' lang='lat' dir='ltr'>et</span> <span class='ocrx_word' id='word_1_33' title='bbox 267 491 364 520; x_wconf 87' lang='lat' dir='ltr'>super</span> <span class='ocrx_word' id='word_1_34' title='bbox 384 483 491 512; x_wconf 86' lang='lat' dir='ltr'>omnia</span> <span class='ocrx_word' id='word_1_35' title='bbox 513 481 702 520; x_wconf 81' lang='lat' dir='ltr'>sanguinem</span> <span class='ocrx_word' id='word_1_36' title='bbox 725 480 775 509; x_wconf 88' lang='lat' dir='ltr'>di-</span> 
     </span>
     <span class='ocr_line' id='line_1_7' title="bbox 72 526 776 559; baseline -0.003 -1"><span class='ocrx_word' id='word_1_37' title='bbox 72 528 149 559; x_wconf 77' lang='lat' dir='ltr'>lecti</span> <span class='ocrx_word' id='word_1_38' title='bbox 175 528 248 558; x_wconf 81' lang='lat' dir='ltr'>Filii</span> <span class='ocrx_word' id='word_1_39' title='bbox 274 529 466 558; x_wconf 87' lang='lat' dir='ltr'>clamantem</span> <span class='ocrx_word' id='word_1_40' title='bbox 488 528 528 558; x_wconf 87' lang='lat' dir='ltr'>de</span> <span class='ocrx_word' id='word_1_41' title='bbox 551 528 648 557; x_wconf 89' lang='lat' dir='ltr'>terra.</span> <span class='ocrx_word' id='word_1_42' title='bbox 673 526 776 556; x_wconf 81' lang='lat' dir='ltr'>Pudet</span> 
     </span>
     <span class='ocr_line' id='line_1_8' title="bbox 72 571 775 613; baseline -0.006 -9"><span class='ocrx_word' id='word_1_43' title='bbox 72 574 314 613; x_wconf 72' lang='lat' dir='ltr'>ingratitudinis</span> <span class='ocrx_word' id='word_1_44' title='bbox 326 596 334 612; x_wconf 89' lang='lat'>,</span> <span class='ocrx_word' id='word_1_45' title='bbox 348 582 542 612; x_wconf 84' lang='lat' dir='ltr'>quamquam</span> <span class='ocrx_word' id='word_1_46' title='bbox 557 573 598 603; x_wconf 89' lang='lat' dir='ltr'>ad</span> <span class='ocrx_word' id='word_1_47' title='bbox 612 571 775 602; x_wconf 86' lang='lat' dir='ltr'>confusio-</span> 
     </span>
     <span class='ocr_line' id='line_1_9' title="bbox 70 617 774 658; baseline -0.004 -9"><span class='ocrx_word' id='word_1_48' title='bbox 70 620 124 650; x_wconf 83' lang='lat' dir='ltr'>nis</span> <span class='ocrx_word' id='word_1_49' title='bbox 139 621 322 658; x_wconf 90' lang='lat' dir='ltr'>cumulum,</span> <span class='ocrx_word' id='word_1_50' title='bbox 342 627 457 658; x_wconf 79' lang='lat' dir='ltr'>arguar</span> <span class='ocrx_word' id='word_1_51' title='bbox 481 620 579 649; x_wconf 86' lang='lat' dir='ltr'>etiam</span> <span class='ocrx_word' id='word_1_52' title='bbox 596 617 774 648; x_wconf 86' lang='lat' dir='ltr'>reddidisse</span> 
     </span>
    </p>
   </div>
   <div class='ocr_carea' id='block_1_3' title="bbox 71 663 791 703">
    <p class='ocr_par' dir='ltr' id='par_1_3' title="bbox 71 663 791 703">
     <span class='ocr_line' id='line_1_10' title="bbox 71 663 791 703; baseline -0.003 -9"><span class='ocrx_word' id='word_1_53' title='bbox 71 665 157 694; x_wconf 86' lang='lat' dir='ltr'>mala</span> <span class='ocrx_word' id='word_1_54' title='bbox 168 673 225 703; x_wconf 90' lang='lat' dir='ltr'>pro</span> <span class='ocrx_word' id='word_1_55' title='bbox 238 666 341 703; x_wconf 90' lang='lat' dir='ltr'>bonis,</span> <span class='ocrx_word' id='word_1_56' title='bbox 353 667 385 695; x_wconf 91' lang='lat' dir='ltr'>et</span> <span class='ocrx_word' id='word_1_57' title='bbox 397 665 506 695; x_wconf 88' lang='lat' dir='ltr'>odium</span> <span class='ocrx_word' id='word_1_58' title='bbox 515 672 572 702; x_wconf 92' lang='lat' dir='ltr'>pro</span> <span class='ocrx_word' id='word_1_59' title='bbox 587 663 773 693; x_wconf 81' lang='lat' dir='ltr'>dilectione.</span> <span class='ocrx_word' id='word_1_60' title='bbox 790 685 791 691; x_wconf 64' lang='grc'>,</span> 
     </span>
    </p>
   </div>
   <div class='ocr_carea' id='block_1_4' title="bbox 65 708 775 1476">
    <p class='ocr_par' dir='ltr' id='par_1_4' title="bbox 65 708 775 1384">
     <span class='ocr_line' id='line_1_11' title="bbox 72 708 774 748; baseline -0.003 -8"><span class='ocrx_word' id='word_1_61' title='bbox 72 710 204 740; x_wconf 79' lang='lat' dir='ltr'>Minime</span> <span class='ocrx_word' id='word_1_62' title='bbox 227 711 358 748; x_wconf 84' lang='lat' dir='ltr'>quidem</span> <span class='ocrx_word' id='word_1_63' title='bbox 391 710 473 740; x_wconf 89' lang='lat' dir='ltr'>mibi</span> <span class='ocrx_word' id='word_1_64' title='bbox 501 718 519 739; x_wconf 86' lang='lat' dir='ltr'>a</span> <span class='ocrx_word' id='word_1_65' title='bbox 546 708 774 746; x_wconf 75' lang='lat' dir='ltr'>Benefactore,</span> 
     </span>
     <span class='ocr_line' id='line_1_12' title="bbox 70 755 774 788; baseline 0 -4"><span class='ocrx_word' id='word_1_66' title='bbox 70 755 156 786; x_wconf 85' lang='lat' dir='ltr'>sicut</span> <span class='ocrx_word' id='word_1_67' title='bbox 181 764 243 786; x_wconf 90' lang='lat' dir='ltr'>nec</span> <span class='ocrx_word' id='word_1_68' title='bbox 273 764 292 785; x_wconf 90' lang='lat' dir='ltr'>a</span> <span class='ocrx_word' id='word_1_69' title='bbox 315 757 409 788; x_wconf 79' lang='lat' dir='ltr'>Ratre</span> <span class='ocrx_word' id='word_1_70' title='bbox 447 755 640 785; x_wconf 88' lang='lat' dir='ltr'>timendum.</span> <span class='ocrx_word' id='word_1_71' title='bbox 671 755 774 784; x_wconf 85' lang='lat' dir='ltr'>Verus</span> 
     </span>
     <span class='ocr_line' id='line_1_13' title="bbox 70 799 773 838; baseline 0 -9"><span class='ocrx_word' id='word_1_72' title='bbox 70 800 193 838; x_wconf 80' lang='lat' dir='ltr'>quippe</span> <span class='ocrx_word' id='word_1_73' title='bbox 216 800 383 830; x_wconf 85' lang='lat' dir='ltr'>beneficus</span> <span class='ocrx_word' id='word_1_74' title='bbox 409 800 475 838; x_wconf 80' lang='lat' dir='ltr'>est,</span> <span class='ocrx_word' id='word_1_75' title='bbox 489 800 567 830; x_wconf 86' lang='lat' dir='ltr'>dans</span> <span class='ocrx_word' id='word_1_76' title='bbox 583 799 773 837; x_wconf 76' lang='lat' dir='ltr'>affluenter,</span> 
     </span>
     <span class='ocr_line' id='line_1_14' title="bbox 71 845 775 883; baseline -0.001 -8"><span class='ocrx_word' id='word_1_77' title='bbox 71 846 104 875; x_wconf 89' lang='lat' dir='ltr'>et</span> <span class='ocrx_word' id='word_1_78' title='bbox 126 854 190 875; x_wconf 89' lang='lat' dir='ltr'>non</span> <span class='ocrx_word' id='word_1_79' title='bbox 218 846 452 883; x_wconf 84' lang='lat' dir='ltr'>improperans.</span> <span class='ocrx_word' id='word_1_80' title='bbox 477 846 546 875; x_wconf 89' lang='lat' dir='ltr'>Non</span> <span class='ocrx_word' id='word_1_81' title='bbox 576 845 775 883; x_wconf 82' lang='lat' dir='ltr'>improperat</span> 
     </span>
     <span class='ocr_line' id='line_1_15' title="bbox 70 889 775 929; baseline -0.001 -9"><span class='ocrx_word' id='word_1_82' title='bbox 70 889 171 928; x_wconf 85' lang='lat' dir='ltr'>dona,</span> <span class='ocrx_word' id='word_1_83' title='bbox 185 890 261 929; x_wconf 89' lang='lat' dir='ltr'>quia</span> <span class='ocrx_word' id='word_1_84' title='bbox 276 891 357 920; x_wconf 89' lang='lat' dir='ltr'>dona</span> <span class='ocrx_word' id='word_1_85' title='bbox 372 891 447 920; x_wconf 89' lang='lat' dir='ltr'>sunt</span> <span class='ocrx_word' id='word_1_86' title='bbox 463 899 471 919; x_wconf 71' lang='grc' dir='ltr'><strong>ε</strong></span> <span class='ocrx_word' id='word_1_87' title='bbox 489 891 522 920; x_wconf 86' lang='lat' dir='ltr'>et</span> <span class='ocrx_word' id='word_1_88' title='bbox 544 889 703 919; x_wconf 85' lang='lat' dir='ltr'>beneficia</span> <span class='ocrx_word' id='word_1_89' title='bbox 719 898 775 919; x_wconf 85' lang='lat' dir='ltr'>sua</span> 
     </span>
     <span class='ocr_line' id='line_1_16' title="bbox 71 935 774 974; baseline 0.001 -9"><span class='ocrx_word' id='word_1_90' title='bbox 71 935 151 965; x_wconf 88' lang='lat' dir='ltr'>mihi</span> <span class='ocrx_word' id='word_1_91' title='bbox 167 936 275 974; x_wconf 87' lang='lat' dir='ltr'>dedit,</span> <span class='ocrx_word' id='word_1_92' title='bbox 287 945 351 966; x_wconf 90' lang='lat' dir='ltr'>non</span> <span class='ocrx_word' id='word_1_93' title='bbox 363 937 523 967; x_wconf 87' lang='lat' dir='ltr'>vendidit.</span> <span class='ocrx_word' id='word_1_94' title='bbox 541 936 688 974; x_wconf 84' lang='lat' dir='ltr'>Denique</span> <span class='ocrx_word' id='word_1_95' title='bbox 705 936 774 966; x_wconf 80' lang='lat' dir='ltr'>sine</span> 
     </span>
     <span class='ocr_line' id='line_1_17' title="bbox 70 981 774 1020; baseline 0.001 -10"><span class='ocrx_word' id='word_1_96' title='bbox 70 981 266 1019; x_wconf 86' lang='lat' dir='ltr'>poenitentia</span> <span class='ocrx_word' id='word_1_97' title='bbox 290 982 366 1012; x_wconf 88' lang='lat' dir='ltr'>sunt</span> <span class='ocrx_word' id='word_1_98' title='bbox 388 983 471 1012; x_wconf 87' lang='lat' dir='ltr'>dona</span> <span class='ocrx_word' id='word_1_99' title='bbox 488 982 570 1019; x_wconf 88' lang='lat' dir='ltr'>ejus.</span> <span class='ocrx_word' id='word_1_100' title='bbox 601 982 641 1012; x_wconf 89' lang='lat' dir='ltr'>At</span> <span class='ocrx_word' id='word_1_101' title='bbox 655 983 774 1020; x_wconf 85' lang='lat' dir='ltr'>quanto</span> 
     </span>
     <span class='ocr_line' id='line_1_18' title="bbox 65 1026 774 1066; baseline 0.001 -10"><span class='ocrx_word' id='word_1_102' title='bbox 65 1026 110 1056; x_wconf 76' lang='lat' dir='ltr'>de</span> <span class='ocrx_word' id='word_1_103' title='bbox 126 1026 181 1056; x_wconf 91' lang='lat' dir='ltr'>illo</span> <span class='ocrx_word' id='word_1_104' title='bbox 196 1027 482 1066; x_wconf 76' lang='lat' dir='ltr'>benigniu3,tanto</span> <span class='ocrx_word' id='word_1_105' title='bbox 495 1028 534 1058; x_wconf 88' lang='lat' dir='ltr'>de</span> <span class='ocrx_word' id='word_1_106' title='bbox 546 1036 599 1058; x_wconf 90' lang='lat' dir='ltr'>me</span> <span class='ocrx_word' id='word_1_107' title='bbox 612 1028 774 1065; x_wconf 80' lang='lat' dir='ltr'>indignius</span> 
     </span>
     <span class='ocr_line' id='line_1_19' title="bbox 69 1073 774 1111; baseline 0 -9"><span class='ocrx_word' id='word_1_108' title='bbox 69 1073 191 1102; x_wconf 85' lang='lat' dir='ltr'>sentire</span> <span class='ocrx_word' id='word_1_109' title='bbox 207 1081 313 1111; x_wconf 78' lang='lat' dir='ltr'>cogor.</span> <span class='ocrx_word' id='word_1_110' title='bbox 330 1074 504 1111; x_wconf 80' lang='lat' dir='ltr'>Erubesce,</span> <span class='ocrx_word' id='word_1_111' title='bbox 519 1075 551 1104; x_wconf 88' lang='lat' dir='ltr'>et</span> <span class='ocrx_word' id='word_1_112' title='bbox 566 1074 638 1103; x_wconf 88' lang='lat' dir='ltr'>dole</span> <span class='ocrx_word' id='word_1_113' title='bbox 654 1074 774 1103; x_wconf 70' lang='grc'><strong>11111110-</strong></span> 
     </span>
     <span class='ocr_line' id='line_1_20' title="bbox 70 1117 772 1157; baseline 0.001 -10"><span class='ocrx_word' id='word_1_114' title='bbox 70 1117 180 1148; x_wconf 88' lang='lat' dir='ltr'>minus</span> <span class='ocrx_word' id='word_1_115' title='bbox 195 1119 301 1148; x_wconf 88' lang='lat' dir='ltr'>anima</span> <span class='ocrx_word' id='word_1_116' title='bbox 316 1127 388 1148; x_wconf 91' lang='lat' dir='ltr'>mea</span> <span class='ocrx_word' id='word_1_117' title='bbox 403 1128 411 1148; x_wconf 74' lang='grc' dir='ltr'><strong>ε</strong></span> <span class='ocrx_word' id='word_1_118' title='bbox 427 1120 581 1157; x_wconf 88' lang='lat' dir='ltr'>quoniam</span> <span class='ocrx_word' id='word_1_119' title='bbox 597 1119 658 1149; x_wconf 80' lang='lat' dir='ltr'>etsi</span> <span class='ocrx_word' id='word_1_120' title='bbox 681 1120 772 1149; x_wconf 88' lang='lat' dir='ltr'>illum</span> 
     </span>
     <span class='ocr_line' id='line_1_21' title="bbox 69 1165 772 1203; baseline 0.003 -10"><span class='ocrx_word' id='word_1_121' title='bbox 69 1171 134 1193; x_wconf 86' lang='lat' dir='ltr'>non</span> <span class='ocrx_word' id='word_1_122' title='bbox 149 1165 298 1202; x_wconf 88' lang='lat' dir='ltr'>repetere</span> <span class='ocrx_word' id='word_1_123' title='bbox 312 1166 344 1194; x_wconf 90' lang='lat' dir='ltr'>et</span> <span class='ocrx_word' id='word_1_124' title='bbox 355 1173 419 1194; x_wconf 91' lang='lat' dir='ltr'>non</span> <span class='ocrx_word' id='word_1_125' title='bbox 431 1165 651 1203; x_wconf 82' lang='lat' dir='ltr'>improperare</span> <span class='ocrx_word' id='word_1_126' title='bbox 668 1165 772 1203; x_wconf 78' lang='lat' dir='ltr'>decet,</span> 
     </span>
     <span class='ocr_line' id='line_1_22' title="bbox 65 1210 774 1248; baseline 0 -9"><span class='ocrx_word' id='word_1_127' title='bbox 65 1217 127 1240; x_wconf 81' lang='lat' dir='ltr'>nos</span> <span class='ocrx_word' id='word_1_128' title='bbox 141 1210 249 1239; x_wconf 88' lang='lat' dir='ltr'>tamen</span> <span class='ocrx_word' id='word_1_129' title='bbox 263 1210 393 1240; x_wconf 88' lang='lat' dir='ltr'>omnino</span> <span class='ocrx_word' id='word_1_130' title='bbox 407 1210 544 1241; x_wconf 82' lang='lat' dir='ltr'>dedecet</span> <span class='ocrx_word' id='word_1_131' title='bbox 558 1211 698 1248; x_wconf 77' lang='lat' dir='ltr'>ingratos</span> <span class='ocrx_word' id='word_1_132' title='bbox 714 1211 774 1240; x_wconf 89' lang='lat' dir='ltr'>im-</span> 
     </span>
     <span class='ocr_line' id='line_1_23' title="bbox 67 1255 772 1294; baseline 0.003 -10"><span class='ocrx_word' id='word_1_133' title='bbox 67 1263 293 1294; x_wconf 84' lang='lat' dir='ltr'>memoresque</span> <span class='ocrx_word' id='word_1_134' title='bbox 313 1255 489 1286; x_wconf 76' lang='lat' dir='ltr'>exstitisse.</span> <span class='ocrx_word' id='word_1_135' title='bbox 516 1256 605 1285; x_wconf 89' lang='lat' dir='ltr'>Heu!</span> <span class='ocrx_word' id='word_1_136' title='bbox 620 1256 699 1294; x_wconf 90' lang='lat' dir='ltr'>quid</span> <span class='ocrx_word' id='word_1_137' title='bbox 721 1258 772 1286; x_wconf 73' lang='lat' dir='ltr'>vel</span> 
     </span>
     <span class='ocr_line' id='line_1_24' title="bbox 70 1300 774 1340; baseline 0.001 -11"><span class='ocrx_word' id='word_1_138' title='bbox 70 1307 154 1329; x_wconf 90' lang='lat' dir='ltr'>nunc</span> <span class='ocrx_word' id='word_1_139' title='bbox 162 1300 294 1330; x_wconf 85' lang='lat' dir='ltr'>tandem</span> <span class='ocrx_word' id='word_1_140' title='bbox 306 1300 484 1330; x_wconf 82' lang='lat' dir='ltr'>retribuam</span> <span class='ocrx_word' id='word_1_141' title='bbox 493 1301 630 1330; x_wconf 88' lang='lat' dir='ltr'>Domino</span> <span class='ocrx_word' id='word_1_142' title='bbox 639 1309 696 1340; x_wconf 82' lang='lat' dir='ltr'>pro</span> <span class='ocrx_word' id='word_1_143' title='bbox 708 1310 774 1330; x_wconf 91' lang='lat' dir='ltr'>om-</span> 
     </span>
     <span class='ocr_line' id='line_1_25' title="bbox 67 1345 542 1384; baseline 0.002 -10"><span class='ocrx_word' id='word_1_144' title='bbox 67 1345 166 1375; x_wconf 88' lang='lat' dir='ltr'>nibus</span> <span class='ocrx_word' id='word_1_145' title='bbox 180 1354 250 1384; x_wconf 83' lang='lat' dir='ltr'>quae</span> <span class='ocrx_word' id='word_1_146' title='bbox 265 1346 419 1377; x_wconf 85' lang='lat' dir='ltr'>retribuit</span> <span class='ocrx_word' id='word_1_147' title='bbox 438 1346 542 1376; x_wconf 69' lang='lat' dir='ltr'>mihi?</span> 
     </span>
    </p>

    <p class='ocr_par' dir='ltr' id='par_1_5' title="bbox 68 1391 773 1476">
     <span class='ocr_line' id='line_1_26' title="bbox 111 1391 773 1431; baseline 0.002 -10"><span class='ocrx_word' id='word_1_148' title='bbox 111 1391 141 1421; x_wconf 91' lang='lat'>6.</span> <span class='ocrx_word' id='word_1_149' title='bbox 154 1392 246 1429; x_wconf 88' lang='lat' dir='ltr'>Quod</span> <span class='ocrx_word' id='word_1_150' title='bbox 266 1392 294 1422; x_wconf 89' lang='lat' dir='ltr'>si</span> <span class='ocrx_word' id='word_1_151' title='bbox 323 1392 452 1430; x_wconf 83' lang='lat' dir='ltr'>segnior</span> <span class='ocrx_word' id='word_1_152' title='bbox 474 1392 556 1423; x_wconf 82' lang='lat' dir='ltr'>forte</span> <span class='ocrx_word' id='word_1_153' title='bbox 580 1400 652 1422; x_wconf 86' lang='lat' dir='ltr'>suas</span> <span class='ocrx_word' id='word_1_154' title='bbox 666 1394 773 1431; x_wconf 82' lang='lat' dir='ltr'>partes</span> 
     </span>
     <span class='ocr_line' id='line_1_27' title="bbox 68 1437 772 1476; baseline 0.001 -9"><span class='ocrx_word' id='word_1_155' title='bbox 68 1437 177 1467; x_wconf 86' lang='lat' dir='ltr'>minus</span> <span class='ocrx_word' id='word_1_156' title='bbox 205 1438 394 1476; x_wconf 84' lang='lat' dir='ltr'>exsequitur</span> <span class='ocrx_word' id='word_1_157' title='bbox 421 1438 543 1476; x_wconf 87' lang='lat' dir='ltr'>pudor,</span> <span class='ocrx_word' id='word_1_158' title='bbox 575 1439 672 1468; x_wconf 85' lang='lat' dir='ltr'>timor</span> <span class='ocrx_word' id='word_1_159' title='bbox 697 1447 772 1469; x_wconf 85' lang='lat' dir='ltr'>sane</span> 
     </span>
    </p>
   </div>
   <div class='ocr_carea' id='block_1_5' title="bbox 71 1483 792 1522">
    <p class='ocr_par' dir='ltr' id='par_1_6' title="bbox 71 1483 792 1522">
     <span class='ocr_line' id='line_1_28' title="bbox 71 1483 792 1522; baseline 0.003 -10"><span class='ocrx_word' id='word_1_160' title='bbox 71 1483 234 1512; x_wconf 77' lang='lat' dir='ltr'>excitetur</span> <span class='ocrx_word' id='word_1_161' title='bbox 248 1483 281 1513; x_wconf 90' lang='lat' dir='ltr'>in</span> <span class='ocrx_word' id='word_1_162' title='bbox 304 1483 516 1520; x_wconf 80' lang='lat' dir='ltr'>adjutorium.</span> <span class='ocrx_word' id='word_1_163' title='bbox 534 1484 720 1522; x_wconf 71' lang='lat' dir='ltr'>Excstetur,</span> <span class='ocrx_word' id='word_1_164' title='bbox 739 1486 774 1514; x_wconf 81' lang='lat' dir='ltr'>nt</span> <span class='ocrx_word' id='word_1_165' title='bbox 791 1485 792 1488; x_wconf 76' lang='grc'>’</span> 
     </span>
    </p>
   </div>
   <div class='ocr_carea' id='block_1_6' title="bbox 63 1528 777 2703">
    <p class='ocr_par' dir='ltr' id='par_1_7' title="bbox 63 1528 777 2619">
     <span class='ocr_line' id='line_1_29' title="bbox 67 1528 775 1567; baseline 0.004 -10"><span class='ocrx_word' id='word_1_166' title='bbox 67 1528 205 1558; x_wconf 79' lang='lat' dir='ltr'>excitet.</span> <span class='ocrx_word' id='word_1_167' title='bbox 221 1528 347 1567; x_wconf 87' lang='lat' dir='ltr'>Sepone</span> <span class='ocrx_word' id='word_1_168' title='bbox 359 1538 472 1567; x_wconf 87' lang='lat' dir='ltr'>parum</span> <span class='ocrx_word' id='word_1_169' title='bbox 485 1529 539 1567; x_wconf 87' lang='lat' dir='ltr'>pia</span> <span class='ocrx_word' id='word_1_170' title='bbox 553 1529 709 1560; x_wconf 75' lang='lat' dir='ltr'>vocabula</span> <span class='ocrx_word' id='word_1_171' title='bbox 717 1531 775 1560; x_wconf 81' lang='lat' dir='ltr'>Be-</span> 
     </span>
     <span class='ocr_line' id='line_1_30' title="bbox 70 1573 774 1614; baseline 0.003 -10"><span class='ocrx_word' id='word_1_172' title='bbox 70 1573 244 1604; x_wconf 82' lang='lat' dir='ltr'>neractoris</span> <span class='ocrx_word' id='word_1_173' title='bbox 270 1575 304 1604; x_wconf 88' lang='lat' dir='ltr'>et</span> <span class='ocrx_word' id='word_1_174' title='bbox 327 1575 448 1612; x_wconf 85' lang='lat' dir='ltr'>Patris,</span> <span class='ocrx_word' id='word_1_175' title='bbox 474 1578 570 1614; x_wconf 86' lang='lat' dir='ltr'>atque</span> <span class='ocrx_word' id='word_1_176' title='bbox 597 1575 637 1605; x_wconf 85' lang='lat' dir='ltr'>ad</span> <span class='ocrx_word' id='word_1_177' title='bbox 666 1578 774 1606; x_wconf 87' lang='lat' dir='ltr'>auste-</span> 
     </span>
     <span class='ocr_line' id='line_1_31' title="bbox 70 1619 774 1659; baseline 0.004 -11"><span class='ocrx_word' id='word_1_178' title='bbox 70 1619 154 1649; x_wconf 82' lang='lat' dir='ltr'>riora</span> <span class='ocrx_word' id='word_1_179' title='bbox 187 1620 390 1650; x_wconf 87' lang='lat' dir='ltr'>convertere.</span> <span class='ocrx_word' id='word_1_180' title='bbox 418 1621 540 1659; x_wconf 81' lang='lat' dir='ltr'>Nempe</span> <span class='ocrx_word' id='word_1_181' title='bbox 569 1621 625 1659; x_wconf 93' lang='lat' dir='ltr'>qui</span> <span class='ocrx_word' id='word_1_182' title='bbox 654 1621 774 1659; x_wconf 82' lang='lat' dir='ltr'>legitur</span> 
     </span>
     <span class='ocr_line' id='line_1_32' title="bbox 69 1666 774 1703; baseline 0.001 -7"><span class='ocrx_word' id='word_1_183' title='bbox 69 1666 164 1696; x_wconf 80' lang='lat' dir='ltr'>Pater</span> <span class='ocrx_word' id='word_1_184' title='bbox 193 1667 472 1696; x_wconf 69' lang='lat' dir='ltr'>misericordiarum</span> <span class='ocrx_word' id='word_1_185' title='bbox 484 1688 494 1703; x_wconf 89' lang='lat'>‚</span> <span class='ocrx_word' id='word_1_186' title='bbox 520 1668 548 1696; x_wconf 78' lang='lat' dir='ltr'>et</span> <span class='ocrx_word' id='word_1_187' title='bbox 575 1669 658 1697; x_wconf 75' lang='lat' dir='ltr'>Deus</span> <span class='ocrx_word' id='word_1_188' title='bbox 683 1668 774 1698; x_wconf 73' lang='lat' dir='ltr'>totius</span> 
     </span>
     <span class='ocr_line' id='line_1_33' title="bbox 69 1712 774 1750; baseline 0.003 -9"><span class='ocrx_word' id='word_1_189' title='bbox 69 1713 302 1750; x_wconf 75' lang='lat' dir='ltr'>consolationis3</span> <span class='ocrx_word' id='word_1_190' title='bbox 318 1712 439 1749; x_wconf 81' lang='lat' dir='ltr'>legitur</span> <span class='ocrx_word' id='word_1_191' title='bbox 464 1713 678 1742; x_wconf 85' lang='lat' dir='ltr'>nihilominus</span> <span class='ocrx_word' id='word_1_192' title='bbox 692 1715 774 1743; x_wconf 69' lang='lat' dir='ltr'>Deus</span> 
     </span>
     <span class='ocr_line' id='line_1_34' title="bbox 69 1757 773 1796; baseline 0.003 -10"><span class='ocrx_word' id='word_1_193' title='bbox 69 1757 220 1786; x_wconf 77' lang='lat' dir='ltr'>ultionum</span> <span class='ocrx_word' id='word_1_194' title='bbox 247 1758 416 1795; x_wconf 76' lang='lat' dir='ltr'>Dominus,·</span> <span class='ocrx_word' id='word_1_195' title='bbox 442 1758 563 1796; x_wconf 78' lang='lat' dir='ltr'>legitur</span> <span class='ocrx_word' id='word_1_196' title='bbox 584 1760 666 1788; x_wconf 77' lang='lat' dir='ltr'>Deus</span> <span class='ocrx_word' id='word_1_197' title='bbox 677 1758 773 1795; x_wconf 68' lang='lat' dir='ltr'>judex</span> 
     </span>
     <span class='ocr_line' id='line_1_35' title="bbox 63 1803 774 1841; baseline 0.004 -10"><span class='ocrx_word' id='word_1_198' title='bbox 63 1803 168 1840; x_wconf 76' lang='lat' dir='ltr'>justus</span> <span class='ocrx_word' id='word_1_199' title='bbox 188 1804 216 1832; x_wconf 81' lang='lat' dir='ltr'>et</span> <span class='ocrx_word' id='word_1_200' title='bbox 230 1804 337 1841; x_wconf 74' lang='lat' dir='ltr'>forl1&#39;33</span> <span class='ocrx_word' id='word_1_201' title='bbox 361 1803 481 1841; x_wconf 76' lang='lat' dir='ltr'>legitur</span> <span class='ocrx_word' id='word_1_202' title='bbox 496 1804 640 1834; x_wconf 62' lang='lat' dir='ltr'>terribilis</span> <span class='ocrx_word' id='word_1_203' title='bbox 656 1805 687 1833; x_wconf 81' lang='lat' dir='ltr'>in</span> <span class='ocrx_word' id='word_1_204' title='bbox 703 1813 774 1834; x_wconf 81' lang='lat' dir='ltr'>con-</span> 
     </span>
     <span class='ocr_line' id='line_1_36' title="bbox 68 1848 774 1888; baseline 0.004 -11"><span class='ocrx_word' id='word_1_205' title='bbox 68 1848 145 1878; x_wconf 70' lang='lat' dir='ltr'>siliis</span> <span class='ocrx_word' id='word_1_206' title='bbox 158 1857 248 1887; x_wconf 82' lang='lat' dir='ltr'>super</span> <span class='ocrx_word' id='word_1_207' title='bbox 266 1849 344 1886; x_wconf 78' lang='lat' dir='ltr'>filios</span> <span class='ocrx_word' id='word_1_208' title='bbox 359 1849 538 1888; x_wconf 79' lang='lat' dir='ltr'>hominum,-</span> <span class='ocrx_word' id='word_1_209' title='bbox 557 1849 678 1887; x_wconf 77' lang='lat' dir='ltr'>legitur</span> <span class='ocrx_word' id='word_1_210' title='bbox 691 1852 774 1881; x_wconf 78' lang='lat' dir='ltr'>Deus</span> 
     </span>
     <span class='ocr_line' id='line_1_37' title="bbox 69 1895 774 1933; baseline 0.003 -10"><span class='ocrx_word' id='word_1_211' title='bbox 69 1895 185 1923; x_wconf 78' lang='lat' dir='ltr'>zelans.</span> <span class='ocrx_word' id='word_1_212' title='bbox 202 1895 293 1931; x_wconf 88' lang='lat' dir='ltr'>Quod</span> <span class='ocrx_word' id='word_1_213' title='bbox 314 1895 408 1932; x_wconf 86' lang='lat' dir='ltr'>pater</span> <span class='ocrx_word' id='word_1_214' title='bbox 428 1896 495 1932; x_wconf 84' lang='lat' dir='ltr'>est,</span> <span class='ocrx_word' id='word_1_215' title='bbox 509 1895 593 1933; x_wconf 89' lang='lat' dir='ltr'>quod</span> <span class='ocrx_word' id='word_1_216' title='bbox 610 1895 774 1926; x_wconf 82' lang='lat' dir='ltr'>beneficus</span> 
     </span>
     <span class='ocr_line' id='line_1_38' title="bbox 71 1940 771 1979; baseline 0.004 -11"><span class='ocrx_word' id='word_1_217' title='bbox 71 1940 137 1977; x_wconf 89' lang='lat' dir='ltr'>est,</span> <span class='ocrx_word' id='word_1_218' title='bbox 154 1940 213 1969; x_wconf 90' lang='lat' dir='ltr'>tibi</span> <span class='ocrx_word' id='word_1_219' title='bbox 230 1941 298 1970; x_wconf 85' lang='lat' dir='ltr'>est:</span> <span class='ocrx_word' id='word_1_220' title='bbox 315 1941 400 1979; x_wconf 84' lang='lat' dir='ltr'>quod</span> <span class='ocrx_word' id='word_1_221' title='bbox 416 1941 570 1977; x_wconf 65' lang='lat' dir='ltr'>Domitius</span> <span class='ocrx_word' id='word_1_222' title='bbox 586 1949 622 1971; x_wconf 87' lang='lat' dir='ltr'>ac</span> <span class='ocrx_word' id='word_1_223' title='bbox 636 1942 771 1979; x_wconf 81' lang='lat' dir='ltr'>creator,</span> 
     </span>
     <span class='ocr_line' id='line_1_39' title="bbox 68 1985 773 2025; baseline 0.001 -9"><span class='ocrx_word' id='word_1_224' title='bbox 68 1985 148 2023; x_wconf 80' lang='lat' dir='ltr'>sibi3</span> <span class='ocrx_word' id='word_1_225' title='bbox 175 1987 296 2016; x_wconf 86' lang='lat' dir='ltr'>etenim</span> <span class='ocrx_word' id='word_1_226' title='bbox 329 1989 454 2025; x_wconf 79' lang='lat' dir='ltr'>propter</span> <span class='ocrx_word' id='word_1_227' title='bbox 485 1988 677 2025; x_wconf 72' lang='lat' dir='ltr'>semetipsum</span> <span class='ocrx_word' id='word_1_228' title='bbox 705 1988 773 2025; x_wconf 77' lang='lat' dir='ltr'>fecit</span> 
     </span>
     <span class='ocr_line' id='line_1_40' title="bbox 71 2032 772 2071; baseline 0.001 -10"><span class='ocrx_word' id='word_1_229' title='bbox 71 2033 195 2068; x_wconf 79' lang='lat' dir='ltr'>omnia,</span> <span class='ocrx_word' id='word_1_230' title='bbox 212 2032 377 2070; x_wconf 80' lang='lat' dir='ltr'>Scriptura</span> <span class='ocrx_word' id='word_1_231' title='bbox 402 2033 497 2063; x_wconf 82' lang='lat' dir='ltr'>teste.</span> <span class='ocrx_word' id='word_1_232' title='bbox 519 2033 580 2070; x_wconf 90' lang='lat' dir='ltr'>Qui</span> <span class='ocrx_word' id='word_1_233' title='bbox 596 2041 671 2071; x_wconf 77' lang='lat' dir='ltr'>ergo</span> <span class='ocrx_word' id='word_1_234' title='bbox 689 2034 772 2071; x_wconf 88' lang='lat' dir='ltr'>quod</span> 
     </span>
     <span class='ocr_line' id='line_1_41' title="bbox 70 2078 772 2117; baseline 0.003 -10"><span class='ocrx_word' id='word_1_235' title='bbox 70 2078 160 2107; x_wconf 80' lang='lat' dir='ltr'>tuum</span> <span class='ocrx_word' id='word_1_236' title='bbox 174 2079 221 2108; x_wconf 88' lang='lat' dir='ltr'>est</span> <span class='ocrx_word' id='word_1_237' title='bbox 237 2079 297 2108; x_wconf 89' lang='lat' dir='ltr'>tibi</span> <span class='ocrx_word' id='word_1_238' title='bbox 312 2078 459 2109; x_wconf 81' lang='lat' dir='ltr'>defendit</span> <span class='ocrx_word' id='word_1_239' title='bbox 473 2087 509 2109; x_wconf 89' lang='lat' dir='ltr'>ac</span> <span class='ocrx_word' id='word_1_240' title='bbox 521 2080 645 2116; x_wconf 81' lang='lat' dir='ltr'>servat3</span> <span class='ocrx_word' id='word_1_241' title='bbox 662 2080 772 2117; x_wconf 85' lang='lat' dir='ltr'>putas,</span> 
     </span>
     <span class='ocr_line' id='line_1_42' title="bbox 71 2123 774 2163; baseline 0.004 -12"><span class='ocrx_word' id='word_1_242' title='bbox 71 2123 104 2152; x_wconf 88' lang='lat' dir='ltr'>et</span> <span class='ocrx_word' id='word_1_243' title='bbox 120 2131 176 2160; x_wconf 90' lang='lat' dir='ltr'>pro</span> <span class='ocrx_word' id='word_1_244' title='bbox 201 2131 234 2153; x_wconf 90' lang='lat' dir='ltr'>se</span> <span class='ocrx_word' id='word_1_245' title='bbox 251 2124 423 2162; x_wconf 89' lang='lat' dir='ltr'>aliquando</span> <span class='ocrx_word' id='word_1_246' title='bbox 446 2132 511 2154; x_wconf 92' lang='lat' dir='ltr'>non</span> <span class='ocrx_word' id='word_1_247' title='bbox 526 2124 665 2154; x_wconf 79' lang='lat' dir='ltr'>zelabit?</span> <span class='ocrx_word' id='word_1_248' title='bbox 679 2126 774 2163; x_wconf 85' lang='lat' dir='ltr'>putas</span> 
     </span>
     <span class='ocr_line' id='line_1_43' title="bbox 71 2168 774 2208; baseline 0.001 -10"><span class='ocrx_word' id='word_1_249' title='bbox 71 2168 119 2198; x_wconf 88' lang='lat' dir='ltr'>sui</span> <span class='ocrx_word' id='word_1_250' title='bbox 137 2177 198 2199; x_wconf 92' lang='lat' dir='ltr'>non</span> <span class='ocrx_word' id='word_1_251' title='bbox 216 2169 362 2208; x_wconf 84' lang='lat' dir='ltr'>requiret</span> <span class='ocrx_word' id='word_1_252' title='bbox 376 2170 578 2208; x_wconf 79' lang='lat' dir='ltr'>principatus</span> <span class='ocrx_word' id='word_1_253' title='bbox 595 2170 774 2201; x_wconf 78' lang='lat' dir='ltr'>honorem?</span> 
     </span>
     <span class='ocr_line' id='line_1_44' title="bbox 71 2213 773 2255; baseline 0.004 -12"><span class='ocrx_word' id='word_1_254' title='bbox 71 2213 201 2252; x_wconf 78' lang='lat' dir='ltr'>Propter</span> <span class='ocrx_word' id='word_1_255' title='bbox 216 2215 275 2246; x_wconf 87' lang='lat' dir='ltr'>hoc</span> <span class='ocrx_word' id='word_1_256' title='bbox 291 2217 422 2246; x_wconf 67' lang='lat' dir='ltr'>irritari(</span> <span class='ocrx_word' id='word_1_257' title='bbox 438 2217 547 2255; x_wconf 72' lang='lat' dir='ltr'>impius</span> <span class='ocrx_word' id='word_1_258' title='bbox 566 2218 665 2246; x_wconf 76' lang='lat' dir='ltr'>Deum</span> <span class='ocrx_word' id='word_1_259' title='bbox 674 2239 683 2254; x_wconf 88' lang='lat'>,</span> <span class='ocrx_word' id='word_1_260' title='bbox 699 2217 773 2255; x_wconf 84' lang='lat' dir='ltr'>quia</span> 
     </span>
     <span class='ocr_line' id='line_1_45' title="bbox 71 2259 774 2301; baseline 0.004 -12"><span class='ocrx_word' id='word_1_261' title='bbox 71 2259 148 2290; x_wconf 70' lang='lat' dir='ltr'>dizit</span> <span class='ocrx_word' id='word_1_262' title='bbox 163 2262 194 2290; x_wconf 82' lang='grc' dir='ltr'>ἱη</span> <span class='ocrx_word' id='word_1_263' title='bbox 211 2262 297 2291; x_wconf 87' lang='lat' dir='ltr'>corde</span> <span class='ocrx_word' id='word_1_264' title='bbox 310 2271 363 2292; x_wconf 78' lang='lat' dir='ltr'>suo</span> <span class='ocrx_word' id='word_1_265' title='bbox 373 2284 382 2298; x_wconf 93' lang='lat'>,</span> <span class='ocrx_word' id='word_1_266' title='bbox 398 2263 470 2292; x_wconf 79' lang='grc' dir='ltr'>Νοη</span> <span class='ocrx_word' id='word_1_267' title='bbox 485 2263 629 2301; x_wconf 79' lang='lat' dir='ltr'>requiret.</span> <span class='ocrx_word' id='word_1_268' title='bbox 644 2263 682 2292; x_wconf 86' lang='lat' dir='ltr'>Et</span> <span class='ocrx_word' id='word_1_269' title='bbox 696 2263 774 2301; x_wconf 88' lang='lat' dir='ltr'>quid</span> 
     </span>
     <span class='ocr_line' id='line_1_46' title="bbox 71 2306 774 2347; baseline 0.006 -13"><span class='ocrx_word' id='word_1_270' title='bbox 71 2306 160 2335; x_wconf 84' lang='lat' dir='ltr'>estin</span> <span class='ocrx_word' id='word_1_271' title='bbox 169 2306 263 2336; x_wconf 86' lang='lat' dir='ltr'>corde</span> <span class='ocrx_word' id='word_1_272' title='bbox 273 2316 330 2337; x_wconf 87' lang='lat' dir='ltr'>suo</span> <span class='ocrx_word' id='word_1_273' title='bbox 338 2307 460 2346; x_wconf 81' lang='lat' dir='ltr'>dicere,</span> <span class='ocrx_word' id='word_1_274' title='bbox 472 2309 684 2347; x_wconf 19' lang='lat' dir='ltr'>Nonrrequiret</span> <span class='ocrx_word' id='word_1_275' title='bbox 693 2330 702 2346; x_wconf 88' lang='lat'>,</span> <span class='ocrx_word' id='word_1_276' title='bbox 711 2309 774 2338; x_wconf 87' lang='lat' dir='ltr'>nisi</span> 
     </span>
     <span class='ocr_line' id='line_1_47' title="bbox 71 2353 776 2392; baseline 0.004 -12"><span class='ocrx_word' id='word_1_277' title='bbox 71 2358 134 2380; x_wconf 89' lang='lat' dir='ltr'>non</span> <span class='ocrx_word' id='word_1_278' title='bbox 148 2354 292 2383; x_wconf 88' lang='lat' dir='ltr'>metuere</span> <span class='ocrx_word' id='word_1_279' title='bbox 305 2353 391 2391; x_wconf 89' lang='lat' dir='ltr'>quod</span> <span class='ocrx_word' id='word_1_280' title='bbox 405 2353 569 2391; x_wconf 74' lang='lat' dir='ltr'>requirat?</span> <span class='ocrx_word' id='word_1_281' title='bbox 584 2354 647 2383; x_wconf 85' lang='lat' dir='ltr'>Sed</span> <span class='ocrx_word' id='word_1_282' title='bbox 667 2354 776 2392; x_wconf 86' lang='lat' dir='ltr'>requi-</span> 
     </span>
     <span class='ocr_line' id='line_1_48' title="bbox 72 2397 773 2438; baseline 0.004 -12"><span class='ocrx_word' id='word_1_283' title='bbox 72 2397 123 2427; x_wconf 90' lang='lat' dir='ltr'>ret</span> <span class='ocrx_word' id='word_1_284' title='bbox 136 2406 236 2436; x_wconf 89' lang='lat' dir='ltr'>usque</span> <span class='ocrx_word' id='word_1_285' title='bbox 253 2399 294 2428; x_wconf 82' lang='lat' dir='ltr'>ad</span> <span class='ocrx_word' id='word_1_286' title='bbox 308 2399 520 2429; x_wconf 85' lang='lat' dir='ltr'>novissimum</span> <span class='ocrx_word' id='word_1_287' title='bbox 535 2399 748 2438; x_wconf 75' lang='lat' dir='ltr'>quadrantem</span> <span class='ocrx_word' id='word_1_288' title='bbox 765 2409 773 2429; x_wconf 91' lang='lat'>:</span> 
     </span>
     <span class='ocr_line' id='line_1_49' title="bbox 71 2443 777 2482; baseline 0.006 -11"><span class='ocrx_word' id='word_1_289' title='bbox 71 2443 216 2480; x_wconf 86' lang='lat' dir='ltr'>requiret</span> <span class='ocrx_word' id='word_1_290' title='bbox 230 2445 262 2474; x_wconf 84' lang='lat' dir='ltr'>et</span> <span class='ocrx_word' id='word_1_291' title='bbox 276 2445 421 2475; x_wconf 75' lang='lat' dir='ltr'>retribuet</span> <span class='ocrx_word' id='word_1_292' title='bbox 433 2444 627 2474; x_wconf 69' lang='lat' dir='ltr'>abundanter</span> <span class='ocrx_word' id='word_1_293' title='bbox 637 2445 777 2482; x_wconf 77' lang='lat' dir='ltr'>facienti-</span> 
     </span>
     <span class='ocr_line' id='line_1_50' title="bbox 74 2487 776 2529; baseline 0.003 -10"><span class='ocrx_word' id='word_1_294' title='bbox 74 2487 127 2519; x_wconf 82' lang='lat' dir='ltr'>bus</span> <span class='ocrx_word' id='word_1_295' title='bbox 160 2490 344 2528; x_wconf 74' lang='lat' dir='ltr'>superbi&#39;am.</span> <span class='ocrx_word' id='word_1_296' title='bbox 380 2490 538 2528; x_wconf 85' lang='lat' dir='ltr'>Requiret</span> <span class='ocrx_word' id='word_1_297' title='bbox 565 2498 583 2520; x_wconf 89' lang='lat' dir='ltr'>a</span> <span class='ocrx_word' id='word_1_298' title='bbox 606 2491 776 2529; x_wconf 87' lang='lat' dir='ltr'>redempto</span> 
     </span>
     <span class='ocr_line' id='line_1_51' title="bbox 73 2534 773 2574; baseline 0.003 -10"><span class='ocrx_word' id='word_1_299' title='bbox 73 2534 261 2573; x_wconf 88' lang='lat' dir='ltr'>servitium,</span> <span class='ocrx_word' id='word_1_300' title='bbox 287 2536 444 2566; x_wconf 87' lang='lat' dir='ltr'>honorem</span> <span class='ocrx_word' id='word_1_301' title='bbox 470 2536 504 2566; x_wconf 88' lang='lat' dir='ltr'>et</span> <span class='ocrx_word' id='word_1_302' title='bbox 528 2536 663 2574; x_wconf 83' lang='lat' dir='ltr'>gloriam</span> <span class='ocrx_word' id='word_1_303' title='bbox 678 2537 718 2566; x_wconf 85' lang='lat' dir='ltr'>ab</span> <span class='ocrx_word' id='word_1_304' title='bbox 734 2545 773 2567; x_wconf 89' lang='lat' dir='ltr'>eo</span> 
     </span>
     <span class='ocr_line' id='line_1_52' title="bbox 73 2582 369 2619; baseline 0.007 -9"><span class='ocrx_word' id='word_1_305' title='bbox 73 2589 168 2619; x_wconf 89' lang='lat' dir='ltr'>quem</span> <span class='ocrx_word' id='word_1_306' title='bbox 183 2582 369 2619; x_wconf 81' lang='lat' dir='ltr'>plasmavit.</span> 
     </span>
    </p>

    <p class='ocr_par' dir='ltr' id='par_1_8' title="bbox 72 2625 776 2703">
     <span class='ocr_line' id='line_1_53' title="bbox 113 2625 776 2665; baseline 0.005 -11"><span class='ocrx_word' id='word_1_307' title='bbox 113 2626 141 2654; x_wconf 93' lang='lat'>7.</span> <span class='ocrx_word' id='word_1_308' title='bbox 159 2627 230 2656; x_wconf 86' lang='lat' dir='ltr'>Esto</span> <span class='ocrx_word' id='word_1_309' title='bbox 247 2626 330 2664; x_wconf 87' lang='lat' dir='ltr'>quod</span> <span class='ocrx_word' id='word_1_310' title='bbox 345 2625 528 2657; x_wconf 84' lang='lat' dir='ltr'>dissimulet</span> <span class='ocrx_word' id='word_1_311' title='bbox 545 2627 658 2665; x_wconf 80' lang='lat' dir='ltr'>Pater,</span> <span class='ocrx_word' id='word_1_312' title='bbox 673 2626 776 2664; x_wconf 78' lang='lat' dir='ltr'>ignos-</span> 
     </span>
     <span class='ocr_line' id='line_1_54' title="bbox 72 2672 776 2703; baseline 0.001 -3"><span class='ocrx_word' id='word_1_313' title='bbox 72 2672 124 2701; x_wconf 82' lang='lat' dir='ltr'>cat</span> <span class='ocrx_word' id='word_1_314' title='bbox 152 2672 317 2702; x_wconf 78' lang='lat' dir='ltr'>Beneficus</span> <span class='ocrx_word' id='word_1_315' title='bbox 343 2681 350 2701; x_wconf 76' lang='lat' dir='ltr'>t</span> <span class='ocrx_word' id='word_1_316' title='bbox 381 2673 437 2702; x_wconf 84' lang='lat' dir='ltr'>sed</span> <span class='ocrx_word' id='word_1_317' title='bbox 470 2681 530 2701; x_wconf 81' lang='lat' dir='ltr'>non</span> <span class='ocrx_word' id='word_1_318' title='bbox 554 2673 714 2703; x_wconf 59' lang='lat' dir='ltr'>Dominus</span> <span class='ocrx_word' id='word_1_319' title='bbox 744 2673 776 2701; x_wconf 79' lang='lat' dir='ltr'>ot</span> 
     </span>
    </p>
   </div>
   <div class='ocr_carea' id='block_1_7' title="bbox 784 243 1521 2662">
    <p class='ocr_par' dir='ltr' id='par_1_9' title="bbox 784 243 1521 2208">
     <span class='ocr_line' id='line_1_55' title="bbox 1458 243 1517 273; baseline -0.017 0"><span class='ocrx_word' id='word_1_320' title='bbox 1458 243 1517 273; x_wconf 66' lang='lat'>¹95</span> 
     </span>
     <span class='ocr_line' id='line_1_56' title="bbox 784 294 1517 335; baseline -0.001 -9"><span class='ocrx_word' id='word_1_321' title='bbox 784 307 786 309; x_wconf 50' lang='lat'>&gt;</span> <span class='ocrx_word' id='word_1_322' title='bbox 811 296 960 334; x_wconf 80' lang='lat' dir='ltr'>Creator3</span> <span class='ocrx_word' id='word_1_323' title='bbox 978 296 1011 326; x_wconf 83' lang='lat' dir='ltr'>et</span> <span class='ocrx_word' id='word_1_324' title='bbox 1029 296 1084 335; x_wconf 88' lang='lat' dir='ltr'>qui</span> <span class='ocrx_word' id='word_1_325' title='bbox 1100 294 1205 334; x_wconf 88' lang='lat' dir='ltr'>parcit</span> <span class='ocrx_word' id='word_1_326' title='bbox 1225 294 1311 333; x_wconf 89' lang='lat' dir='ltr'>filio,</span> <span class='ocrx_word' id='word_1_327' title='bbox 1325 303 1389 326; x_wconf 88' lang='lat' dir='ltr'>non</span> <span class='ocrx_word' id='word_1_328' title='bbox 1405 299 1517 335; x_wconf 75' lang='lat' dir='ltr'>parcet</span> 
     </span>
     <span class='ocr_line' id='line_1_57' title="bbox 810 340 1511 379; baseline -0.001 -8"><span class='ocrx_word' id='word_1_329' title='bbox 810 341 981 379; x_wconf 79' lang='lat' dir='ltr'>figmento,</span> <span class='ocrx_word' id='word_1_330' title='bbox 1008 349 1072 370; x_wconf 91' lang='lat' dir='ltr'>non</span> <span class='ocrx_word' id='word_1_331' title='bbox 1102 340 1215 378; x_wconf 83' lang='lat' dir='ltr'>parcet</span> <span class='ocrx_word' id='word_1_332' title='bbox 1240 347 1334 370; x_wconf 87' lang='lat' dir='ltr'>servo</span> <span class='ocrx_word' id='word_1_333' title='bbox 1360 349 1511 379; x_wconf 78' lang='lat' dir='ltr'>nequam.</span> 
     </span>
     <span class='ocr_line' id='line_1_58' title="bbox 808 385 1513 425; baseline 0.001 -10"><span class='ocrx_word' id='word_1_334' title='bbox 808 388 909 417; x_wconf 84' lang='lat' dir='ltr'>Pensa</span> <span class='ocrx_word' id='word_1_335' title='bbox 927 387 1020 425; x_wconf 82' lang='lat' dir='ltr'>cujus</span> <span class='ocrx_word' id='word_1_336' title='bbox 1041 387 1084 417; x_wconf 87' lang='lat' dir='ltr'>sit</span> <span class='ocrx_word' id='word_1_337' title='bbox 1105 385 1287 416; x_wconf 79' lang='lat' dir='ltr'>formidinis</span> <span class='ocrx_word' id='word_1_338' title='bbox 1303 385 1336 415; x_wconf 86' lang='lat' dir='ltr'>et</span> <span class='ocrx_word' id='word_1_339' title='bbox 1351 385 1491 416; x_wconf 87' lang='lat' dir='ltr'>horroris</span> <span class='ocrx_word' id='word_1_340' title='bbox 1504 409 1513 424; x_wconf 91' lang='lat'>,</span> 
     </span>
     <span class='ocr_line' id='line_1_59' title="bbox 808 430 1513 471; baseline -0.003 -10"><span class='ocrx_word' id='word_1_341' title='bbox 808 433 900 462; x_wconf 89' lang='lat' dir='ltr'>tuum</span> <span class='ocrx_word' id='word_1_342' title='bbox 912 434 1008 471; x_wconf 85' lang='lat' dir='ltr'>atque</span> <span class='ocrx_word' id='word_1_343' title='bbox 1029 432 1174 463; x_wconf 91' lang='lat' dir='ltr'>omnium</span> <span class='ocrx_word' id='word_1_344' title='bbox 1188 430 1419 468; x_wconf 84' lang='lat' dir='ltr'>contempsisse</span> <span class='ocrx_word' id='word_1_345' title='bbox 1435 432 1513 460; x_wconf 85' lang='lat' dir='ltr'>Fac-</span> 
     </span>
     <span class='ocr_line' id='line_1_60' title="bbox 809 475 1509 515; baseline -0.003 -9"><span class='ocrx_word' id='word_1_346' title='bbox 809 479 927 515; x_wconf 90' lang='lat' dir='ltr'>torem,</span> <span class='ocrx_word' id='word_1_347' title='bbox 943 478 1113 508; x_wconf 85' lang='lat' dir='ltr'>offendisse</span> <span class='ocrx_word' id='word_1_348' title='bbox 1128 477 1302 507; x_wconf 90' lang='lat' dir='ltr'>Dominum</span> <span class='ocrx_word' id='word_1_349' title='bbox 1316 475 1509 512; x_wconf 81' lang='lat' dir='ltr'>majestatis.</span> 
     </span>
     <span class='ocr_line' id='line_1_61' title="bbox 807 521 1515 561; baseline -0.001 -10"><span class='ocrx_word' id='word_1_350' title='bbox 807 523 981 561; x_wconf 70' lang='lat' dir='ltr'>,lIaJestatis</span> <span class='ocrx_word' id='word_1_351' title='bbox 996 525 1046 554; x_wconf 90' lang='lat' dir='ltr'>est</span> <span class='ocrx_word' id='word_1_352' title='bbox 1056 523 1167 553; x_wconf 91' lang='lat' dir='ltr'>timeri</span> <span class='ocrx_word' id='word_1_353' title='bbox 1178 545 1187 561; x_wconf 84' lang='lat'>,</span> <span class='ocrx_word' id='word_1_354' title='bbox 1200 522 1330 552; x_wconf 88' lang='lat' dir='ltr'>Domini</span> <span class='ocrx_word' id='word_1_355' title='bbox 1343 521 1392 551; x_wconf 88' lang='lat' dir='ltr'>est</span> <span class='ocrx_word' id='word_1_356' title='bbox 1404 521 1515 551; x_wconf 85' lang='lat' dir='ltr'>timeri</span> 
     </span>
     <span class='ocr_line' id='line_1_62' title="bbox 807 567 1515 606; baseline -0.003 -8"><span class='ocrx_word' id='word_1_357' title='bbox 807 570 840 599; x_wconf 83' lang='lat' dir='ltr'>et</span> <span class='ocrx_word' id='word_1_358' title='bbox 853 570 996 599; x_wconf 73' lang='lat' dir='ltr'>maxime</span> <span class='ocrx_word' id='word_1_359' title='bbox 1018 569 1116 606; x_wconf 83' lang='lat' dir='ltr'>hujus</span> <span class='ocrx_word' id='word_1_360' title='bbox 1136 568 1331 605; x_wconf 67' lang='lat' dir='ltr'>Maiestatis,</span> <span class='ocrx_word' id='word_1_361' title='bbox 1350 567 1515 604; x_wconf 75' lang='lat' dir='ltr'>huJusque</span> 
     </span>
     <span class='ocr_line' id='line_1_63' title="bbox 790 612 1515 653; baseline -0.004 -9"><span class='ocrx_word' id='word_1_362' title='bbox 790 625 792 631; x_wconf 84' lang='grc'><em>·</em></span> <span class='ocrx_word' id='word_1_363' title='bbox 808 615 947 645; x_wconf 88' lang='lat' dir='ltr'>Domini.</span> <span class='ocrx_word' id='word_1_364' title='bbox 965 617 1044 645; x_wconf 87' lang='lat' dir='ltr'>Nam</span> <span class='ocrx_word' id='word_1_365' title='bbox 1060 615 1087 645; x_wconf 89' lang='lat' dir='ltr'>si</span> <span class='ocrx_word' id='word_1_366' title='bbox 1104 623 1195 645; x_wconf 90' lang='lat' dir='ltr'>reum</span> <span class='ocrx_word' id='word_1_367' title='bbox 1210 614 1306 653; x_wconf 80' lang='lat' dir='ltr'>regiae</span> <span class='ocrx_word' id='word_1_368' title='bbox 1321 612 1515 651; x_wconf 85' lang='lat' dir='ltr'>majestatis,</span> 
     </span>
     <span class='ocr_line' id='line_1_64' title="bbox 806 658 1515 698; baseline -0.001 -9"><span class='ocrx_word' id='word_1_369' title='bbox 806 663 953 698; x_wconf 85' lang='lat' dir='ltr'>quamvis</span> <span class='ocrx_word' id='word_1_370' title='bbox 990 661 1158 698; x_wconf 87' lang='lat' dir='ltr'>humanae,</span> <span class='ocrx_word' id='word_1_371' title='bbox 1195 659 1348 690; x_wconf 87' lang='lat' dir='ltr'>humanis</span> <span class='ocrx_word' id='word_1_372' title='bbox 1387 658 1515 697; x_wconf 81' lang='lat' dir='ltr'>legibus</span> 
     </span>
     <span class='ocr_line' id='line_1_65' title="bbox 806 704 1516 744; baseline -0.001 -10"><span class='ocrx_word' id='word_1_373' title='bbox 806 706 906 743; x_wconf 86' lang='lat' dir='ltr'>plecti</span> <span class='ocrx_word' id='word_1_374' title='bbox 936 706 1042 744; x_wconf 91' lang='lat' dir='ltr'>capite</span> <span class='ocrx_word' id='word_1_375' title='bbox 1072 706 1233 735; x_wconf 89' lang='lat' dir='ltr'>sancitum</span> <span class='ocrx_word' id='word_1_376' title='bbox 1259 705 1300 735; x_wconf 87' lang='lat' dir='ltr'>sit</span> <span class='ocrx_word' id='word_1_377' title='bbox 1315 713 1323 733; x_wconf 72' lang='grc' dir='ltr'><strong>ε</strong></span> <span class='ocrx_word' id='word_1_378' title='bbox 1340 704 1415 743; x_wconf 88' lang='lat' dir='ltr'>quis</span> <span class='ocrx_word' id='word_1_379' title='bbox 1440 704 1516 734; x_wconf 84' lang='lat' dir='ltr'>finis</span> 
     </span>
     <span class='ocr_line' id='line_1_66' title="bbox 790 750 1516 789; baseline 0.001 -10"><span class='ocrx_word' id='word_1_380' title='bbox 790 750 791 760; x_wconf 67' lang='lat'>¹</span> <span class='ocrx_word' id='word_1_381' title='bbox 807 751 1086 781; x_wconf 85' lang='lat' dir='ltr'>contemnentium</span> <span class='ocrx_word' id='word_1_382' title='bbox 1122 751 1268 781; x_wconf 88' lang='lat' dir='ltr'>divinam</span> <span class='ocrx_word' id='word_1_383' title='bbox 1309 750 1516 789; x_wconf 88' lang='lat' dir='ltr'>omnipoten-</span> 
     </span>
     <span class='ocr_line' id='line_1_67' title="bbox 808 796 1515 836; baseline 0 -11"><span class='ocrx_word' id='word_1_384' title='bbox 808 797 886 826; x_wconf 86' lang='lat' dir='ltr'>tiam</span> <span class='ocrx_word' id='word_1_385' title='bbox 903 797 983 827; x_wconf 77' lang='lat' dir='ltr'>erit?</span> <span class='ocrx_word' id='word_1_386' title='bbox 995 797 1113 836; x_wconf 76' lang='lat' dir='ltr'>TangIt</span> <span class='ocrx_word' id='word_1_387' title='bbox 1128 797 1272 833; x_wconf 83' lang='lat' dir='ltr'>montes,</span> <span class='ocrx_word' id='word_1_388' title='bbox 1288 797 1322 826; x_wconf 86' lang='lat' dir='ltr'>et</span> <span class='ocrx_word' id='word_1_389' title='bbox 1334 796 1515 835; x_wconf 80' lang='lat' dir='ltr'>fumigant:</span> 
     </span>
     <span class='ocr_line' id='line_1_68' title="bbox 807 841 1516 878; baseline -0.003 -6"><span class='ocrx_word' id='word_1_390' title='bbox 807 843 839 873; x_wconf 90' lang='lat' dir='ltr'>et</span> <span class='ocrx_word' id='word_1_391' title='bbox 862 844 929 872; x_wconf 86' lang='lat' dir='ltr'>tam</span> <span class='ocrx_word' id='word_1_392' title='bbox 953 843 1158 873; x_wconf 86' lang='lat' dir='ltr'>tremendam</span> <span class='ocrx_word' id='word_1_393' title='bbox 1185 841 1392 878; x_wconf 84' lang='lat' dir='ltr'>majestatem</span> <span class='ocrx_word' id='word_1_394' title='bbox 1416 841 1516 871; x_wconf 86' lang='lat' dir='ltr'>audet</span> 
     </span>
     <span class='ocr_line' id='line_1_69' title="bbox 808 887 1517 927; baseline -0.003 -9"><span class='ocrx_word' id='word_1_395' title='bbox 808 889 935 919; x_wconf 83' lang='lat' dir='ltr'>irritare</span> <span class='ocrx_word' id='word_1_396' title='bbox 944 889 1020 919; x_wconf 85' lang='lat' dir='ltr'>vilis</span> <span class='ocrx_word' id='word_1_397' title='bbox 1034 889 1253 927; x_wconf 79' lang='lat' dir='ltr'>pulvisculus,</span> <span class='ocrx_word' id='word_1_398' title='bbox 1275 895 1339 917; x_wconf 91' lang='lat' dir='ltr'>uno</span> <span class='ocrx_word' id='word_1_399' title='bbox 1355 887 1422 917; x_wconf 90' lang='lat' dir='ltr'>levi</span> <span class='ocrx_word' id='word_1_400' title='bbox 1436 887 1517 917; x_wconf 84' lang='lat' dir='ltr'>flatu</span> 
     </span>
     <span class='ocr_line' id='line_1_70' title="bbox 807 933 1518 973; baseline -0.003 -9"><span class='ocrx_word' id='word_1_401' title='bbox 807 944 882 965; x_wconf 77' lang='lat' dir='ltr'>mox</span> <span class='ocrx_word' id='word_1_402' title='bbox 907 935 1158 973; x_wconf 79' lang='lat' dir='ltr'>dispergendus,</span> <span class='ocrx_word' id='word_1_403' title='bbox 1184 935 1217 964; x_wconf 88' lang='lat' dir='ltr'>et</span> <span class='ocrx_word' id='word_1_404' title='bbox 1230 933 1367 964; x_wconf 91' lang='lat' dir='ltr'>minime</span> <span class='ocrx_word' id='word_1_405' title='bbox 1388 933 1518 963; x_wconf 89' lang='lat' dir='ltr'>recolli-</span> 
     </span>
     <span class='ocr_line' id='line_1_71' title="bbox 790 979 1521 1019; baseline -0.004 -9"><span class='ocrx_word' id='word_1_406' title='bbox 790 980 791 988; x_wconf 64' lang='lat'><em>*</em></span> <span class='ocrx_word' id='word_1_407' title='bbox 806 980 951 1019; x_wconf 74' lang='lat' dir='ltr'>gendus?</span> <span class='ocrx_word' id='word_1_408' title='bbox 978 981 1037 1010; x_wconf 89' lang='lat' dir='ltr'>Ille</span> <span class='ocrx_word' id='word_1_409' title='bbox 1048 1003 1056 1018; x_wconf 91' lang='lat'><strong>‚</strong></span> <span class='ocrx_word' id='word_1_410' title='bbox 1091 981 1148 1010; x_wconf 89' lang='lat' dir='ltr'>ille</span> <span class='ocrx_word' id='word_1_411' title='bbox 1174 979 1339 1010; x_wconf 87' lang='lat' dir='ltr'>timendus</span> <span class='ocrx_word' id='word_1_412' title='bbox 1364 979 1434 1017; x_wconf 91' lang='lat' dir='ltr'>est,</span> <span class='ocrx_word' id='word_1_413' title='bbox 1463 979 1521 1017; x_wconf 76' lang='lat' dir='ltr'>qui</span> 
     </span>
     <span class='ocr_line' id='line_1_72' title="bbox 805 1025 1515 1065; baseline -0.004 -9"><span class='ocrx_word' id='word_1_414' title='bbox 805 1029 967 1065; x_wconf 73' lang='lat' dir='ltr'>postquam</span> <span class='ocrx_word' id='word_1_415' title='bbox 981 1027 1122 1056; x_wconf 81' lang='lat' dir='ltr'>occiderit</span> <span class='ocrx_word' id='word_1_416' title='bbox 1131 1035 1251 1064; x_wconf 77' lang='lat' dir='ltr'>corpus,</span> <span class='ocrx_word' id='word_1_417' title='bbox 1262 1026 1443 1063; x_wconf 80' lang='lat' dir='ltr'>potestatem</span> <span class='ocrx_word' id='word_1_418' title='bbox 1456 1025 1515 1054; x_wconf 85' lang='lat' dir='ltr'>ha—</span> 
     </span>
     <span class='ocr_line' id='line_1_73' title="bbox 807 1070 1517 1110; baseline -0.003 -8"><span class='ocrx_word' id='word_1_419' title='bbox 807 1073 853 1103; x_wconf 81' lang='lat' dir='ltr'>bet</span> <span class='ocrx_word' id='word_1_420' title='bbox 867 1074 981 1102; x_wconf 80' lang='lat' dir='ltr'>mittere</span> <span class='ocrx_word' id='word_1_421' title='bbox 999 1074 1026 1102; x_wconf 84' lang='lat' dir='ltr'>et</span> <span class='ocrx_word' id='word_1_422' title='bbox 1041 1073 1073 1101; x_wconf 78' lang='lat' dir='ltr'>in</span> <span class='ocrx_word' id='word_1_423' title='bbox 1085 1072 1267 1110; x_wconf 64' lang='lat' dir='ltr'>gehennam.</span> <span class='ocrx_word' id='word_1_424' title='bbox 1280 1072 1384 1101; x_wconf 86' lang='lat' dir='ltr'>Paveo</span> <span class='ocrx_word' id='word_1_425' title='bbox 1394 1070 1517 1108; x_wconf 79' lang='lat' dir='ltr'>gehen-</span> 
     </span>
     <span class='ocr_line' id='line_1_74' title="bbox 791 1116 1517 1156; baseline -0.004 -8"><span class='ocrx_word' id='word_1_426' title='bbox 791 1126 792 1130; x_wconf 59' lang='lat'><em>*</em></span> <span class='ocrx_word' id='word_1_427' title='bbox 806 1127 897 1156; x_wconf 82' lang='lat' dir='ltr'>nam,</span> <span class='ocrx_word' id='word_1_428' title='bbox 914 1127 1016 1156; x_wconf 87' lang='lat' dir='ltr'>paveo</span> <span class='ocrx_word' id='word_1_429' title='bbox 1031 1118 1154 1147; x_wconf 87' lang='lat' dir='ltr'>Judicis</span> <span class='ocrx_word' id='word_1_430' title='bbox 1173 1117 1320 1154; x_wconf 75' lang='lat' dir='ltr'>vultum,</span> <span class='ocrx_word' id='word_1_431' title='bbox 1342 1116 1421 1155; x_wconf 88' lang='lat' dir='ltr'>ipsis</span> <span class='ocrx_word' id='word_1_432' title='bbox 1436 1123 1517 1154; x_wconf 79' lang='lat' dir='ltr'>quo-</span> 
     </span>
     <span class='ocr_line' id='line_1_75' title="bbox 806 1162 1515 1202; baseline -0.004 -8"><span class='ocrx_word' id='word_1_433' title='bbox 806 1173 869 1202; x_wconf 90' lang='lat' dir='ltr'>que</span> <span class='ocrx_word' id='word_1_434' title='bbox 885 1164 1092 1194; x_wconf 88' lang='lat' dir='ltr'>tremendum</span> <span class='ocrx_word' id='word_1_435' title='bbox 1108 1163 1264 1202; x_wconf 84' lang='lat' dir='ltr'>angelicis</span> <span class='ocrx_word' id='word_1_436' title='bbox 1285 1162 1515 1201; x_wconf 85' lang='lat' dir='ltr'>potestatibus.</span> 
     </span>
     <span class='ocr_line' id='line_1_76' title="bbox 805 1207 1514 1247; baseline -0.004 -7"><span class='ocrx_word' id='word_1_437' title='bbox 805 1210 1023 1240; x_wconf 88' lang='lat' dir='ltr'>Contremisco</span> <span class='ocrx_word' id='word_1_438' title='bbox 1036 1210 1074 1238; x_wconf 76' lang='lat' dir='ltr'>ab</span> <span class='ocrx_word' id='word_1_439' title='bbox 1092 1210 1139 1238; x_wconf 88' lang='lat' dir='ltr'>ira</span> <span class='ocrx_word' id='word_1_440' title='bbox 1154 1208 1315 1247; x_wconf 88' lang='lat' dir='ltr'>potentis,</span> <span class='ocrx_word' id='word_1_441' title='bbox 1328 1216 1346 1238; x_wconf 88' lang='lat' dir='ltr'>a</span> <span class='ocrx_word' id='word_1_442' title='bbox 1361 1207 1445 1237; x_wconf 87' lang='lat' dir='ltr'>facie</span> <span class='ocrx_word' id='word_1_443' title='bbox 1461 1207 1514 1237; x_wconf 78' lang='lat' dir='ltr'>fu-</span> 
     </span>
     <span class='ocr_line' id='line_1_77' title="bbox 805 1253 1516 1292; baseline -0.004 -7"><span class='ocrx_word' id='word_1_444' title='bbox 805 1256 885 1285; x_wconf 89' lang='lat' dir='ltr'>roris</span> <span class='ocrx_word' id='word_1_445' title='bbox 898 1255 968 1291; x_wconf 87' lang='lat' dir='ltr'>ejus</span> <span class='ocrx_word' id='word_1_446' title='bbox 981 1277 989 1292; x_wconf 87' lang='lat'>,</span> <span class='ocrx_word' id='word_1_447' title='bbox 1013 1263 1031 1284; x_wconf 83' lang='lat' dir='ltr'>a</span> <span class='ocrx_word' id='word_1_448' title='bbox 1046 1253 1170 1292; x_wconf 76' lang='lat' dir='ltr'>fragore</span> <span class='ocrx_word' id='word_1_449' title='bbox 1195 1254 1321 1283; x_wconf 88' lang='lat' dir='ltr'>ruentis</span> <span class='ocrx_word' id='word_1_450' title='bbox 1346 1253 1482 1291; x_wconf 91' lang='lat' dir='ltr'>muudi,</span> <span class='ocrx_word' id='word_1_451' title='bbox 1498 1262 1516 1282; x_wconf 87' lang='lat' dir='ltr'>a</span> 
     </span>
     <span class='ocr_line' id='line_1_78' title="bbox 805 1299 1514 1339; baseline -0.003 -9"><span class='ocrx_word' id='word_1_452' title='bbox 805 1301 1056 1339; x_wconf 78' lang='lat' dir='ltr'>conflagratione</span> <span class='ocrx_word' id='word_1_453' title='bbox 1073 1301 1308 1330; x_wconf 80' lang='lat' dir='ltr'>elementomm</span> <span class='ocrx_word' id='word_1_454' title='bbox 1318 1321 1328 1337; x_wconf 96' lang='lat'>,</span> <span class='ocrx_word' id='word_1_455' title='bbox 1340 1307 1359 1328; x_wconf 85' lang='lat' dir='ltr'>a</span> <span class='ocrx_word' id='word_1_456' title='bbox 1371 1299 1514 1337; x_wconf 89' lang='lat' dir='ltr'>tempes-</span> 
     </span>
     <span class='ocr_line' id='line_1_79' title="bbox 807 1345 1515 1384; baseline -0.003 -8"><span class='ocrx_word' id='word_1_457' title='bbox 807 1345 872 1376; x_wconf 79' lang='lat' dir='ltr'>tate</span> <span class='ocrx_word' id='word_1_458' title='bbox 899 1346 1026 1384; x_wconf 74' lang='lat' dir='ltr'>valida,</span> <span class='ocrx_word' id='word_1_459' title='bbox 1049 1354 1067 1375; x_wconf 87' lang='lat' dir='ltr'>a</span> <span class='ocrx_word' id='word_1_460' title='bbox 1092 1354 1171 1375; x_wconf 75' lang='lat' dir='ltr'>voce</span> <span class='ocrx_word' id='word_1_461' title='bbox 1196 1345 1410 1384; x_wconf 80' lang='lat' dir='ltr'>Archangeli,</span> <span class='ocrx_word' id='word_1_462' title='bbox 1437 1346 1471 1375; x_wconf 86' lang='lat' dir='ltr'>et</span> <span class='ocrx_word' id='word_1_463' title='bbox 1496 1354 1515 1374; x_wconf 77' lang='lat' dir='ltr'>a</span> 
     </span>
     <span class='ocr_line' id='line_1_80' title="bbox 805 1391 1513 1430; baseline -0.003 -8"><span class='ocrx_word' id='word_1_464' title='bbox 805 1393 905 1422; x_wconf 83' lang='lat' dir='ltr'>verbo</span> <span class='ocrx_word' id='word_1_465' title='bbox 931 1400 1056 1430; x_wconf 89' lang='lat' dir='ltr'>aspero.</span> <span class='ocrx_word' id='word_1_466' title='bbox 1083 1391 1301 1421; x_wconf 81' lang='lat' dir='ltr'>contremisco</span> <span class='ocrx_word' id='word_1_467' title='bbox 1327 1399 1345 1420; x_wconf 88' lang='lat' dir='ltr'>a</span> <span class='ocrx_word' id='word_1_468' title='bbox 1360 1391 1513 1421; x_wconf 85' lang='lat' dir='ltr'>dentibus</span> 
     </span>
     <span class='ocr_line' id='line_1_81' title="bbox 806 1436 1514 1475; baseline -0.004 -7"><span class='ocrx_word' id='word_1_469' title='bbox 806 1438 917 1468; x_wconf 82' lang='lat' dir='ltr'>bestiae</span> <span class='ocrx_word' id='word_1_470' title='bbox 934 1437 1120 1475; x_wconf 76' lang='lat' dir='ltr'>infernalis,</span> <span class='ocrx_word' id='word_1_471' title='bbox 1133 1445 1151 1466; x_wconf 90' lang='lat' dir='ltr'>a</span> <span class='ocrx_word' id='word_1_472' title='bbox 1164 1437 1278 1467; x_wconf 88' lang='lat' dir='ltr'>ventre</span> <span class='ocrx_word' id='word_1_473' title='bbox 1293 1436 1391 1466; x_wconf 84' lang='lat' dir='ltr'>inferi</span> <span class='ocrx_word' id='word_1_474' title='bbox 1402 1459 1411 1472; x_wconf 86' lang='lat'>,</span> <span class='ocrx_word' id='word_1_475' title='bbox 1424 1445 1442 1466; x_wconf 84' lang='lat' dir='ltr'>a</span> <span class='ocrx_word' id='word_1_476' title='bbox 1457 1445 1514 1466; x_wconf 91' lang='lat' dir='ltr'>ru-</span> 
     </span>
     <span class='ocr_line' id='line_1_82' title="bbox 806 1483 1514 1522; baseline -0.001 -9"><span class='ocrx_word' id='word_1_477' title='bbox 806 1484 970 1522; x_wconf 83' lang='lat' dir='ltr'>gientibus</span> <span class='ocrx_word' id='word_1_478' title='bbox 993 1483 1184 1522; x_wconf 71' lang='lat' dir='ltr'>proeparatis</span> <span class='ocrx_word' id='word_1_479' title='bbox 1198 1483 1239 1513; x_wconf 88' lang='lat' dir='ltr'>ad</span> <span class='ocrx_word' id='word_1_480' title='bbox 1254 1489 1374 1512; x_wconf 88' lang='lat' dir='ltr'>escam.</span> <span class='ocrx_word' id='word_1_481' title='bbox 1390 1483 1514 1512; x_wconf 76' lang='lat' dir='ltr'>Horren</span> 
     </span>
     <span class='ocr_line' id='line_1_83' title="bbox 807 1528 1513 1567; baseline -0.004 -7"><span class='ocrx_word' id='word_1_482' title='bbox 807 1538 952 1560; x_wconf 75' lang='lat' dir='ltr'>vermem</span> <span class='ocrx_word' id='word_1_483' title='bbox 961 1530 1130 1560; x_wconf 87' lang='lat' dir='ltr'>rodentem</span> <span class='ocrx_word' id='word_1_484' title='bbox 1140 1551 1149 1567; x_wconf 94' lang='lat'>,</span> <span class='ocrx_word' id='word_1_485' title='bbox 1159 1529 1190 1558; x_wconf 90' lang='lat' dir='ltr'>et</span> <span class='ocrx_word' id='word_1_486' title='bbox 1199 1528 1308 1567; x_wconf 82' lang='lat' dir='ltr'>ignem</span> <span class='ocrx_word' id='word_1_487' title='bbox 1321 1528 1513 1563; x_wconf 77' lang='lat' dir='ltr'>torrentem,</span> 
     </span>
     <span class='ocr_line' id='line_1_84' title="bbox 807 1573 1517 1613; baseline -0.004 -9"><span class='ocrx_word' id='word_1_488' title='bbox 807 1574 951 1613; x_wconf 88' lang='lat' dir='ltr'>fumum,</span> <span class='ocrx_word' id='word_1_489' title='bbox 981 1575 1015 1604; x_wconf 86' lang='lat' dir='ltr'>et</span> <span class='ocrx_word' id='word_1_490' title='bbox 1039 1581 1214 1611; x_wconf 86' lang='lat' dir='ltr'>vaporem,</span> <span class='ocrx_word' id='word_1_491' title='bbox 1238 1573 1271 1602; x_wconf 86' lang='lat' dir='ltr'>et</span> <span class='ocrx_word' id='word_1_492' title='bbox 1300 1573 1455 1611; x_wconf 86' lang='lat' dir='ltr'>sulphur,</span> <span class='ocrx_word' id='word_1_493' title='bbox 1482 1574 1517 1601; x_wconf 78' lang='lat' dir='ltr'>et</span> 
     </span>
     <span class='ocr_line' id='line_1_85' title="bbox 807 1618 1516 1659; baseline -0.003 -9"><span class='ocrx_word' id='word_1_494' title='bbox 807 1621 957 1659; x_wconf 82' lang='lat' dir='ltr'>spiritum</span> <span class='ocrx_word' id='word_1_495' title='bbox 972 1620 1189 1659; x_wconf 87' lang='lat' dir='ltr'>procellarum</span> <span class='ocrx_word' id='word_1_496' title='bbox 1208 1627 1217 1648; x_wconf 75' lang='lat' dir='ltr'><strong><em>z</em></strong></span> <span class='ocrx_word' id='word_1_497' title='bbox 1233 1618 1350 1649; x_wconf 87' lang='lat' dir='ltr'>horreo</span> <span class='ocrx_word' id='word_1_498' title='bbox 1364 1619 1516 1648; x_wconf 76' lang='lat' dir='ltr'>tenebras</span> 
     </span>
     <span class='ocr_line' id='line_1_86' title="bbox 807 1665 1516 1705; baseline -0.003 -10"><span class='ocrx_word' id='word_1_499' title='bbox 807 1667 998 1696; x_wconf 87' lang='lat' dir='ltr'>exteriores.</span> <span class='ocrx_word' id='word_1_500' title='bbox 1011 1667 1089 1703; x_wconf 86' lang='lat' dir='ltr'>Quis</span> <span class='ocrx_word' id='word_1_501' title='bbox 1098 1665 1188 1695; x_wconf 87' lang='lat' dir='ltr'>dabit</span> <span class='ocrx_word' id='word_1_502' title='bbox 1196 1665 1295 1705; x_wconf 82' lang='lat' dir='ltr'>capiti</span> <span class='ocrx_word' id='word_1_503' title='bbox 1303 1673 1376 1694; x_wconf 90' lang='lat' dir='ltr'>meo</span> <span class='ocrx_word' id='word_1_504' title='bbox 1386 1672 1516 1702; x_wconf 84' lang='lat' dir='ltr'>aquam,</span> 
     </span>
     <span class='ocr_line' id='line_1_87' title="bbox 807 1711 1516 1749; baseline -0.004 -6"><span class='ocrx_word' id='word_1_505' title='bbox 807 1713 840 1742; x_wconf 93' lang='lat' dir='ltr'>et</span> <span class='ocrx_word' id='word_1_506' title='bbox 861 1713 964 1742; x_wconf 88' lang='lat' dir='ltr'>oculis</span> <span class='ocrx_word' id='word_1_507' title='bbox 976 1713 1060 1742; x_wconf 86' lang='lat' dir='ltr'>meis</span> <span class='ocrx_word' id='word_1_508' title='bbox 1080 1712 1203 1741; x_wconf 85' lang='lat' dir='ltr'>sontem</span> <span class='ocrx_word' id='word_1_509' title='bbox 1227 1711 1462 1749; x_wconf 84' lang='lat' dir='ltr'>lacrymarum,</span> <span class='ocrx_word' id='word_1_510' title='bbox 1478 1711 1516 1740; x_wconf 83' lang='lat' dir='ltr'>ut</span> 
     </span>
     <span class='ocr_line' id='line_1_88' title="bbox 807 1754 1514 1795; baseline -0.006 -8"><span class='ocrx_word' id='word_1_511' title='bbox 807 1757 1004 1795; x_wconf 84' lang='lat' dir='ltr'>praeveniam</span> <span class='ocrx_word' id='word_1_512' title='bbox 1014 1757 1145 1787; x_wconf 87' lang='lat' dir='ltr'>fletibus</span> <span class='ocrx_word' id='word_1_513' title='bbox 1157 1755 1270 1786; x_wconf 88' lang='lat' dir='ltr'>fletum</span> <span class='ocrx_word' id='word_1_514' title='bbox 1281 1777 1290 1793; x_wconf 84' lang='lat'>,</span> <span class='ocrx_word' id='word_1_515' title='bbox 1301 1757 1331 1785; x_wconf 91' lang='lat' dir='ltr'>et</span> <span class='ocrx_word' id='word_1_516' title='bbox 1341 1754 1514 1785; x_wconf 84' lang='lat' dir='ltr'>stridorem</span> 
     </span>
     <span class='ocr_line' id='line_1_89' title="bbox 807 1800 1516 1840; baseline -0.008 -6"><span class='ocrx_word' id='word_1_517' title='bbox 807 1803 974 1840; x_wconf 89' lang='lat' dir='ltr'>dentium,</span> <span class='ocrx_word' id='word_1_518' title='bbox 1000 1803 1034 1832; x_wconf 89' lang='lat' dir='ltr'>et</span> <span class='ocrx_word' id='word_1_519' title='bbox 1055 1809 1213 1831; x_wconf 87' lang='lat' dir='ltr'>manuum</span> <span class='ocrx_word' id='word_1_520' title='bbox 1229 1801 1416 1839; x_wconf 86' lang='lat' dir='ltr'>pedumque</span> <span class='ocrx_word' id='word_1_521' title='bbox 1435 1800 1516 1829; x_wconf 81' lang='lat' dir='ltr'>dura</span> 
     </span>
     <span class='ocr_line' id='line_1_90' title="bbox 807 1846 1515 1885; baseline -0.007 -7"><span class='ocrx_word' id='word_1_522' title='bbox 807 1849 955 1885; x_wconf 87' lang='lat' dir='ltr'>vincula,</span> <span class='ocrx_word' id='word_1_523' title='bbox 972 1849 1005 1877; x_wconf 91' lang='lat' dir='ltr'>et</span> <span class='ocrx_word' id='word_1_524' title='bbox 1017 1847 1143 1885; x_wconf 89' lang='lat' dir='ltr'>pondus</span> <span class='ocrx_word' id='word_1_525' title='bbox 1158 1846 1345 1875; x_wconf 85' lang='lat' dir='ltr'>catenarum</span> <span class='ocrx_word' id='word_1_526' title='bbox 1362 1852 1515 1883; x_wconf 87' lang='lat' dir='ltr'>premen-</span> 
     </span>
     <span class='ocr_line' id='line_1_91' title="bbox 808 1891 1518 1931; baseline -0.007 -8"><span class='ocrx_word' id='word_1_527' title='bbox 808 1894 887 1924; x_wconf 84' lang='lat' dir='ltr'>tium</span> <span class='ocrx_word' id='word_1_528' title='bbox 899 1916 906 1931; x_wconf 69' lang='grc'><em>,</em></span> <span class='ocrx_word' id='word_1_529' title='bbox 917 1893 1146 1931; x_wconf 76' lang='lat' dir='ltr'>stringentium</span> <span class='ocrx_word' id='word_1_530' title='bbox 1156 1915 1163 1930; x_wconf 91' lang='lat'>,</span> <span class='ocrx_word' id='word_1_531' title='bbox 1173 1891 1339 1922; x_wconf 83' lang='lat' dir='ltr'>urentium</span> <span class='ocrx_word' id='word_1_532' title='bbox 1351 1912 1359 1927; x_wconf 94' lang='lat'>,</span> <span class='ocrx_word' id='word_1_533' title='bbox 1370 1898 1430 1920; x_wconf 89' lang='lat' dir='ltr'>nec</span> <span class='ocrx_word' id='word_1_534' title='bbox 1440 1898 1518 1920; x_wconf 74' lang='lat' dir='ltr'>con-</span> 
     </span>
     <span class='ocr_line' id='line_1_92' title="bbox 807 1936 1518 1976; baseline -0.007 -6"><span class='ocrx_word' id='word_1_535' title='bbox 807 1938 1025 1970; x_wconf 79' lang='lat' dir='ltr'>sumentium?</span> <span class='ocrx_word' id='word_1_536' title='bbox 1052 1939 1124 1968; x_wconf 85' lang='lat' dir='ltr'>Heu</span> <span class='ocrx_word' id='word_1_537' title='bbox 1151 1946 1222 1976; x_wconf 89' lang='lat' dir='ltr'>me,</span> <span class='ocrx_word' id='word_1_538' title='bbox 1245 1938 1350 1967; x_wconf 82' lang='lat' dir='ltr'>mater</span> <span class='ocrx_word' id='word_1_539' title='bbox 1372 1936 1462 1966; x_wconf 86' lang='lat' dir='ltr'>mea!</span> <span class='ocrx_word' id='word_1_540' title='bbox 1480 1937 1518 1965; x_wconf 78' lang='lat' dir='ltr'>ut</span> 
     </span>
     <span class='ocr_line' id='line_1_93' title="bbox 807 1982 1516 2024; baseline -0.007 -9"><span class='ocrx_word' id='word_1_541' title='bbox 807 1986 884 2024; x_wconf 89' lang='lat' dir='ltr'>quid</span> <span class='ocrx_word' id='word_1_542' title='bbox 903 1994 954 2015; x_wconf 90' lang='lat' dir='ltr'>me</span> <span class='ocrx_word' id='word_1_543' title='bbox 970 1985 1112 2024; x_wconf 79' lang='lat' dir='ltr'>genuisti</span> <span class='ocrx_word' id='word_1_544' title='bbox 1138 1984 1241 2014; x_wconf 87' lang='lat' dir='ltr'>filium</span> <span class='ocrx_word' id='word_1_545' title='bbox 1261 1983 1395 2020; x_wconf 86' lang='lat' dir='ltr'>doloris,</span> <span class='ocrx_word' id='word_1_546' title='bbox 1412 1982 1516 2011; x_wconf 81' lang='lat' dir='ltr'>tilium</span> 
     </span>
     <span class='ocr_line' id='line_1_94' title="bbox 807 2028 1519 2068; baseline -0.007 -7"><span class='ocrx_word' id='word_1_547' title='bbox 807 2031 1033 2061; x_wconf 85' lang='lat' dir='ltr'>amaritudinis</span> <span class='ocrx_word' id='word_1_548' title='bbox 1045 2053 1054 2068; x_wconf 87' lang='lat'><strong>‚</strong></span> <span class='ocrx_word' id='word_1_549' title='bbox 1085 2029 1320 2068; x_wconf 81' lang='lat' dir='ltr'>indignationis</span> <span class='ocrx_word' id='word_1_550' title='bbox 1349 2029 1382 2058; x_wconf 85' lang='lat' dir='ltr'>et</span> <span class='ocrx_word' id='word_1_551' title='bbox 1408 2028 1519 2066; x_wconf 88' lang='lat' dir='ltr'>plora-</span> 
     </span>
     <span class='ocr_line' id='line_1_95' title="bbox 807 2074 1515 2113; baseline -0.01 -4"><span class='ocrx_word' id='word_1_552' title='bbox 807 2079 906 2109; x_wconf 89' lang='lat' dir='ltr'>tionis</span> <span class='ocrx_word' id='word_1_553' title='bbox 932 2076 1082 2108; x_wconf 78' lang='lat' dir='ltr'>aeternae?</span> <span class='ocrx_word' id='word_1_554' title='bbox 1107 2077 1168 2106; x_wconf 91' lang='lat' dir='ltr'>Cur</span> <span class='ocrx_word' id='word_1_555' title='bbox 1184 2076 1341 2113; x_wconf 89' lang='lat' dir='ltr'>exceptus</span> <span class='ocrx_word' id='word_1_556' title='bbox 1357 2074 1494 2112; x_wconf 84' lang='lat' dir='ltr'>genibus</span> <span class='ocrx_word' id='word_1_557' title='bbox 1505 2094 1515 2110; x_wconf 79' lang='lat'>,</span> 
     </span>
     <span class='ocr_line' id='line_1_96' title="bbox 808 2121 1519 2160; baseline -0.01 -5"><span class='ocrx_word' id='word_1_558' title='bbox 808 2133 866 2155; x_wconf 88' lang='lat' dir='ltr'>cur</span> <span class='ocrx_word' id='word_1_559' title='bbox 881 2124 1017 2154; x_wconf 87' lang='lat' dir='ltr'>lactatus</span> <span class='ocrx_word' id='word_1_560' title='bbox 1030 2123 1186 2153; x_wconf 86' lang='lat' dir='ltr'>uberibus</span> <span class='ocrx_word' id='word_1_561' title='bbox 1196 2123 1309 2160; x_wconf 83' lang='lat' dir='ltr'>,natus</span> <span class='ocrx_word' id='word_1_562' title='bbox 1321 2121 1355 2150; x_wconf 89' lang='lat' dir='ltr'>in</span> <span class='ocrx_word' id='word_1_563' title='bbox 1367 2121 1519 2150; x_wconf 90' lang='lat' dir='ltr'>combus-</span> 
     </span>
     <span class='ocr_line' id='line_1_97' title="bbox 808 2166 1231 2208; baseline -0.012 -7"><span class='ocrx_word' id='word_1_564' title='bbox 808 2171 929 2201; x_wconf 89' lang='lat' dir='ltr'>tionem</span> <span class='ocrx_word' id='word_1_565' title='bbox 940 2192 948 2208; x_wconf 89' lang='lat'>,</span> <span class='ocrx_word' id='word_1_566' title='bbox 963 2170 995 2200; x_wconf 87' lang='lat' dir='ltr'>et</span> <span class='ocrx_word' id='word_1_567' title='bbox 1017 2169 1109 2199; x_wconf 89' lang='lat' dir='ltr'>cibus</span> <span class='ocrx_word' id='word_1_568' title='bbox 1125 2166 1231 2206; x_wconf 74' lang='lat' dir='ltr'>ignis?</span> 
     </span>
    </p>

    <p class='ocr_par' dir='ltr' id='par_1_10' title="bbox 808 2211 1521 2662">
     <span class='ocr_line' id='line_1_98' title="bbox 847 2211 1518 2254; baseline -0.01 -7"><span class='ocrx_word' id='word_1_569' title='bbox 847 2217 878 2247; x_wconf 84' lang='lat'>8.</span> <span class='ocrx_word' id='word_1_570' title='bbox 893 2216 956 2254; x_wconf 85' lang='lat' dir='ltr'>Qui</span> <span class='ocrx_word' id='word_1_571' title='bbox 970 2216 1015 2245; x_wconf 88' lang='lat' dir='ltr'>sic</span> <span class='ocrx_word' id='word_1_572' title='bbox 1025 2214 1182 2252; x_wconf 82' lang='lat' dir='ltr'>afficitur,</span> <span class='ocrx_word' id='word_1_573' title='bbox 1193 2220 1323 2243; x_wconf 89' lang='lat' dir='ltr'>sensum</span> <span class='ocrx_word' id='word_1_574' title='bbox 1339 2211 1518 2250; x_wconf 88' lang='lat' dir='ltr'>proculdu-</span> 
     </span>
     <span class='ocr_line' id='line_1_99' title="bbox 808 2258 1517 2301; baseline -0.01 -8"><span class='ocrx_word' id='word_1_575' title='bbox 808 2263 862 2293; x_wconf 90' lang='lat' dir='ltr'>bio</span> <span class='ocrx_word' id='word_1_576' title='bbox 878 2260 1143 2301; x_wconf 60' lang='lat' dir='ltr'>recuperavit7et</span> <span class='ocrx_word' id='word_1_577' title='bbox 1157 2259 1192 2290; x_wconf 90' lang='lat' dir='ltr'>in</span> <span class='ocrx_word' id='word_1_578' title='bbox 1201 2258 1324 2297; x_wconf 88' lang='lat' dir='ltr'>duplici</span> <span class='ocrx_word' id='word_1_579' title='bbox 1340 2258 1431 2288; x_wconf 87' lang='lat' dir='ltr'>metu</span> <span class='ocrx_word' id='word_1_580' title='bbox 1443 2258 1517 2295; x_wconf 88' lang='lat' dir='ltr'>isto,</span> 
     </span>
     <span class='ocr_line' id='line_1_100' title="bbox 810 2303 1521 2347; baseline -0.01 -8"><span class='ocrx_word' id='word_1_581' title='bbox 810 2309 954 2347; x_wconf 79' lang='lat' dir='ltr'>itemque</span> <span class='ocrx_word' id='word_1_582' title='bbox 969 2307 1094 2346; x_wconf 88' lang='lat' dir='ltr'>pudore</span> <span class='ocrx_word' id='word_1_583' title='bbox 1104 2306 1162 2336; x_wconf 92' lang='lat' dir='ltr'>illo</span> <span class='ocrx_word' id='word_1_584' title='bbox 1178 2314 1270 2343; x_wconf 87' lang='lat' dir='ltr'>aeque</span> <span class='ocrx_word' id='word_1_585' title='bbox 1279 2303 1403 2342; x_wconf 90' lang='lat' dir='ltr'>duplici</span> <span class='ocrx_word' id='word_1_586' title='bbox 1418 2304 1521 2333; x_wconf 85' lang='lat' dir='ltr'>habet</span> 
     </span>
     <span class='ocr_line' id='line_1_101' title="bbox 809 2349 1515 2390; baseline -0.01 -6"><span class='ocrx_word' id='word_1_587' title='bbox 809 2354 1016 2384; x_wconf 85' lang='lat' dir='ltr'>oscitationes</span> <span class='ocrx_word' id='word_1_588' title='bbox 1034 2354 1185 2390; x_wconf 85' lang='lat' dir='ltr'>quatuor.</span> <span class='ocrx_word' id='word_1_589' title='bbox 1200 2351 1279 2380; x_wconf 82' lang='lat' dir='ltr'>Tres</span> <span class='ocrx_word' id='word_1_590' title='bbox 1301 2358 1373 2387; x_wconf 79' lang='lat' dir='ltr'>quae</span> <span class='ocrx_word' id='word_1_591' title='bbox 1389 2349 1515 2379; x_wconf 86' lang='lat' dir='ltr'>restant</span> 
     </span>
     <span class='ocr_line' id='line_1_102' title="bbox 811 2395 1520 2433; baseline -0.011 -3"><span class='ocrx_word' id='word_1_592' title='bbox 811 2409 852 2430; x_wconf 86' lang='lat' dir='ltr'>ex</span> <span class='ocrx_word' id='word_1_593' title='bbox 866 2407 945 2429; x_wconf 86' lang='lat' dir='ltr'>voce</span> <span class='ocrx_word' id='word_1_594' title='bbox 960 2397 1172 2428; x_wconf 78' lang='lat' dir='ltr'>confessionis</span> <span class='ocrx_word' id='word_1_595' title='bbox 1187 2395 1333 2433; x_wconf 80' lang='lat' dir='ltr'>adjiciet,</span> <span class='ocrx_word' id='word_1_596' title='bbox 1349 2396 1383 2425; x_wconf 89' lang='lat' dir='ltr'>et</span> <span class='ocrx_word' id='word_1_597' title='bbox 1396 2402 1520 2432; x_wconf 83' lang='lat' dir='ltr'>nequa-</span> 
     </span>
     <span class='ocr_line' id='line_1_103' title="bbox 810 2440 1518 2484; baseline -0.013 -8"><span class='ocrx_word' id='word_1_598' title='bbox 810 2454 906 2484; x_wconf 88' lang='lat' dir='ltr'>quam</span> <span class='ocrx_word' id='word_1_599' title='bbox 926 2444 1054 2474; x_wconf 88' lang='lat' dir='ltr'>dicetur</span> <span class='ocrx_word' id='word_1_600' title='bbox 1066 2443 1133 2480; x_wconf 84' lang='lat' dir='ltr'>jam</span> <span class='ocrx_word' id='word_1_601' title='bbox 1149 2443 1190 2472; x_wconf 86' lang='lat' dir='ltr'>de</span> <span class='ocrx_word' id='word_1_602' title='bbox 1207 2450 1263 2480; x_wconf 89' lang='lat' dir='ltr'>eo,</span> <span class='ocrx_word' id='word_1_603' title='bbox 1284 2440 1371 2479; x_wconf 89' lang='lat' dir='ltr'>quod</span> <span class='ocrx_word' id='word_1_604' title='bbox 1390 2448 1455 2469; x_wconf 89' lang='lat' dir='ltr'>non</span> <span class='ocrx_word' id='word_1_605' title='bbox 1475 2440 1518 2468; x_wconf 87' lang='lat' dir='ltr'>sit</span> 
     </span>
     <span class='ocr_line' id='line_1_104' title="bbox 810 2484 1513 2528; baseline -0.014 -7"><span class='ocrx_word' id='word_1_606' title='bbox 810 2500 875 2521; x_wconf 87' lang='lat' dir='ltr'>vox</span> <span class='ocrx_word' id='word_1_607' title='bbox 900 2498 1007 2528; x_wconf 87' lang='lat' dir='ltr'>neque</span> <span class='ocrx_word' id='word_1_608' title='bbox 1029 2497 1142 2519; x_wconf 88' lang='lat' dir='ltr'>seusus</span> <span class='ocrx_word' id='word_1_609' title='bbox 1157 2497 1164 2518; x_wconf 91' lang='lat'>:</span> <span class='ocrx_word' id='word_1_610' title='bbox 1181 2487 1208 2517; x_wconf 89' lang='lat' dir='ltr'>si</span> <span class='ocrx_word' id='word_1_611' title='bbox 1223 2488 1334 2518; x_wconf 88' lang='lat' dir='ltr'>tamen</span> <span class='ocrx_word' id='word_1_612' title='bbox 1357 2486 1397 2515; x_wconf 89' lang='lat' dir='ltr'>de</span> <span class='ocrx_word' id='word_1_613' title='bbox 1418 2484 1513 2514; x_wconf 67' lang='lat' dir='ltr'>cordo</span> 
     </span>
     <span class='ocr_line' id='line_1_105' title="bbox 812 2530 1517 2574; baseline -0.016 -7"><span class='ocrx_word' id='word_1_614' title='bbox 812 2537 949 2574; x_wconf 85' lang='lat' dir='ltr'>humili,</span> <span class='ocrx_word' id='word_1_615' title='bbox 965 2535 1126 2574; x_wconf 86' lang='lat' dir='ltr'>simplici,</span> <span class='ocrx_word' id='word_1_616' title='bbox 1149 2534 1305 2571; x_wconf 86' lang='lat' dir='ltr'>fidelique</span> <span class='ocrx_word' id='word_1_617' title='bbox 1323 2530 1517 2569; x_wconf 74' lang='lat' dir='ltr'>processerit</span> 
     </span>
     <span class='ocr_line' id='line_1_106' title="bbox 812 2576 1517 2615; baseline -0.017 -2"><span class='ocrx_word' id='word_1_618' title='bbox 812 2584 867 2612; x_wconf 85' lang='lat' dir='ltr'>illa</span> <span class='ocrx_word' id='word_1_619' title='bbox 885 2581 1058 2613; x_wconf 79' lang='lat' dir='ltr'>confessio.</span> <span class='ocrx_word' id='word_1_620' title='bbox 1075 2581 1177 2610; x_wconf 88' lang='lat' dir='ltr'>Omne</span> <span class='ocrx_word' id='word_1_621' title='bbox 1193 2586 1269 2615; x_wconf 76' lang='lat' dir='ltr'>ergo</span> <span class='ocrx_word' id='word_1_622' title='bbox 1285 2576 1371 2615; x_wconf 87' lang='lat' dir='ltr'>quod</span> <span class='ocrx_word' id='word_1_623' title='bbox 1395 2581 1517 2604; x_wconf 84' lang='lat' dir='ltr'>remor-</span> 
     </span>
     <span class='ocr_line' id='line_1_107' title="bbox 813 2619 1515 2662; baseline -0.019 -3"><span class='ocrx_word' id='word_1_624' title='bbox 813 2628 867 2658; x_wconf 87' lang='lat' dir='ltr'>det</span> <span class='ocrx_word' id='word_1_625' title='bbox 882 2626 1131 2662; x_wconf 73' lang='lat' dir='ltr'>conscientiam,</span> <span class='ocrx_word' id='word_1_626' title='bbox 1159 2624 1312 2655; x_wconf 87' lang='lat' dir='ltr'>confitere</span> <span class='ocrx_word' id='word_1_627' title='bbox 1327 2619 1515 2655; x_wconf 79' lang='lat' dir='ltr'>humiliter,</span> 
     </span>
    </p>
   </div>
   <div class='ocr_carea' id='block_1_8' title="bbox 814 2663 1513 2735">
    <p class='ocr_par' dir='ltr' id='par_1_11' title="bbox 814 2663 1513 2735">
     <span class='ocr_line' id='line_1_108' title="bbox 814 2663 1513 2735; baseline -0.014 -33"><span class='ocrx_word' id='word_1_628' title='bbox 814 2681 916 2711; x_wconf 85' lang='lat' dir='ltr'>pure,</span> <span class='ocrx_word' id='word_1_629' title='bbox 932 2671 1092 2707; x_wconf 77' lang='lat' dir='ltr'>ti‹leliter;</span> <span class='ocrx_word' id='word_1_630' title='bbox 1116 2670 1147 2697; x_wconf 71' lang='lat' dir='ltr'>et</span> <span class='ocrx_word' id='word_1_631' title='bbox 1173 2669 1230 2697; x_wconf 78' lang='lat' dir='ltr'>has</span> <span class='ocrx_word' id='word_1_632' title='bbox 1246 2663 1513 2735; x_wconf 51' lang='lat' dir='ltr'>vices-implesti.</span> 
     </span>
     <span class='ocr_line' id='line_1_109' title="bbox 1338 2716 1363 2733; baseline -0.08 0"><span class='ocrx_word' id='word_1_633' title='bbox 1338 2716 1363 2733; x_wconf 65' lang='grc' dir='ltr'>ξ).</span> 
     </span>
    </p>
   </div>
   <div class='ocr_carea' id='block_1_9' title="bbox 791 427 794 1161">
    <p class='ocr_par' dir='ltr' id='par_1_12' title="bbox 791 427 794 1161">
     <span class='ocr_line' id='line_1_110' title="bbox 791 427 794 1161; baseline 0 0"><span class='ocrx_word' id='word_1_634' title='bbox 791 427 794 1161; x_wconf 95' lang='lat' dir='ltr'> </span> 
     </span>
    </p>
   </div>
   <div class='ocr_carea' id='block_1_10' title="bbox 789 427 794 1579">
    <p class='ocr_par' dir='ltr' id='par_1_13' title="bbox 789 427 794 1579">
     <span class='ocr_line' id='line_1_111' title="bbox 789 427 794 1579; baseline 0 0"><span class='ocrx_word' id='word_1_635' title='bbox 789 427 794 1579; x_wconf 95' lang='lat' dir='ltr'> </span> 
     </span>
    </p>
   </div>
  </div>
 </body>
</html>
