1846 3078
250 212 313 243 ἱιέιὶι
346 220 349 221 ’

247 277 324 300 sus:
347 267 437 299 'l'une
462 274 513 305 es,
538 266 663 306 inquit,
687 265 790 305 Spes?
812 265 850 294 1-:t
871 271 949 302 quo-

245 315 344 345 modo
368 315 445 354 Spei
469 314 623 345 introitus
647 312 753 351 potuit
776 310 889 349 patere
915 309 949 338 in

248 362 376 391 tantum
411 361 445 391 et
468 361 535 391 tam
557 359 716 389 horribile
750 354 949 394 profundum

248 406 484 445 desperationis
499 404 696 441 meae'fflgo,
723 410 801 440 ego,
826 400 948 438 inquit,

248 461 320 482 sum
334 452 432 490 Spes,
449 460 466 482 a
490 452 583 481 Patre
609 449 670 479 tibi
687 446 893 482 transmissa,
917 446 949 474 te

247 498 417 536 adjutura,
433 499 467 528 te
494 505 559 527 non
584 494 771 530 desertura,
789 492 894 522 donec
918 493 950 522 te

248 544 451 574 introducam
488 542 523 571 in
547 541 680 570 domum
705 539 807 577 patris
826 537 893 576 tui,
920 538 952 568 et

247 588 284 618 in
301 589 488 619 cubiculum
502 584 668 624 genitricis
683 585 760 614 tuae.
773 584 830 621 Et,
846 583 888 621 O,
902 583 953 612 in-

247 635 322 674 quit
356 635 429 670 ille,
465 633 561 662 dulce
591 631 745 660 levamen
784 629 951 665 laborum,

249 679 352 709 dulcis
369 677 542 708 consolatio
558 676 752 705 miserorum
766 675 773 704 l
791 682 809 704 o
823 683 906 711 una,
921 665 969 709 et}

248 733 311 754 non
328 724 438 753 infima
454 723 493 752 de
507 722 614 752 tribus
636 721 779 751 cubiculi
804 721 886 758 regii
902 715 969 751 35-ἰ

248 769 430 800 sistricibus
444 769 451 799 !
468 769 561 798 vides
577 767 718 798 carceris
732 767 799 797 mei
813 766 951 805 profun-
967 780 969 784 Α

249 815 325 844 dum
351 814 513 852 immane3
529 814 623 844 vides
643 813 794 850 vincula,
810 821 881 851 quae
904 805 969 844 ta-{

248 868 325 889 men
350 860 391 889 ad
412 860 595 898 ingressum
610 859 706 888 tuum
725 854 954 894 jam‘rnaxirna

248 914 291 935 ex
317 907 410 944 parte
441 905 572 943 dirupza
607 903 684 934 sunt
711 903 745 933 et
779 903 952 941 dissoluta;

246 952 340 982 vides
368 952 573 990 captivorum
600 958 749 980 meorum
778 949 969 979 immanem*

246 998 511 1035 multitudinem,
534 995 782 1037 fortitudinem,
798 995 954 1025 velocita-

246 1045 333 1081 tem,
351 1044 503 1074 astutiam
521 1052 528 1072 :
546 1042 670 1080 etquis
692 1041 754 1071 tibi
770 1041 861 1070 locus
876 1041 930 1070 hic
943 1040 970 1070 ἓ·

248 1091 288 1120 At
313 1090 411 1128 Spes,
427 1090 472 1119 Ne
499 1089 635 1125 timeas,
662 1087 788 1125 inquit,
814 1087 872 1125 qui
896 1092 969 1116 nos*

248 1135 398 1173 adjuvat,
425 1135 611 1164 misericors
626 1134 676 1163 est
692 1142 699 1162 :
717 1133 774 1171 qui
790 1141 846 1170 pro
862 1132 955 1162 nobis

248 1183 389 1220 pugnat,
424 1180 631 1219 omnipotens
667 1179 718 1209 est
745 1187 752 1207 :
779 1179 953 1216 pluresque

249 1229 325 1257 sunt
341 1227 507 1257 nobiscum
520 1248 528 1263 ,
546 1234 642 1263 quam
666 1233 738 1254 curn
757 1224 835 1253 illis.
852 1223 955 1262 Super

251 1272 318 1302 haec
336 1273 441 1302 omnIa
451 1295 460 1310 ,
474 1271 596 1301 adduxi
608 1271 671 1300 tibi
684 1278 701 1299 a
714 1270 806 1299 Patre
822 1269 955 1299 missum

250 1326 372 1356 equum
396 1317 556 1348 Desiderii
575 1326 582 1345 :
601 1317 653 1347 cui
677 1325 752 1346 cum
776 1315 954 1351 insederis,

249 1373 302 1394 me
324 1365 405 1394 duce
421 1365 460 1394 ab
477 1364 529 1394 his
554 1363 708 1393 omnibus
724 1370 857 1392 securus
881 1370 956 1399 pro-

249 1409 414 1440 ficisceris.
431 1410 542 1448 Dixit,
556 1411 587 1439 et
601 1409 755 1438 mollibus
770 1407 956 1437 stramentis

250 1456 313 1494 piae
330 1456 517 1486 Devotionis
537 1454 724 1492 submissis,
750 1455 781 1483 et
797 1454 955 1483 bonorum

250 1502 477 1540 exemplorum
503 1501 687 1530 calcaribus
711 1498 847 1535 additis,
872 1507 954 1537 eqno

249 1547 413 1576 Desiderii
448 1546 603 1583 imposuit
629 1545 732 1573 filium
757 1543 871 1581 Regis,
899 1543 953 1573 sed

230 1592 381 1622 ‚frenum
415 1592 539 1629 defuit,
570 1591 660 1620 tanta
694 1590 764 1619 erat
790 1589 955 1619 festinatio

248 1637 408 1676 fugiendi.
435 1637 512 1666 Ilico
537 1644 642 1674 equus
672 1634 774 1664 currit
799 1634 971 1672 infreniss

248 1683 351 1713 trahit
375 1683 454 1720 Spes
486 1683 573 1711 ante.
600 1680 709 1709 Timor
734 1680 844 1709 autem
869 1680 956 1709 retro

249 1728 441 1758 verberibus
455 1728 549 1766 urget
562 1728 595 1756 et
611 1726 720 1756 minis.
733 1726 823 1755 Tunc
839 1726 971 1755 viden—¹

248 1776 299 1803 tes
310 1775 370 1803 hoc
383 1774 568 1803 conturbati
581 1773 655 1802 sunt
665 1772 831 1811 prIncipes
842 1772 954 1809 Edom,

249 1821 397 1850 robustos
419 1819 510 1849 Moab
532 1818 677 1848 obtinuit
703 1819 842 1855 tremor,
871 1817 957 1847 obri-

249 1867 389 1903 guerunt
411 1873 523 1894 omnes
539 1864 778 1894 inhabitatores
793 1863 954 1893 Chanaan.

250 1912 355 1941 irruat
371 1920 470 1948 super
497 1919 553 1940 eos
578 1909 718 1939 formido
741 1909 775 1938 et
800 1917 902 1947 pavor
922 1909 955 1938 in

250 1957 474 1996 magnitudine
499 1956 627 1986 brachii
652 1956 721 1993 tui3
737 1955 817 1985 fiant
839 1955 971 1984 imme-⁴

250 2002 333 2033 biles
364 2003 458 2042 quasi
484 2003 587 2041 lapis,
614 2002 719 2032 donec
751 2001 956 2039 pertranseat

249 2049 336 2079 tilius
360 2050 451 2086 tuus,
467 2049 624 2085 Domine,
650 2047 737 2077 filius
753 2047 832 2084 iste,
858 2055 955 2085 quem

253 2095 432 2132 possedisti.
449 2095 511 2125 Sed
527 2103 601 2124 cuin
616 2093 662 2124 sic
678 2094 827 2122 serantur
841 2093 957 2131 praeci-

253 2140 351 2179 pites,
372 2141 531 2179 effugiunt
545 2140 698 2178 quidem,
715 2138 773 2169 sed
796 2146 860 2168 non
885 2139 972 2169 sine.

251 2186 396 2224 periculo
418 2196 426 2216 ε
445 2187 521 2225 quia
545 2185 617 2216 sine
641 2185 754 2223 modo,
779 2184 851 2214 sine
877 2172 972 2214 con-¹1

252 2232 336 2261 silio.
968 2217 972 2298 ἢ

292 2277 322 2306 [ι.
345 2278 480 2314 Propter
503 2278 589 2316 quod
613 2286 631 2307 a
648 2277 743 2307 Patre
768 2275 956 2306 transmissa

251 2323 659 2361 accurritPrudentia,una
669 2323 708 2352 de
725 2322 860 2352 summis
868 2322 956 2359 prin·

250 2369 379 2407 cipibus
391 2368 515 2406 palatii,
525 2369 558 2397 in
571 2369 727 2398 comitatu
745 2368 885 2397 amicam
898 2367 957 2396 ha-

251 2414 332 2444 bens
346 2414 627 2451 Temperantiam,
646 2416 677 2443 et
693 2416 808 2444 tenens
821 2421 957 2443 curren—

252 2462 303 2490 tes
321 2468 329 2488 :
344 2459 492 2496 Parcius,
508 2459 627 2496 inquit,
646 2459 791 2496 obsecro,
812 2458 954 2496 parcius.

250 2506 337 2536 Dicit
350 2506 437 2535 enim
449 2505 596 2534 Salomon
608 2505 716 2533 noster
731 2513 739 2533 ε
755 2506 814 2543 Qui
829 2505 956 2542 festinus

249 2555 306 2589 est,
318 2552 440 2590 pedibus
453 2552 584 2588 offendit.
594 2550 627 2580 Si
639 2549 685 2580 sic
698 2549 841 2586 curritis,
852 2549 956 2578 offen-

251 2598 346 2635 ‹litis;
365 2598 391 2627 si
407 2596 591 2634 ostenditis,
607 2595 744 2626 caditis:
767 2594 795 2624 si
815 2594 955 2632 cadilis,

251 2644 355 2674 filium
370 2644 483 2683 Regis,
494 2650 591 2683 quem
608 2640 795 2682 suscepistis
810 2640 974 2675 liberm-1

721 212 751 241 S.
772 209 1009 240 BERNARDI
1029 209 1224 238 ABBATts

983 263 1078 302 dum,
1094 264 1236 294 inimicis
1255 265 1403 296 redditis.
1417 264 1496 295 Nam
1511 263 1539 296 si
1555 263 1685 296 cecide-

983 310 1043 348 rit,
1059 311 1134 340 ilico
1150 319 1264 341 manus
1279 319 1391 341 eorum
1407 312 1469 341 erit
1483 319 1580 349 super
1595 319 1684 341 eum.

984 356 1058 386 Haec
1083 356 1195 387 dicens
1205 379 1213 394 ,
1238 356 1366 387 frenum
1389 357 1603 388 Discretionis
1628 357 1687 386 im-

984 401 1093 439 posuit
1106 401 1232 432 fervido
1243 402 1290 432 illi
1307 411 1390 440 equo
1405 401 1587 439 Desiderii,
1601 401 1686 438 ejus-

983 456 1047 486 que
1079 449 1222 478 habenas
1255 449 1492 485 Temperantiae
1528 446 1687 485 regendas

984 494 1157 524 commisit.
1171 494 1312 531 Cumque
1324 493 1434 523 Timor
1448 494 1536 523 retro
1551 493 1591 523 de
1606 491 1688 522 vici-

984 540 1039 569 nia
1052 540 1086 570 et
1099 540 1222 570 virtute
1238 539 1465 576 inimicorum,
1481 540 1515 569 et
1529 537 1687 568 tarditate

984 585 1067 623 fugae
1080 586 1267 615 causaretur
1283 593 1290 614 :
1306 585 1412 622 Vade,
1424 583 1532 623 inquit
1543 583 1688 614 Pruden-

984 631 1047 668 tia,
1063 632 1149 661 retro
1173 631 1301 667 satana,
1317 629 1506 660 scandalum
1531 637 1566 658 es
1581 627 1687 658 nobis.

984 676 1151 707 Fortitudo
1177 676 1211 706 et
1233 677 1304 706 laus
1329 677 1438 705 nostra
1462 674 1638 711 Dominus,
1654 672 1689 702 et

984 722 1089 752 factus
1111 722 1161 752 est
1185 721 1278 752 nobis
1302 721 1337 750 in
1362 721 1515 751 salutem.
1540 719 1580 748 Et
1611 725 1688 748 ecce

984 768 1167 806 Fortitudo,
1183 768 1278 798 miles
1302 767 1363 798 Dei
1390 765 1557 804 egregius,
1573 772 1688 795 accur-

983 822 1058 843 rens
1082 822 1142 852 per
1173 822 1325 852 eampum
1351 812 1512 849 Fiduciae,
1540 809 1689 844 extracto

984 859 1090 898 gladio
1105 859 1229 890 laetitiae
1241 868 1250 896 ς
1263 859 1367 889 Nolite
1378 881 1387 897 ,
1400 858 1528 896 inquit,
1543 855 1688 894 turbari3

984 906 1094 943 plures
1109 906 1278 935 nobiscum
1291 906 1370 935 sunt
1392 913 1491 943 quam
1517 897 1591 934 cuin
1608 901 1686 932 illis.

984 951 1073 980 Tunc
1087 950 1264 980 Prudentia
1288 950 1388 980 curiae
1403 949 1546 979 coelestis
1561 947 1690 977 assueta

985 995 1130 1026 consIIiis
1142 1004 1150 1024 ι
1163 996 1298 1034 Cavete,
1313 995 1440 1034 inquit,
1452 994 1584 1024 obsecro
1593 1015 1602 1031 ,
1616 988 1690 1033 quio

985 1042 1146 1073 haereditas
1177 1043 1248 1079 illa,
1274 1043 1315 1072 ad
1342 1050 1435 1080 quam
1469 1040 1634 1079 festinatur
1657 1039 1691 1068 in

985 1089 1090 1124 initio,
1113 1088 1197 1118 sicut
1218 1087 1307 1119 dicit.
1322 1088 1474 1117 Salomon
1498 1085 1628 1122 noster,
1657 1084 1691 1113 in

984 1135 1042 1170 tine
1069 1133 1269 1163 benedidione
1290 1133 1416 1163 carebit.
1440 1128 1690 1167 Proficiscimini

985 1180 1099 1218 igitur,
1113 1187 1180 1208 non
1197 1181 1261 1208 lam
1277 1178 1487 1215 festinanter,
1502 1184 1599 1215 quam
1613 1183 1690 1213 pru-

985 1226 1114 1255 denter.
1130 1225 1258 1255 Inimici
1284 1225 1371 1254 enim
1397 1232 1462 1253 non
1486 1223 1562 1253 sunt
1578 1221 1611 1251 in
1637 1220 1691 1250 iti-

985 1280 1063 1301 nere
1074 1293 1083 1309 ,
1099 1270 1155 1300 sed
1169 1270 1263 1308 juxta
1287 1270 1349 1299 iter
1363 1269 1552 1300 scandalum
1566 1274 1689 1305 ponere

985 1318 1108 1355 solent,
1133 1317 1167 1346 in
1190 1316 1289 1346 biviis
1305 1317 1337 1346 et
1351 1314 1479 1352 triviis,
1504 1314 1538 1343 et
1559 1313 1690 1342 viarum

985 1363 1196 1393 anfractibus.
1212 1362 1397 1392 Praecedam
1415 1361 1544 1398 itaque;
1560 1367 1617 1387 vos
1632 1366 1691 1387 au-

985 1412 1053 1441 tem
1069 1410 1179 1441 tenete
1195 1409 1281 1439 viam
1296 1407 1438 1438 Justitiae
1454 1415 1462 1436 :
1481 1406 1515 1436 et
1529 1404 1690 1435 velociter

985 1456 1232 1486 introducemus
1246 1463 1303 1484 vos
1319 1455 1353 1484 in
1377 1454 1481 1484 castra
1496 1450 1690 1489 Sapientiae,

986 1511 1057 1540 quae
1071 1501 1138 1538 jam
1163 1510 1227 1530 non
1251 1500 1364 1538 procul
1389 1499 1465 1529 sunt
1479 1507 1496 1527 a
1512 1497 1616 1527 nobis.
1633 1495 1691 1525 Sa-

985 1547 1111 1586 pientia
1127 1547 1215 1576 enim
1232 1547 1298 1583 est,
1316 1545 1355 1574 de
1370 1552 1432 1582 qua
1449 1537 1571 1572 dicitur
1586 1549 1594 1570 ε
1611 1542 1691 1571 Con·

985 1594 1138 1631 cupiscens
1154 1593 1337 1630 sapientiam
1347 1613 1356 1627 ,
1372 1591 1449 1620 disce
1459 1588 1627 1624 justitiam.

1026 1639 1056 1668 5.
1083 1638 1136 1668 Sic
1161 1638 1271 1675 itaque
1297 1637 1377 1666 dum
1408 1636 1499 1665 viam
1533 1631 1691 1670 carpunt,

984 1684 1081 1722 urget
1094 1684 1222 1721 Timor,
1238 1683 1317 1719 Spes
1332 1681 1431 1712 trahit
1442 1703 1451 1718 ,
1466 1679 1574 1709 munit
1587 1677 1690 1708 Forti-

986 1730 1082 1767 tudo,
1098 1728 1329 1766 Temperantia
1353 1726 1557 1762 moderatur,
1580 1723 1691 1762 provi-

970 1767 971 1770 ¹
986 1777 1042 1806 det
1059 1777 1090 1806 et
1106 1774 1241 1805 instruit
1255 1773 1449 1809 Prudentia,
1462 1771 1554 1800 ducit
1569 1771 1602 1800 et
1617 1778 1693 1808 per-

986 1822 1077 1852 ducit
1089 1821 1231 1851 Justitia.
1242 1818 1487 1857 Appropinquat
1497 1816 1584 1845 tilius
1595 1814 1693 1853 Regis

987 1868 1100 1899 castris
1124 1866 1302 1904 Sapientiae
1329 1872 1336 1892 :
1361 1871 1433 1901 quae
1458 1861 1536 1891 nori
1553 1860 1691 1899 hospitis

987 1914 1097 1944 audito
1120 1911 1282 1949 adventu,
1298 1909 1505 1948 praeoccupat
1526 1915 1619 1944 eum,
1634 1905 1690 1945 qui

986 1969 1020 1991 se
1046 1958 1263 1996 concupiscit,
1280 1955 1423 1986 occurrit
1438 1955 1471 1984 et
1497 1953 1641 1983 ostendit
1655 1959 1691 1982 se

986 2007 1020 2036 in
1037 2007 1099 2036 viis
1120 2004 1281 2036 hilariter.
1305 2003 1399 2032 Fossa
1422 2008 1500 2031 vero
1523 1998 1692 2038 profundae

986 2051 1188 2082 Humilitatis
1226 2050 1328 2080 castra
1356 2046 1509 2085 cingebat
1546 2054 1554 2074 ε
1594 2053 1692 2082 super

987 2107 1083 2138 quam
1106 2097 1300 2127 fortissimus
1313 2096 1346 2125 et
1360 2092 1600 2133 pulcherrimus
1615 2099 1690 2120 mu-

987 2154 1041 2175 rus
1057 2143 1259 2173 Obedientiae
1285 2141 1462 2171 aedificatus
1477 2139 1575 2168 coelos
1589 2144 1692 2175 pene-

988 2191 1110 2227 trabat,
1144 2197 1243 2227 quem
1270 2188 1429 2217 bonorum
1464 2183 1692 2221 exemplorum

988 2236 1133 2266 historiae
1157 2234 1303 2270 undique
1330 2231 1469 2270 depictae
1495 2227 1693 2258 mirabiliter

988 2279 1195 2311 decorabant.
1211 2277 1392 2307 AEdilicatus
1409 2277 1519 2305 autem
1532 2273 1602 2303 erat
1616 2279 1691 2301 cum

988 2323 1241 2364 propugnaculis
1259 2331 1266 2351 :
1283 2322 1374 2351 mille
1397 2319 1505 2357 clypei
1521 2325 1564 2347 ex
1580 2325 1617 2346 eo
1632 2316 1692 2347 de—

989 2369 1195 2408 pendebant,
1222 2366 1327 2396 omnis
1352 2365 1515 2395 armatura
1542 2361 1689 2391 tortium.

989 2415 1081 2444 Porta
1096 2411 1306 2442 professionis
1321 2409 1472 2439 omnibus
1486 2407 1602 2445 patens
1618 2413 1626 2433 :
1640 2404 1692 2442 ja-

988 2460 1075 2489 nitor
1090 2458 1125 2487 in
1140 2457 1255 2487 limine
1271 2455 1383 2493 dignos
1399 2452 1576 2489 inducens,
1592 2450 1626 2479 et
1639 2449 1692 2478 in-

989 2505 1101 2543 dignos
1127 2502 1295 2540 abjiciens.
1310 2501 1418 2530 Praeco
1439 2505 1538 2536 super
1564 2495 1690 2535 portam

989 2550 1131 2579 clamans
1159 2556 1168 2576 t
1198 2547 1232 2577 Si
1264 2546 1332 2585 quis
1359 2543 1457 2582 diligit
1489 2541 1688 2580 sapientiam,

989 2595 1029 2624 ad
1062 2602 1110 2623 me
1137 2592 1286 2628 declinet,
1312 2591 1341 2621 et
1375 2597 1447 2619 eain
1481 2587 1635 2623 inveniet,-
1661 2586 1690 2615 ct

989 2648 1057 2671 eam
1086 2647 1154 2669 cum
1191 2637 1354 2674 invenerit,
1383 2634 1487 2666 beatus
1518 2633 1561 2663 est
1594 2632 1622 2662 si
1645 2633 1688 2661 te-
