1830 3073
527 233 584 261 DE
607 229 813 261 DIVERSIS
837 228 987 256 SERMO
1007 228 1097 256 XXI.

481 271 493 282 Π

96 292 209 325 lacitet
223 289 360 323 exaltari
372 310 381 328 ,
392 289 455 319 'nisi
464 287 543 319 'vere
558 294 622 316 non
637 282 792 315 exaltari?

92 339 226 368 Gratias·
239 336 270 367 ei
282 358 291 375 ,
302 335 380 374 quia
403 341 468 363 non
483 332 570 362 dixit
585 340 593 360 ε
609 329 722 360 Omnis
736 327 791 366 qui

93 392 126 413 se
151 381 367 417 exaltaverit,
397 377 606 409 exaltabitur.
627 372 791 412 Quomodo

94 429 181 459 enim
196 433 386 457 conaremur
401 425 435 455 in
450 431 570 455 vanum
592 419 748 456 exaltari,
764 417 791 447 si

92 474 128 503 id
142 473 392 509 arbitraremur,
418 469 545 508 quando
566 475 607 497 ne
627 467 696 504 ipsa
718 463 791 503 qui—

93 518 169 548 dem
197 525 283 547 nunc
305 515 488 554 desperatio
504 510 711 552 proficiendi,
735 517 792 546 ap-

92 563 231 601 petitum
246 562 377 592 cohibet
393 558 577 591 exaltandi?
589 558 626 587 Et
637 556 718 586 forte
731 555 791 584 hoc

93 609 142 638 est
155 630 164 645 ,
179 608 263 646 quod
278 608 341 645 ait,
357 608 418 646 Qui
431 615 460 636 se
476 601 793 640 exaltatfflumiliabi-

94 656 145 683 tur
160 663 170 683 .·
186 662 245 683 nec
258 653 401 692 pertinet
415 651 455 681 ad
470 650 637 686 effectum,
650 647 706 685 qui
720 647 792 676 nul-

94 698 144 728 lus
152 699 217 736 est3
230 699 286 729 sed
295 699 335 728 ad
346 697 499 727 affectum
510 717 519 733 ,
532 695 587 732 qui
600 694 717 724 stultus
729 693 788 722 est.

133 744 164 773 [ι.
177 745 316 781 Quantos
330 743 418 772 enim
430 741 577 772 videmus
591 739 790 775 humiliatos,

93 789 152 820 sed
171 798 233 819 non
257 789 414 826 humiles;
436 794 621 826 percussos,
642 784 699 814 sed
727 792 791 813 non

93 834 240 865 dolentes
261 842 269 863 t
292 834 417 863 curatos
442 831 574 870 quidem
595 839 612 860 a
635 830 790 867 Domino,

93 880 150 909 scd
165 888 223 910 nec
240 880 307 918 ipsa
322 879 490 909 curatione
504 875 650 906 sanatos?
662 875 701 904 Hi
718 875 792 905 sunt

95 926 150 964 qui
172 926 231 956 sub
258 926 403 956 sentibus
419 932 488 954 esse
511 922 644 952 delicias
661 929 793 959 compu—

93 972 181 1009 tant,
207 971 445 1001 dissimulantes
468 968 602 1007 peccata
623 975 695 1005 quae
710 967 793 996 acti-

94 1018 182 1055 tant,
206 1017 369 1046 lubricum
385 1016 418 1045 in
433 1023 495 1053 quo
511 1013 675 1049 titubant,
699 1012 793 1041 tene-

97 1064 169 1092 bras
181 1063 297 1100 quibus
308 1062 445 1098 caligant
454 1083 462 1097 ,
471 1061 602 1096 laqueos
617 1058 703 1087 inter
714 1065 793 1095 quos

97 1108 280 1144 ambulant,
294 1108 401 1136 locum
421 1104 606 1134 afflictionis
628 1111 726 1141 quem
745 1103 794 1131 in-

98 1153 262 1189 habitant,
286 1160 400 1189 corpus
415 1150 527 1180 mortis
543 1148 628 1187 quod
647 1148 792 1186 gestant,

94 1199 206 1235 jugum
221 1205 316 1234 grave
332 1196 417 1234 quod
438 1194 594 1230 tolerant,
612 1193 793 1230 graviorem

95 1242 322 1271 conscientiam
337 1248 433 1278 quam
448 1238 608 1269 occultant
621 1259 630 1275 ,
645 1237 794 1275 gravissi-

93 1296 178 1318 mam
193 1287 385 1317 sententiam
407 1292 504 1323 quam
519 1283 720 1321 exspectant.
735 1283 794 1312 Ta-

96 1335 135 1363 lis
151 1334 206 1363 ille
222 1334 308 1370 erat,
322 1332 374 1361 cui
385 1331 546 1360 Johannes
558 1329 592 1358 in
603 1328 793 1366 Apocalypsi

96 1379 238 1409 seribere
263 1378 439 1415 jubebatur
462 1377 571 1406 :Dicis
579 1396 589 1411 ‚
611 1375 692 1413 Quia
715 1375 793 1404 dives

96 1435 161 1456 uem
173 1447 182 1462 ‚
197 1427 225 1455 et
239 1425 352 1454 nullius
371 1431 457 1462 eqeo3
473 1424 500 1452 ct
514 1422 609 1451 nescis
630 1421 705 1459 quia
720 1422 753 1450 tu
764 1430 794 1451 es

94 1481 210 1511 pauper
220 1493 228 1508 ‚
242 1473 269 1501 ct
283 1472 391 1508 miser,
403 1471 431 1499 ct
442 1467 633 1503 miserabilis,
643 1468 670 1496 et
686 1475 792 1503 caecus,

96 1520 123 1547 el
140 1518 247 1546 nudus.
260 1517 322 1545 Nec
334 1515 452 1545 mirum
468 1514 495 1544 si
510 1513 551 1543 sit
565 1520 648 1543 vana
660 1512 694 1543 et
706 1520 795 1542 men-

96 1564 156 1593 dax
175 1563 328 1593 exaltatio
340 1562 478 1591 tiliorum
490 1559 656 1590 hominum
668 1581 677 1597 ,
693 1559 794 1597 siqui-

96 1611 170 1639 dem
186 1608 262 1638 vani
286 1608 362 1638 sunt
382 1607 414 1636 et
429 1606 612 1636 mendaces.
638 1604 794 1634 Humiliat

97 1664 150 1685 eos
162 1654 300 1691 veritaS,
318 1653 441 1682 exaltat
454 1651 578 1682 vanitas
594 1659 603 1679 x
620 1651 653 1680 et
667 1650 795 1680 dilexe—

97 1702 172 1730 runt
186 1700 285 1737 magis
299 1698 450 1728 tenebras
464 1705 561 1735 quam
584 1697 690 1726 lucem
702 1718 711 1733 ,
727 1704 794 1725 am-

96 1746 277 1784 plectentes
291 1744 489 1774 exaltantem
504 1751 538 1772 se
553 1742 749 1779 vanitatem,
763 1743 795 1771 et

96 1792 278 1829 quaerentes
306 1789 514 1818 mendacium
536 1796 544 1816 ε
568 1795 664 1825 porro
685 1787 794 1816 contra

98 1836 270 1866 veritatem
299 1844 369 1873 quae
397 1842 431 1863 se
458 1833 628 1870 humiliat,
655 1833 740 1862 votis
764 1833 796 1862 et

97 1884 212 1913 studiis
225 1882 341 1921 quibus
356 1881 506 1919 possunt,
529 1879 795 1910 dissimulationi—

97 1929 155 1959 bus
171 1929 203 1958 et
218 1928 386 1958 conatibus
400 1926 524 1955 frivolis
538 1926 792 1956 recalcitrantes.

138 1974 167 2003 5.
183 1974 372 2002 Fecimusnc
393 1969 537 2008 aliquid?
552 1970 631 1999 Puto
646 1970 722 2008 quia
745 1971 794 2000 in-

96 2020 245 2049 venimus
257 2019 354 2049 etiam
365 2017 522 2056 quomodo
534 2015 686 2046 humiliet
700 2016 794 2046 homo

93 2066 251 2102 seipsum.
280 2065 360 2094 Dico
388 2063 498 2092 autem
530 2063 567 2091 ut
592 2067 794 2092 ADHAEREAT

97 2116 306 2139 nrwnrmmu
322 2115 359 2138 εις
372 2113 554 2143 vamum,
569 2113 630 2136 nec
646 2106 794 2137 dissimu-

96 2155 141 2184 let
156 2177 164 2191 ‚
191 2155 248 2184 sed
271 2154 462 2192 cooperetur
483 2153 513 2182 ei
533 2152 648 2182 devoto
663 2152 794 2190 pietatis

98 2202 224 2230 ass‘ectu.
234 2199 367 2229 Proinde
383 2198 502 2228 cavebo
518 2198 684 2236 deinceps,
698 2207 792 2236 quam

99 2246 234 2275 sollicite
250 2246 362 2282 potero
375 2267 384 2282 ,
410 2244 563 2274 duritiam
578 2244 681 2274 cordis
697 2253 705 2273 z
722 2254 794 2275 sen-

100 2292 177 2319 tiam
194 2292 226 2320 et
237 2292 384 2328 plangam
399 2290 542 2319 dolorem
555 2298 663 2320 meum
677 2312 686 2328 ,
697 2299 752 2328 ne,
768 2292 792 2320 si

103 2336 182 2364 sorte
199 2336 385 2365 insensibile
401 2335 516 2373 suerit,
538 2335 580 2365 sit
595 2336 694 2365 etiam
710 2337 795 2367 insa-

101 2380 208 2409 nabile
225 2381 340 2410 vulnus
354 2389 472 2410 meum.
488 2382 548 2410 Ero
568 2381 668 2418 igitur
681 2382 733 2411 vir
746 2382 796 2413 vi-

102 2426 180 2453 ,iens
202 2425 426 2462 paupertatem
447 2434 552 2455 ineam
574 2426 607 2455 in
629 2426 718 2464 virga
746 2428 796 2457 in-

101 2470 297 2506 dignationis
313 2470 401 2507 ejus,
419 2479 460 2500 ne
474 2471 586 2500 veniat
600 2471 707 2500 anima
724 2480 796 2502 inea

102 2526 133 2544 ‚n
150 2515 306 2544 consortio
333 2524 463 2553 eorum,
480 2516 518 2545 de
541 2517 657 2554 quibus
673 2518 796 2548 Veritas

101 2562 145 2589 ait
164 2570 170 2588 :
187 2562 327 2591 Percussi
347 2570 413 2597 eos,
439 2563 466 2591 ct
487 2570 547 2591 non
572 2563 743 2593 (latuerunt.
760 2565 797 2594 Et

102 2609 219 2635 ilci-uni
237 2615 243 2634 :
262 2608 442 2637 Carminius
458 2608 644 2645 Babylonem
656 2630 664 2646 ,
681 2611 708 2638 et
734 2618 796 2640 ‘non

1483 231 1517 259 4¹

826 283 895 312 haec
908 304 917 320 ,
928 282 986 312 sed
1001 281 1129 319 gravior
1143 280 1273 311 morbus
1288 283 1437 319 superbia
1452 286 1499 314 est
1514 293 1521 312 ε

825 335 895 365 quae
907 328 1030 357 utinam
1045 327 1090 356 sic
1106 326 1237 356 curetur
1248 347 1257 363 ,
1273 325 1309 355 ut
1322 328 1453 358 sanetur
1462 330 1522 358 hac

826 381 915 402 cura.
953 372 1157 402 Consentiam
1196 371 1308 408 itaque
1341 371 1524 403 adversario

825 426 919 455 meo,
944 417 1147 455 acquiescam
1167 415 1270 453 judici
1291 423 1362 444 meo
1375 437 1384 453 ,
1412 417 1522 446 cedam

826 463 966 501 denique
978 462 1107 500 urgenti
1120 462 1234 492 aculeo
1247 483 1257 498 ,
1272 469 1314 490 ne
1325 460 1375 490 bis
1389 469 1524 498 pungar.

825 509 902 538 Tale
917 508 1004 538 enim
1020 515 1092 538 reor
1106 514 1175 537 esse
1188 506 1274 544 quod
1287 505 1445 534 Dominus
1459 505 1504 534 ait
1516 513 1524 533 ε

826 555 932 584 Omnis
958 555 1012 592 qui
1033 563 1064 584 sc
1086 553 1225 589 exaltat,
1247 550 1478 588 humiliabitur,-
1499 552 1527 580 ct

826 600 921 637 quise
936 599 1097 635 humiliat,
1109 597 1310 628 exaltabitur.
1324 597 1365 626 Ac
1379 596 1405 625 si
1418 595 1504 625 dicat
1517 603 1526 624 ε

825 644 977 682 Quisquis
993 644 1102 674 contra
1118 643 1286 673 stimulum
1300 641 1528 672 recalcitrave-

825 690 885 728 rit,
902 690 1000 728 duplo
1022 690 1184 728 pungetur
1208 697 1216 717 ε
1240 687 1394 726 parcetur
1417 687 1527 717 autem

826 736 856 765 ei
877 735 934 774 qui
962 734 1184 773 consenserit,
1208 734 1240 764 et
1269 733 1396 764 dederit
1418 733 1527 763 locum

825 790 895 812 11·ae-

1025 866 1196 900 SERMO
1220 864 1328 899 XXI.

824 934 862 958 De
872 932 953 958 verbis
969 934 1112 965 sapientise,
1126 932 1241 957 Jusium
1254 930 1371 956 deduxit
1388 930 1528 956 Dominus·

1027 976 1077 1000 per
1090 969 1146 993 vias
1158 971 1262 998 rectas,
1274 970 1326 992 etc.

867 1023 896 1052 l.
913 1023 976 1053 Es'r
995 1021 1121 1059 justus,
1143 1021 1200 1060 qui
1225 1021 1260 1050 in
1286 1018 1448 1058 principio
1463 1027 1530 1049 ser-

826 1068 930 1097 monis
945 1068 1113 1097 accusator
1136 1067 1186 1096 est
1209 1066 1278 1103 sui3
1292 1066 1326 1095 et
1347 1065 1396 1094 est
1407 1064 1529 1101 justus,

827 1113 883 1151 qui
907 1121 950 1142 ex
974 1112 1039 1142 fide
1066 1111 1172 1149 vivit3
1200 1112 1233 1141 et
1253 1111 1303 1140 est
1319 1109 1447 1147 justus,
1473 1109 1529 1147 qui

827 1159 947 1196 absque
967 1158 1091 1188 terrore
1113 1158 1173 1187 est.
1190 1157 1230 1186 Et
1250 1156 1374 1194 primus
1397 1154 1528 1193 quidem

827 1203 947 1240 bonus,
963 1202 1039 1240 quia
1054 1203 1180 1232 accedit
1191 1202 1232 1231 ad
1242 1202 1330 1232 viam
1345 1209 1354 1230 ε
1370 1200 1530 1230 secundus

827 1247 958 1285 melior,
975 1247 1051 1285 quia
1072 1248 1174 1277 currit
1188 1255 1247 1285 per
1272 1247 1359 1276 viam
1382 1254 1390 1274 t
1412 1245 1530 1275 tertius

826 1292 986 1329 optimus,
1013 1291 1089 1330 quia
1114 1291 1183 1328 jam
1218 1290 1458 1329 appropinquat
1489 1289 1529 1319 ad

826 1337 924 1368 finem
939 1338 1013 1368 viae.
1039 1337 1099 1366 llic
1115 1337 1225 1367 tamen
1249 1336 1448 1374 accipiamus
1462 1335 1531 1373 pri-

826 1391 915 1412 mum
928 1405 937 1422 ,
952 1391 1051 1421 quem
1067 1383 1212 1413 velocius
1228 1381 1423 1411 invenimus.
1438 1381 1530 1410 Hunc

827 1428 965 1459 deduxit
980 1429 1155 1466 Dominus,
1180 1428 1214 1458 et
1239 1435 1306 1457 non
1330 1427 1436 1456 alius:
1453 1426 1529 1464 quia

828 1474 929 1512 ipsius
954 1474 1003 1504 est
1023 1474 1063 1504 de
1085 1474 1141 1504 via
1169 1473 1351 1511 iniquitatis
1374 1472 1414 1502 ad
1442 1472 1529 1502 viam

827 1520 974 1551 veritatis
988 1521 1162 1558 reducere,
1177 1521 1210 1550 et
1226 1519 1387 1549 deducere
1397 1540 1406 1557 ,
1422 1519 1455 1548 et
1469 1518 1530 1548 du-

827 1572 901 1594 cere
916 1573 975 1603 per
990 1573 1074 1595 eam.
1092 1567 1153 1595 Per
1172 1566 1258 1600 vias,
1278 1564 1402 1601 inquit,
1418 1565 1528 1593 rectas.

827 1610 894 1640 Viae
918 1611 1050 1641 Domini
1069 1612 1130 1641 viae
1156 1612 1255 1640 rectae
1269 1631 1278 1648 ,
1298 1610 1361 1640 viae
1388 1609 1529 1647 pulcrae,

826 1657 888 1686 viae
908 1658 1014 1696 plenae
1028 1679 1038 1695 ,
1053 1657 1117 1687 viae
1131 1657 1247 1695 planae.
1266 1656 1376 1686 Rectae
1392 1656 1461 1685 sine
1478 1664 1529 1685 er-

827 1710 917 1741 rore,
943 1703 1020 1740 quia
1039 1703 1164 1733 ducunt
1191 1703 1232 1732 ad
1254 1702 1382 1732 vitam:
1408 1702 1530 1739 pulcra»

828 1748 898 1778 sine
923 1748 1035 1785 sorde,
1063 1748 1140 1786 quia
1163 1747 1281 1778 docent
1302 1747 1497 1777 munditiam
1521 1756 1530 1775 ε

828 1794 933 1831 plenae
962 1793 1194 1830 multitudine,
1231 1793 1308 1830 quia
1344 1793 1430 1822 totus
1463 1791 1529 1828 Jam

828 1838 967 1868 mundus
979 1838 1028 1868 est
1044 1838 1127 1868 intra
1141 1837 1259 1867 Christi
1271 1844 1420 1874 sagenam
1434 1844 1444 1865 ι
1459 1837 1531 1873 pla-

829 1892 877 1914 nae
892 1884 961 1914 sine
977 1883 1169 1913 difficultate
1179 1905 1188 1921 ,
1203 1883 1279 1921 quia
1292 1882 1411 1912 donant
1424 1882 1531 1912 suavi-

828 1929 940 1959 tatem.
955 1930 1073 1967 Jugum
1090 1929 1178 1959 enim
1202 1929 1273 1965 eJus
1288 1936 1386 1957 suave
1403 1928 1471 1965 est,
1497 1929 1529 1958 et

828 1982 908 2004 onus
933 1975 1003 2011 ejus
1017 1975 1102 2004 leve.
1127 1976 1170 2004 Et
1193 1975 1322 2004 ostendit
1344 1974 1389 2003 illi
1401 1982 1529 2011 reqnum

826 2022 895 2050 Dei.
912 2021 1059 2057 Regnum
1083 2019 1145 2049 Dei
1161 2018 1368 2055 conceditur,
1393 2018 1529 2056 promit-

827 2068 925 2104 titur,
943 2065 1126 2095 ostenditur
1137 2087 1146 2103 ,
1169 2064 1360 2102 percipitur.
1374 2064 1530 2094 Concedi⁴

826 2111 880 2141 tur
894 2112 928 2141 in
952 2111 1240 2150 praedestinatione
1255 2132 1264 2148 ,
1276 2110 1481 2148 promittitur
1494 2111 1530 2141 in

827 2157 1014 2195 vocatione,
1031 2156 1213 2187 ostenditur
1228 2156 1262 2185 in
1277 2156 1508 2193 justificatione
1519 2178 1530 2193 ,

826 2201 861 2231 in
887 2202 1122 2240 glorificatione
1146 2200 1338 2239 percipitur.
1365 2201 1455 2231 Unde
1481 2202 1530 2231 est

826 2246 908 2276 illud
925 2256 933 2276 ε
952 2248 1070 2284 Venite,
1083 2247 1228 2276 benedicta·
1240 2246 1346 2276 Patris
1366 2247 1443 2282 mci,
1459 2255 1529 2284 per-

826 2293 912 2331 cipite
927 2301 1056 2330 reanum
1069 2293 1138 2322 Dei.
1156 2291 1208 2320 Sic
1224 2291 1312 2321 enim
1335 2291 1380 2320 ait
1393 2291 1528 2329 Aposto-

826 2339 876 2368 lus
892 2347 900 2368 :
918 2340 999 2378 Quos
1021 2338 1266 2376 praedestinavit,
1281 2337 1334 2366 hos
1347 2339 1374 2367 ct
1388 2338 1506 2367 vocavit
1518 2346 1529 2367 .-

827 2386 855 2414 et
875 2393 950 2423 quos
964 2385 1098 2420 vocavit,
1114 2384 1182 2414 illos
1198 2384 1227 2413 et
1240 2382 1417 2420 justificavit
1429 2391 1439 2411 .·
1455 2391 1530 2420 quos·

827 2432 930 2459 [netem
949 2430 1145 2467 justificavit,
1169 2429 1236 2458 illos
1260 2429 1288 2457 et
1310 2427 1528 2465 maqnificaril.

828 2475 863 2504 In
878 2475 1161 2513 praedestinatione
1178 2474 1226 2503 est
1241 2473 1344 2511 gratia
1354 2494 1363 2509 ,
1387 2472 1420 2501 in
1435 2479 1529 2500 voca-

828 2520 916 2550 tione
928 2520 1073 2558 potentia
1083 2542 1091 2558 ,
1107 2520 1141 2549 in
1154 2517 1384 2556 justificatione
1398 2516 1507 2546 laetitia
1519 2538 1528 2553 ,

829 2565 863 2595 in
876 2565 1134 2603 magnificatione
1151 2565 1200 2595 est
1214 2563 1325 2601 gloria.

868 2611 898 2640 2.
921 2613 963 2642 Et
982 2613 1061 2641 dcht
1085 2613 1130 2641 illc·
1158 2610 1314 2641 scientiam
1338 2610 1527 2638 amiciorum,

100 2654 141 2681 αἱ
170 2654 293 2682 sanata.
319 2652 431 2682 Gravis
461 2653 581 2683 curatio
615 2654 797 2686 humiliatio
831 2655 971 2687 Scientia
997 2657 1179 2687 sanctorum
1196 2654 1265 2691 cst,
1291 2653 1342 2683 hic
1366 2652 1531 2691 tempora—-
