1830 3073
478 235 536 263 DE
557 231 771 261 DIVERSIS
793 230 939 259 SERMO
964 229 1076 257 XXII.

66 289 251 326 humiliasti,
266 287 356 318 anilis
379 286 487 326 quibus
512 286 644 316 vidimus
662 284 760 314 mala.

66 336 102 366 ln
115 335 252 366 veritate
264 332 336 363 dico
351 331 461 370 vobis,
476 331 553 370 quia
574 331 609 360 in
624 327 762 360 veritate

66 381 143 412 estis
156 401 165 418 ,
184 380 218 409 in
229 379 282 410 via
297 378 402 416 recta,
417 377 453 407 in
467 378 521 408 via
541 376 650 407 sancta
660 396 670 413 ,
693 381 763 412 quae

66 426 220 464 perducat
233 424 274 454 nd
295 424 447 454 Sanctum
462 422 657 453 sanctorum.
673 419 764 448 Men-

66 472 129 501 tior
161 469 272 510 (quod
286 470 327 500 ad
347 468 602 500 consolationem
621 464 764 496 vestram

66 515 158 555 dico)
183 516 210 546 si
225 524 289 546 non
305 524 347 545 ex
366 515 517 552 manibus
532 512 630 549 hujus
650 516 765 549 pecca-

65 562 171 601 toris,
192 561 442 598 monachorum,
474 558 690 593 novitiorum,
731 552 766 583 et

66 616 294 638 conversorum
314 607 428 637 animae
443 605 483 635 ad
497 603 639 634 coelestia
650 600 765 640 gaudia

65 654 258 683 volaverunt
269 675 278 692 ,
287 654 352 683 tam
363 652 474 682 liberae
485 673 494 689 ,
505 658 603 689 quam
617 647 765 678 liberatae

66 698 106 728 de
120 706 248 729 carcere
267 699 383 728 nostrae
397 695 616 727 mortalitatis.
631 694 663 723 Si
676 701 766 731 1111113-

64 744 137 773 ritis
158 744 243 774 unde
270 743 305 773 id
325 744 442 780 sciam,
467 741 582 772 scitote
602 739 678 778 quia
695 746 765 768 cer-

65 790 189 819 tissima
215 789 297 819 mihi
319 789 410 827 signa
430 787 507 818 inde
532 786 617 817 facta
637 785 712 816 sunt
733 785 765 814 et

64 836 204 865 ostensa.

105 881 136 910 5.
162 881 232 910 Non
248 880 298 911 est
312 879 411 919 igitur
424 878 509 917 quod
522 877 617 909 vobis
632 876 685 906 vel
706 883 764 914 pro

66 927 158 957 vobis
183 927 316 957 timeam
338 934 356 956 a
377 925 502 956 viribus
518 924 638 954 satanae
655 922 688 952 et
703 922 766 951 mi-

65 973 239 1003 nistrorum
274 972 344 1010 ejus
357 994 367 1010 ,
396 980 470 1001 cum
498 969 648 1000 noverim
676 968 766 997 illius

67 1018 292 1048 fortitudinem
316 1026 375 1056 per
389 1015 615 1054 Redemptoris
629 1014 765 1044 vulnera

66 1064 247 1093 traductam
263 1064 295 1093 et
310 1062 482 1092 deductam
501 1061 541 1090 ad
558 1060 710 1090 nihilum.
730 1059 765 1086 ln

68 1108 188 1145 spiritu
201 1109 289 1138 enim
311 1106 510 1137 fortitudinis
522 1105 639 1135 sortem
654 1103 766 1133 fortior

68 1154 124 1183 11Ιο
149 1153 320 1190 contrivit,
348 1151 456 1191 portas
479 1159 580 1181 aereas
602 1151 635 1180 et
655 1148 766 1180 vectes

68 1200 189 1229 ferreos
201 1199 416 1236 confringens.
429 1194 454 1226 A
466 1195 617 1226 versutiis
633 1195 666 1225 et
682 1195 766 1224 astu—

66 1244 122 1273 tiis
146 1245 234 1274 illius
255 1243 392 1273 formido
416 1242 498 1272 1111111
521 1242 568 1271 est
582 1250 640 1279 pro
654 1240 764 1275 vobis,

68 1289 100 1318 111
129 1289 246 1328 quibus
269 1289 387 1327 partim
413 1287 594 1318 subtilitate
621 1286 764 1322 naturae,

67 1336 185 1374 parlim
201 1334 405 1373 experientia
425 1334 610 1371 temporum
633 1332 693 1361 sub
718 1332 764 1360 tot

68 1389 225 1411 annorum
236 1380 380 1410 millibus
391 1379 548 1416 eruditus,
558 1376 764 1416 fragilitatem

68 1429 216 1458 humanae
230 1427 365 1464 naturae,
375 1432 632 1465 quaquaversum
646 1432 680 1453 se
692 1432 765 1453 ver-

68 1474 167 1511 terit,
181 1481 246 1502 non
262 1472 397 1511 ignorat.
417 1471 469 1501 Sic
488 1471 544 1501 ille
570 1469 766 1500 insatiabilis

68 1519 230 1549 homicida
242 1518 355 1557 primis
366 1517 556 1556 parentibus
569 1516 687 1546 nostris
701 1523 766 1545 non

70 1572 158 1594 ursos
167 1586 177 1601 ,
188 1572 251 1594 non
266 1565 393 1602 leones,
408 1571 472 1593 11011
484 1563 580 1592 fortia
594 1562 687 1592 terrae
698 1561 767 1590 ani-

69 1610 164 1640 malia
180 1610 342 1648 delegavit
356 1619 364 1639 :
383 1610 439 1640 sed
453 1609 633 1640 tortuosum
650 1608 682 1637 et
704 1607 767 1637 cal-

70 1656 172 1686 iidnm
196 1656 380 1695 serpentem
391 1678 400 1694 ‚
416 1656 472 1694 qui
497 1663 555 1693 per
567 1654 695 1684 sinuosa
710 1663 767 1684 vo-

70 1702 191 1731 lumina
209 1709 298 1731 nunc
319 1702 416 1740 caput
436 1701 555 1737 cauda,
579 1708 667 1730 nunc
693 1708 768 1729 cau—

70 1747 142 1777 dam
159 1747 266 1785 capite
282 1748 392 1785 tegere
415 1746 596 1776 consuevit.
619 1745 767 1782 Denique

71 1792 105 1821 et
119 1800 251 1829 serpens
264 1799 329 1821 non
345 1791 456 1820 sortior
469 1790 550 1827 erat,
560 1789 615 1819 sed
631 1790 770 1819 callidior

70 1839 184 1868 fimetis
196 1837 404 1867 (neumatibus
417 1838 524 1872 terroe,
536 1835 582 1865 ait
593 1835 768 1873 Scriptura.

71 1883 160 1913 Unde
195 1884 228 1912 et
259 1883 298 1912 ab
335 1882 588 1919 interrogatione
617 1881 768 1919 incoepit,

71 1929 216 1958 mentem
244 1927 392 1957 mulieris
419 1928 611 1964 explorans,
645 1926 768 1963 sciens,

70 1974 219 2013 ingemo,
239 1982 303 2003 non
327 1973 453 2003 viribus
468 1972 692 2002 laborandum.
707 1973 770 2002 Cur

68 2022 209 2059 proecepit
222 2019 306 2050 vobis
320 2020 470 2049 Dominus
484 2020 566 2048 Deus
575 2039 584 2055 ‚
598 2018 749 2056 inquiens
759 2041 768 2056 ,

71 2073 109 2095 ne
133 2065 324 2095 comederetis
337 2065 372 2093 de
396 2064 476 2103 liquo
492 2064 623 2094 scientim
647 2063 719 2094 boni
741 2069 769 2098 et

71 2111 145 2140 1111111·
152 2110 165 2139 ἒ
176 2112 250 2149 Quae
258 2111 411 2148 respondit
421 2110 485 2139 :Ne
497 2109 574 2147 forte
582 2109 768 2140 moriamur.

71 2155 161 2193 Quod
172 2157 257 2186 Deus
272 2164 329 2194 pro
345 2156 433 2186 certo
446 2154 618 2194 posuerat,
635 2155 747 2186 dicens
759 2178 768 2194 ,

73 2204 269 2241 ριιαειιιηᾳιιε
289 2202 335 2231 die
357 2202 561 2238 comederitis,
585 2202 683 2230 morte
702 2210 770 2231 mo-

72 2248 212 2285 riemini,-
238 2247 298 2277 ista
325 2247 384 2276 sub
409 2246 508 2276 dubio
535 2245 707 2284 supponit,
732 2255 769 2277 nc

75 2294 170 2329 torte,
185 2293 349 2330 inquiens,
364 2293 392 2323 si
401 2294 616 2323 comederimus
626 2314 636 2329 ‚
651 2294 770 2322 moria-

78 2347 156 2366 mur.
180 2338 218 2367 Et
240 2338 315 2367 audi
341 2338 509 2377 ingenium
543 2338 769 2377 malitiamque

75 2383 245 2420 serpentis.
269 2384 489 2422 Nequaquam,
511 2383 635 2422 inquit,
657 2387 770 2416 morie-

74 2429 160 2457 mini.
190 2428 275 2458 Deus
299 2429 456 2466 affirmat,
480 2430 599 2459 mulier
626 2429 769 2471 dubitat,

76 2475 165 2503 satan
180 2474 287 2511 negat.
301 2473 353 2503 Sic
374 2474 407 2504 et
421 2483 478 2512 ego
493 2475 612 2513 timeo,
623 2483 665 2505 ne
686 2477 770 2507 sicut

76 2527 207 2557 serpens
222 2520 318 2548 Evam
330 2519 460 2549 seduxit
485 2520 601 2549 astutia
617 2528 673 2551 sua
686 2543 696 2559 ,
725 2522 770 2553 sic

76 2565 108 2595 et
125 2572 236 2595 sensus
250 2565 349 2595 vestri
371 2566 614 2604 corrumpantur
636 2574 654 2596 a
676 2568 770 2598 casti-

76 2610 140 2640 tate
152 2631 161 2646 ,
174 2618 243 2648 quae
256 2611 304 2641 cst
319 2611 351 2640 in
363 2611 486 2641 Christo
501 2612 587 2641 Jesu.

115 2654 296 2686 lnPutasne
319 2656 435 2696 aliquis
457 2658 490 2687 in
506 2657 595 2688 vobis
625 2660 690 2695 ost,
716 2657 768 2688 0111

1454 231 1496 262 [15

795 281 882 311 dicat
897 280 932 311 in
954 278 1206 319 cogitationibus
1229 278 1295 311 suis
1311 288 1318 310 :
1335 281 1396 311 Cur
1414 291 1497 321 prm-

796 325 884 364 cepit
898 327 990 357 vobis
1001 327 1087 356 Deus
1099 348 1108 364 ,
1121 325 1158 355 ut
1173 324 1266 355 istam
1282 326 1436 363 Regulam
1449 329 1497 358 te—

797 370 942 401 neretis?
956 370 1141 400 Secundum
1157 369 1245 400 enim
1261 369 1419 408 impetum
1435 372 1498 410 spi-

797 416 919 447 rituum
940 417 1122 447 vestrorum
1146 416 1223 446 huic
1246 415 1357 454 tepido
1382 418 1496 447 remis-

798 462 921 492 sionem
934 484 944 500 ,
960 462 1012 492 illi
1038 461 1181 492 ferventi
1200 462 1302 492 vitam
1327 461 1498 492 arctiorem

797 508 968 547 proponit,
984 508 1046 538 hoc
1069 508 1173 538 solum
1189 507 1349 546 expetens
1372 507 1404 537 et
1442 513 1500 535 ex-

795 552 953 597 spectem,
966 554 1002 584 ut
1017 562 1143 592 quoquo
1158 553 1253 583 modo
1268 553 1361 583 tollat
1386 562 1462 583 eum
1481 561 1500 583 a

798 600 934 630 concilio
967 599 1126 637 justorum
1169 600 1202 630 et
1239 599 1499 638 congregatione.

798 645 944 675 Profecto
959 645 1094 683 spiritus
1106 646 1162 675 ille
1173 667 1182 683 ,
1202 644 1257 684 qui
1272 645 1333 675 tibi
1349 645 1409 674 1100
1425 654 1501 683 sug-

798 692 903 730 gerit,
930 691 1066 729 spiritus
1094 691 1236 722 mendax
1267 691 1338 728 est,
1367 690 1501 728 spiritus

798 738 993 776 potestatem
1007 739 1130 768 habens
1140 759 1149 775 ,
1165 737 1222 776 qui
1235 736 1296 766 tibi
1312 736 1438 767 invidet
1452 737 1501 767 10-

798 792 872 813 011111
887 784 991 815 tuum.
1018 783 1108 813 Unde
1125 783 1158 813 et
1176 782 1312 820 Sapiens
1326 782 1424 819 huJ'us
1450 781 1500 812 rei

797 837 861 859 non
876 829 1005 868 ignarus
1022 839 1029 859 :
1049 830 1083 860 δί
1102 829 1227 868 spiritus
1245 829 1425 866 potestatem
1443 827 1502 858 ha-

799 875 893 906 bentis
920 886 1010 914 super
1038 878 1065 908 te
1095 875 1282 910 ascenderit,
1306 872 1372 910 ait,
1401 873 1501 903 locum

798 923 884 951 11111111
895 931 932 952 ne
944 923 1102 953 (Ιίιηῐεενῖς.
1111 920 1202 950 Absit
1214 919 1301 949 enim
1314 918 1352 948 ut
1362 918 1503 956 Spiritus

799 967 964 1005 veritatis,
981 967 1037 1006 qui
1052 968 1085 998 te
1101 967 1164 996 huc
1180 964 1334 1002 adduxit,
1355 965 1388 995 te
1403 964 1502 994 redu-

798 1021 872 1043 cere
894 1014 976 1044 velit
998 1023 1006 1043 :
1033 1014 1189 1052 quianon
1217 1012 1265 1042 est
1294 1011 1328 1041 in
1350 1018 1405 1040 ore
1432 1010 1503 1047 ejus

798 1060 851 1089 Est
867 1061 901 1090 et
922 1061 990 1089 Non
1008 1068 1016 1088 ε
1040 1059 1097 1088 sed
1113 1059 1163 1088 est
1184 1057 1219 1087 in
1239 1057 1296 1087 illo
1325 1056 1396 1095 Est,
1418 1056 1503 1086 sicut

799 1105 1031 1143 irrefragabilis
1046 1103 1220 1134 auctoritas
1231 1102 1380 1133 testatur.
1391 1103 1502 1137 Nemo,

799 1151 844 1180 ait
869 1151 1037 1188 Apostolus
1051 1172 1060 1188 ,
1086 1151 1211 1188 loquens
1232 1150 1265 1179 in
1289 1149 1405 1187 Spiritu,
1424 1148 1501 1183 Dei,

798 1197 868 1225 dicit
882 1197 1050 1226 anathema
1071 1197 1155 1226 Jesu.
1171 1195 1264 1224 Jesus
1279 1193 1420 1224 salvator
1432 1192 1501 1222 sive

798 1241 899 1277 salus;
917 1241 1089 1271 anathema
1102 1263 1110 1278 ,
1126 1240 1287 1278 separatIo
1310 1238 1503 1276 interpreta-

798 1286 862 1315 tur.
872 1287 934 1323 Qui
948 1295 1027 1317 vero
1040 1286 1101 1315 tibi
1117 1285 1355 1324 separationem
1366 1292 1384 1313 a
1398 1284 1502 1314 salute

797 1332 1062 1370 submurmurat,
1092 1340 1154 1361 nec
1179 1331 1240 1360 Dei
1267 1330 1406 1369 Spiritus
1431 1329 1501 1367 est,

798 1387 857 1408 nec
872 1386 890 1408 a
905 1379 972 1408 Deo
989 1387 996 1405 :
1013 1378 1091 1416 quia
1117 1377 1258 1415 Spiritus
1283 1377 1412 1406 sanctus
1436 1382 1501 1405 non

798 1424 983 1463 dispergere
995 1447 1005 1462 ,
1034 1424 1093 1454 sed
1119 1423 1274 1460 colligere
1303 1423 1413 1460 venit,
1443 1423 1502 1460 qui

798 1478 926 1508 semper
940 1470 1072 1501 revocat
1085 1470 1246 1508 dispersos
1271 1469 1370 1499 Israel
1385 1469 1421 1499 in
1435 1469 1502 1499 ter-

798 1525 865 1546 ram
878 1525 980 1546 suam.

839 1563 870 1592 5,
881 1562 1096 1599 Quiu?vitam
1109 1561 1276 1591 fortiorem
1287 1560 1405 1599 aliquis
1416 1569 1503 1599 quae-

799 1607 871 1638 rat?
893 1609 972 1638 Dico
997 1608 1106 1645 vobis,
1133 1606 1209 1645 quia
1237 1607 1300 1636 ista
1328 1606 1502 1636 fortissima

800 1655 865 1692 est,
883 1655 916 1684 et
931 1664 1002 1692 quae
1025 1663 1068 1684 ex
1083 1653 1169 1683 omni
1183 1654 1274 1690 parte
1285 1675 1294 1690 ,
1310 1653 1335 1682 si
1353 1653 1504 1682 dissimu-

800 1701 865 1730 lare
878 1701 1040 1737 nolueris,
1056 1700 1170 1738 primae
1186 1699 1234 1728 illi
1260 1699 1378 1728 scholae
1394 1699 1503 1728 Salva-

800 1745 877 1775 toris
891 1754 948 1783 pro
977 1753 1034 1775 sua
1059 1744 1273 1783 possibilitate
1296 1743 1501 1781 respondeat.

800 1792 848 1820 An
875 1791 975 1821 audes
991 1791 1031 1820 ad
1058 1790 1242 1820 molliorem
1262 1789 1315 1819 vel
1331 1789 1504 1827 cogitando

801 1836 1019 1867 descendere?
1047 1836 1071 1865 O
1096 1835 1124 1865 si
1154 1835 1358 1873 cognovisses
1385 1834 1418 1864 et
1444 1835 1502 1872 tu,

801 1891 897 1920 quam
922 1882 1025 1911 multa
1051 1881 1084 1911 et
1109 1888 1207 1919 quam
1238 1880 1349 1909 multis
1364 1879 1502 1911 debeas!

800 1928 928 1958 videres
943 1936 1039 1966 quam
1050 1927 1135 1957 nihil
1150 1926 1192 1957 sit
1205 1926 1290 1964 quod
1303 1926 1393 1964 facis,
1406 1934 1504 1964 quam

800 1981 860 2003 uec
876 1974 960 2004 inter
970 1974 1104 2003 minima
1118 1972 1355 2003 numerandum
1367 1972 1407 2001 ad
1418 1980 1505 2001 com-

801 2019 1001 2057 parationem
1011 2018 1193 2049 debitorum
1206 2018 1347 2047 tuorum.
1356 2018 1412 2047 Vis
1420 2018 1504 2048 scire

801 2074 871 2103 quae
900 2066 934 2095 et
957 2065 1075 2103 quibus
1096 2063 1235 2094 debeas?
1255 2063 1361 2092 Primo
1377 2063 1502 2093 Christo

800 2111 877 2141 Jesu
893 2111 993 2141 debes
1017 2118 1147 2140 omnem
1172 2109 1274 2139 vitam
1295 2110 1404 2147 tuam,
1428 2109 1504 2147 quia

802 2157 870 2195 ipse
884 2157 986 2187 vitam
1004 2164 1094 2186 suam
1105 2155 1214 2194 posuit
1227 2163 1284 2193 pro
1300 2154 1367 2184 vita
1380 2158 1454 2192 ωας
1471 2155 1504 2185 et

802 2202 962 2232 cruciatus
977 2209 1101 2231 amaros
1116 2199 1270 2231 sustinuit
1286 2221 1295 2237 ,
1310 2208 1352 2230 ne
1373 2199 1408 2230 tu
1427 2209 1504 2238 per-

802 2249 917 2286 petuos
932 2249 1122 2278 sustineres.
1143 2246 1228 2284 Quid
1243 2245 1304 2276 tibi
1325 2246 1433 2275 dirum
1448 2246 1503 2276 vel

802 2294 918 2323 durum
951 2302 1020 2324 esse
1049 2292 1187 2332 poterit,
1215 2300 1289 2321 cum
1317 2291 1504 2321 recordatus

804 2341 921 2379 fucris,
941 2341 1018 2379 quia
1042 2340 1098 2370 1110
1114 2339 1150 2368 111
1172 2338 1274 2368 forma
1288 2338 1366 2376 Dei,
1389 2338 1424 2367 111
1449 2338 1502 2368 die

802 2387 992 2417 aeternitatis
1006 2394 1090 2424 suae,
1108 2385 1143 2414 in
1163 2384 1390 2423 splendoribus
1411 2391 1505 2414 sanc-

804 2433 908 2462 torum
923 2433 997 2462 ante
1009 2431 1184 2462 luciferum
1196 2430 1324 2469 genitus
1333 2451 1342 2468 ,
1351 2429 1505 2467 splendor

803 2480 836 2507 et
849 2477 949 2516 figura
965 2477 1153 2508 substantiae
1166 2476 1226 2506 Dei
1241 2498 1250 2514 ,
1266 2474 1358 2506 venit
1376 2474 1415 2504 ad
1434 2483 1504 2504 car-

803 2531 911 2553 cerem
925 2523 1035 2561 tuum,
1057 2522 1098 2552 ad
1111 2522 1227 2552 limum
1250 2521 1343 2551 tuum
1358 2541 1368 2557 ,
1384 2519 1503 2548 infixus

805 2566 861 2607 (ut
885 2567 1024 2607 dicitur)
1042 2576 1144 2606 usque
1168 2567 1209 2597 ad
1223 2566 1350 2597 cubitos
1370 2564 1405 2594 in
1424 2564 1502 2593 limo

803 2613 1063 2652 profundHQuid
1076 2622 1142 2644 non
1157 2620 1254 2643 suave
1265 2611 1324 2641 tibi
1335 2632 1344 2649 ,
1356 2617 1429 2639 cum
1441 2608 1502 2639 tibi

804 2659 972 2697 collegeris
987 2667 1097 2690 omnes
1122 2657 1354 2688 amaritudines
1370 2654 1502 2686 Domini
