<?xml version="1.0" encoding="UTF-8"?>
<!DOCTYPE html PUBLIC "-//W3C//DTD XHTML 1.0 Transitional//EN"
    "http://www.w3.org/TR/xhtml1/DTD/xhtml1-transitional.dtd">
<html xmlns="http://www.w3.org/1999/xhtml" xml:lang="en" lang="en">
 <head>
  <title>
</title>
<meta http-equiv="Content-Type" content="text/html;charset=utf-8" />
  <meta name='ocr-system' content='tesseract 3.04.00' />
  <meta name='ocr-capabilities' content='ocr_page ocr_carea ocr_par ocr_line ocrx_word'/>
</head>
<body>
  <div class='ocr_page' id='page_1' title='image "./operagenuinajuxt03bernuoft/operagenuinajuxt03bernuoft_0145.png"; bbox 0 0 1810 3073; ppageno 0'>
   <div class='ocr_carea' id='block_1_1' title="bbox 495 193 1069 228">
    <p class='ocr_par' dir='ltr' id='par_1_1' title="bbox 495 193 1069 228">
     <span class='ocr_line' id='line_1_1' title="bbox 495 193 1069 228; baseline -0.014 0"><span class='ocrx_word' id='word_1_1' title='bbox 495 199 551 228; x_wconf 88' lang='lat' dir='ltr'><strong>DE</strong></span> <span class='ocrx_word' id='word_1_2' title='bbox 572 195 780 226; x_wconf 81' lang='lat' dir='ltr'>DIVERSIS</span> <span class='ocrx_word' id='word_1_3' title='bbox 802 193 952 222; x_wconf 74' lang='lat' dir='ltr'>SERMO</span> <span class='ocrx_word' id='word_1_4' title='bbox 977 193 1069 221; x_wconf 76' lang='lat'><strong>(3111.</strong></span> 
     </span>
    </p>
   </div>
   <div class='ocr_carea' id='block_1_2' title="bbox 69 251 776 1482">
    <p class='ocr_par' dir='ltr' id='par_1_2' title="bbox 69 251 776 1482">
     <span class='ocr_line' id='line_1_2' title="bbox 81 251 771 296; baseline -0.01 -8"><span class='ocrx_word' id='word_1_5' title='bbox 81 259 181 288; x_wconf 88' lang='lat' dir='ltr'><strong>Deum</strong></span> <span class='ocrx_word' id='word_1_6' title='bbox 199 260 323 296; x_wconf 85' lang='lat' dir='ltr'><strong>quoque</strong></span> <span class='ocrx_word' id='word_1_7' title='bbox 343 251 517 292; x_wconf 77' lang='lat' dir='ltr'><strong>diligerent</strong></span> <span class='ocrx_word' id='word_1_8' title='bbox 540 251 771 292; x_wconf 82' lang='lat' dir='ltr'><strong>spiritualiter3</strong></span> 
     </span>
     <span class='ocr_line' id='line_1_3' title="bbox 81 296 774 337; baseline -0.009 -4"><span class='ocrx_word' id='word_1_9' title='bbox 81 304 165 333; x_wconf 84' lang='lat' dir='ltr'><strong>Deus</strong></span> <span class='ocrx_word' id='word_1_10' title='bbox 178 309 248 333; x_wconf 87' lang='lat' dir='ltr'><strong>caro</strong></span> <span class='ocrx_word' id='word_1_11' title='bbox 270 299 372 330; x_wconf 82' lang='lat' dir='ltr'><strong>factus</strong></span> <span class='ocrx_word' id='word_1_12' title='bbox 399 298 471 337; x_wconf 88' lang='lat' dir='ltr'><strong>est,</strong></span> <span class='ocrx_word' id='word_1_13' title='bbox 487 299 521 330; x_wconf 86' lang='lat' dir='ltr'><strong>et</strong></span> <span class='ocrx_word' id='word_1_14' title='bbox 547 298 725 337; x_wconf 88' lang='lat' dir='ltr'><strong>loquendo,</strong></span> <span class='ocrx_word' id='word_1_15' title='bbox 740 296 774 328; x_wconf 81' lang='lat' dir='ltr'><strong>et</strong></span> 
     </span>
     <span class='ocr_line' id='line_1_4' title="bbox 81 343 773 383; baseline -0.009 -4"><span class='ocrx_word' id='word_1_16' title='bbox 81 345 292 379; x_wconf 88' lang='lat' dir='ltr'><strong>conversando</strong></span> <span class='ocrx_word' id='word_1_17' title='bbox 317 352 392 375; x_wconf 89' lang='lat' dir='ltr'><strong>cum</strong></span> <span class='ocrx_word' id='word_1_18' title='bbox 414 344 620 383; x_wconf 86' lang='lat' dir='ltr'><strong>hominibus,</strong></span> <span class='ocrx_word' id='word_1_19' title='bbox 634 343 773 382; x_wconf 87' lang='lat' dir='ltr'><strong>primum</strong></span> 
     </span>
     <span class='ocr_line' id='line_1_5' title="bbox 79 389 774 424; baseline -0.006 0"><span class='ocrx_word' id='word_1_20' title='bbox 79 395 119 424; x_wconf 90' lang='lat' dir='ltr'><strong>ab</strong></span> <span class='ocrx_word' id='word_1_21' title='bbox 140 393 187 424; x_wconf 89' lang='lat' dir='ltr'><strong>eis</strong></span> <span class='ocrx_word' id='word_1_22' title='bbox 200 390 374 422; x_wconf 82' lang='lat' dir='ltr'>carnaliter</span> <span class='ocrx_word' id='word_1_23' title='bbox 389 390 527 421; x_wconf 91' lang='lat' dir='ltr'><strong>dilectus</strong></span> <span class='ocrx_word' id='word_1_24' title='bbox 542 389 602 421; x_wconf 89' lang='lat' dir='ltr'><strong>est.</strong></span> <span class='ocrx_word' id='word_1_25' title='bbox 618 390 696 420; x_wconf 87' lang='lat' dir='ltr'><strong>Cum</strong></span> <span class='ocrx_word' id='word_1_26' title='bbox 718 396 774 419; x_wconf 87' lang='lat' dir='ltr'><strong>au-</strong></span> 
     </span>
     <span class='ocr_line' id='line_1_6' title="bbox 79 435 772 476; baseline -0.004 -8"><span class='ocrx_word' id='word_1_27' title='bbox 79 439 143 468; x_wconf 83' lang='lat' dir='ltr'><strong>tem</strong></span> <span class='ocrx_word' id='word_1_28' title='bbox 166 445 224 476; x_wconf 90' lang='lat' dir='ltr'><strong>pro</strong></span> <span class='ocrx_word' id='word_1_29' title='bbox 249 435 363 467; x_wconf 88' lang='lat' dir='ltr'><strong>amicis</strong></span> <span class='ocrx_word' id='word_1_30' title='bbox 388 436 456 467; x_wconf 91' lang='lat' dir='ltr'><strong>suis</strong></span> <span class='ocrx_word' id='word_1_31' title='bbox 479 435 621 466; x_wconf 88' lang='lat' dir='ltr'><strong>animam</strong></span> <span class='ocrx_word' id='word_1_32' title='bbox 651 442 772 474; x_wconf 88' lang='lat' dir='ltr'><strong>ponere</strong></span> 
     </span>
     <span class='ocr_line' id='line_1_7' title="bbox 78 480 774 522; baseline -0.004 -9"><span class='ocrx_word' id='word_1_33' title='bbox 78 483 196 522; x_wconf 89' lang='lat' dir='ltr'><strong>vellet,</strong></span> <span class='ocrx_word' id='word_1_34' title='bbox 218 482 285 520; x_wconf 83' lang='lat' dir='ltr'><strong>jam</strong></span> <span class='ocrx_word' id='word_1_35' title='bbox 311 481 462 521; x_wconf 87' lang='lat' dir='ltr'><strong>spiritum</strong></span> <span class='ocrx_word' id='word_1_36' title='bbox 491 481 692 520; x_wconf 81' lang='lat' dir='ltr'><strong>diligebant,</strong></span> <span class='ocrx_word' id='word_1_37' title='bbox 717 480 774 511; x_wconf 91' lang='lat' dir='ltr'><strong>sed</strong></span> 
     </span>
     <span class='ocr_line' id='line_1_8' title="bbox 75 526 774 560; baseline -0.003 -1"><span class='ocrx_word' id='word_1_38' title='bbox 75 529 179 560; x_wconf 89' lang='lat' dir='ltr'><strong>adhuc</strong></span> <span class='ocrx_word' id='word_1_39' title='bbox 204 528 389 559; x_wconf 85' lang='lat' dir='ltr'><strong>carnaliter.</strong></span> <span class='ocrx_word' id='word_1_40' title='bbox 418 528 510 558; x_wconf 83' lang='lat' dir='ltr'>Unde</span> <span class='ocrx_word' id='word_1_41' title='bbox 536 528 571 557; x_wconf 89' lang='lat' dir='ltr'><strong>et</strong></span> <span class='ocrx_word' id='word_1_42' title='bbox 594 526 705 557; x_wconf 84' lang='lat' dir='ltr'><strong>Petrus</strong></span> <span class='ocrx_word' id='word_1_43' title='bbox 728 526 774 557; x_wconf 92' lang='lat' dir='ltr'><strong>lo-</strong></span> 
     </span>
     <span class='ocr_line' id='line_1_9' title="bbox 75 572 774 613; baseline -0.003 -8"><span class='ocrx_word' id='word_1_44' title='bbox 75 574 187 613; x_wconf 78' lang='lat' dir='ltr'><strong>quenti</strong></span> <span class='ocrx_word' id='word_1_45' title='bbox 203 575 242 605; x_wconf 91' lang='lat' dir='ltr'><strong>de</strong></span> <span class='ocrx_word' id='word_1_46' title='bbox 255 574 403 613; x_wconf 78' lang='lat' dir='ltr'><strong>passione</strong></span> <span class='ocrx_word' id='word_1_47' title='bbox 414 581 471 604; x_wconf 87' lang='lat' dir='ltr'><strong>sua</strong></span> <span class='ocrx_word' id='word_1_48' title='bbox 482 572 669 611; x_wconf 83' lang='lat' dir='ltr'><strong>respondit:</strong></span> <span class='ocrx_word' id='word_1_49' title='bbox 686 572 774 604; x_wconf 81' lang='lat' dir='ltr'><strong>Absit</strong></span> 
     </span>
     <span class='ocr_line' id='line_1_10' title="bbox 73 617 774 658; baseline -0.004 -8"><span class='ocrx_word' id='word_1_50' title='bbox 73 630 94 650; x_wconf 85' lang='lat' dir='ltr'><strong>a</strong></span> <span class='ocrx_word' id='word_1_51' title='bbox 107 623 143 656; x_wconf 79' lang='lat' dir='ltr'><strong>te,</strong></span> <span class='ocrx_word' id='word_1_52' title='bbox 150 621 298 658; x_wconf 82' lang='lat' dir='ltr'><strong>Domine,</strong></span> <span class='ocrx_word' id='word_1_53' title='bbox 312 628 376 650; x_wconf 76' lang='lat' dir='ltr'><strong>‘non</strong></span> <span class='ocrx_word' id='word_1_54' title='bbox 390 620 448 650; x_wconf 80' lang='lat' dir='ltr'><strong>crit</strong></span> <span class='ocrx_word' id='word_1_55' title='bbox 462 619 518 649; x_wconf 83' lang='lat' dir='ltr'><strong>tibi</strong></span> <span class='ocrx_word' id='word_1_56' title='bbox 532 619 599 648; x_wconf 89' lang='lat' dir='ltr'><strong>hoc.</strong></span> <span class='ocrx_word' id='word_1_57' title='bbox 616 617 680 648; x_wconf 90' lang='lat' dir='ltr'><strong>Sed</strong></span> <span class='ocrx_word' id='word_1_58' title='bbox 700 626 774 648; x_wconf 91' lang='lat' dir='ltr'><strong>cum</strong></span> 
     </span>
     <span class='ocr_line' id='line_1_11' title="bbox 73 663 773 704; baseline -0.003 -9"><span class='ocrx_word' id='word_1_59' title='bbox 73 674 133 704; x_wconf 87' lang='lat' dir='ltr'><strong>per</strong></span> <span class='ocrx_word' id='word_1_60' title='bbox 147 665 292 695; x_wconf 86' lang='lat' dir='ltr'><strong>eamdem</strong></span> <span class='ocrx_word' id='word_1_61' title='bbox 307 664 488 704; x_wconf 80' lang='lat' dir='ltr'><strong>passionem</strong></span> <span class='ocrx_word' id='word_1_62' title='bbox 500 663 571 694; x_wconf 87' lang='lat' dir='ltr'><strong>fieri</strong></span> <span class='ocrx_word' id='word_1_63' title='bbox 583 663 773 701; x_wconf 80' lang='lat' dir='ltr'><strong>mysterium</strong></span> 
     </span>
     <span class='ocr_line' id='line_1_12' title="bbox 73 709 775 750; baseline -0.001 -9"><span class='ocrx_word' id='word_1_64' title='bbox 73 711 304 750; x_wconf 81' lang='lat' dir='ltr'><strong>redemptionis</strong></span> <span class='ocrx_word' id='word_1_65' title='bbox 317 709 544 748; x_wconf 80' lang='lat' dir='ltr'><strong>agnoscerent,</strong></span> <span class='ocrx_word' id='word_1_66' title='bbox 561 709 596 739; x_wconf 90' lang='lat' dir='ltr'><strong>in</strong></span> <span class='ocrx_word' id='word_1_67' title='bbox 616 709 685 748; x_wconf 89' lang='lat' dir='ltr'><strong>ipsa</strong></span> <span class='ocrx_word' id='word_1_68' title='bbox 700 718 775 748; x_wconf 88' lang='lat' dir='ltr'><strong>pas-</strong></span> 
     </span>
     <span class='ocr_line' id='line_1_13' title="bbox 73 754 774 795; baseline -0.001 -8"><span class='ocrx_word' id='word_1_69' title='bbox 73 756 164 787; x_wconf 84' lang='lat' dir='ltr'><strong>sione</strong></span> <span class='ocrx_word' id='word_1_70' title='bbox 185 757 252 795; x_wconf 88' lang='lat' dir='ltr'><strong>jam</strong></span> <span class='ocrx_word' id='word_1_71' title='bbox 269 763 399 786; x_wconf 88' lang='lat' dir='ltr'><strong>carnem</strong></span> <span class='ocrx_word' id='word_1_72' title='bbox 423 754 637 793; x_wconf 80' lang='lat' dir='ltr'><strong>spiritualiter</strong></span> <span class='ocrx_word' id='word_1_73' title='bbox 658 755 774 795; x_wconf 82' lang='lat' dir='ltr'><strong>dilige-</strong></span> 
     </span>
     <span class='ocr_line' id='line_1_14' title="bbox 72 801 775 840; baseline -0.001 -8"><span class='ocrx_word' id='word_1_74' title='bbox 72 802 164 833; x_wconf 87' lang='lat' dir='ltr'><strong>bant.</strong></span> <span class='ocrx_word' id='word_1_75' title='bbox 186 801 386 840; x_wconf 81' lang='lat' dir='ltr'><strong>Resurgente</strong></span> <span class='ocrx_word' id='word_1_76' title='bbox 411 801 521 831; x_wconf 89' lang='lat' dir='ltr'><strong>autem</strong></span> <span class='ocrx_word' id='word_1_77' title='bbox 543 809 580 831; x_wconf 86' lang='lat' dir='ltr'><strong>eo</strong></span> <span class='ocrx_word' id='word_1_78' title='bbox 604 801 638 832; x_wconf 88' lang='lat' dir='ltr'><strong>et</strong></span> <span class='ocrx_word' id='word_1_79' title='bbox 662 808 775 832; x_wconf 86' lang='lat' dir='ltr'><strong>ascen-</strong></span> 
     </span>
     <span class='ocr_line' id='line_1_15' title="bbox 72 846 773 887; baseline 0 -9"><span class='ocrx_word' id='word_1_80' title='bbox 72 847 190 887; x_wconf 85' lang='lat' dir='ltr'><strong>dente,</strong></span> <span class='ocrx_word' id='word_1_81' title='bbox 214 847 367 886; x_wconf 87' lang='lat' dir='ltr'><strong>spiritum</strong></span> <span class='ocrx_word' id='word_1_82' title='bbox 405 846 621 885; x_wconf 82' lang='lat' dir='ltr'><strong>spiritualiter</strong></span> <span class='ocrx_word' id='word_1_83' title='bbox 646 847 773 886; x_wconf 88' lang='lat' dir='ltr'><strong>amant,</strong></span> 
     </span>
     <span class='ocr_line' id='line_1_16' title="bbox 72 892 775 932; baseline 0.001 -9"><span class='ocrx_word' id='word_1_84' title='bbox 72 893 202 932; x_wconf 83' lang='lat' dir='ltr'><strong>laetique</strong></span> <span class='ocrx_word' id='word_1_85' title='bbox 217 892 389 924; x_wconf 85' lang='lat' dir='ltr'><strong>decantant</strong></span> <span class='ocrx_word' id='word_1_86' title='bbox 405 900 413 921; x_wconf 89' lang='lat'><strong>:</strong></span> <span class='ocrx_word' id='word_1_87' title='bbox 431 894 472 923; x_wconf 88' lang='lat' dir='ltr'><strong>Et</strong></span> <span class='ocrx_word' id='word_1_88' title='bbox 485 894 514 924; x_wconf 85' lang='lat' dir='ltr'><strong>si</strong></span> <span class='ocrx_word' id='word_1_89' title='bbox 526 894 720 932; x_wconf 59' lang='lat' dir='ltr'><strong>cognovimus</strong></span> <span class='ocrx_word' id='word_1_90' title='bbox 731 903 775 924; x_wconf 86' lang='lat' dir='ltr'><strong>sc-</strong></span> 
     </span>
     <span class='ocr_line' id='line_1_17' title="bbox 70 939 775 978; baseline 0 -8"><span class='ocrx_word' id='word_1_91' title='bbox 70 941 204 971; x_wconf 77' lang='lat' dir='ltr'><strong>cundum</strong></span> <span class='ocrx_word' id='word_1_92' title='bbox 217 947 341 970; x_wconf 79' lang='lat' dir='ltr'><strong>caruem</strong></span> <span class='ocrx_word' id='word_1_93' title='bbox 357 939 513 970; x_wconf 77' lang='lat' dir='ltr'><strong>Christum</strong></span> <span class='ocrx_word' id='word_1_94' title='bbox 524 960 536 976; x_wconf 86' lang='lat'><strong>,</strong></span> <span class='ocrx_word' id='word_1_95' title='bbox 551 940 601 970; x_wconf 78' lang='lat' dir='ltr'><strong>sect</strong></span> <span class='ocrx_word' id='word_1_96' title='bbox 614 948 696 970; x_wconf 73' lang='lat' dir='ltr'><strong>‘nunc</strong></span> <span class='ocrx_word' id='word_1_97' title='bbox 705 940 775 978; x_wconf 80' lang='lat' dir='ltr'><strong>jam</strong></span> 
     </span>
     <span class='ocr_line' id='line_1_18' title="bbox 70 985 775 1023; baseline -0.001 -7"><span class='ocrx_word' id='word_1_98' title='bbox 70 995 133 1016; x_wconf 78' lang='lat' dir='ltr'><strong>uon</strong></span> <span class='ocrx_word' id='word_1_99' title='bbox 147 986 298 1017; x_wconf 76' lang='lat' dir='ltr'><strong>novimas.</strong></span> <span class='ocrx_word' id='word_1_100' title='bbox 311 985 372 1015; x_wconf 88' lang='lat' dir='ltr'><strong>Nos</strong></span> <span class='ocrx_word' id='word_1_101' title='bbox 387 993 516 1023; x_wconf 87' lang='lat' dir='ltr'><strong>quoque</strong></span> <span class='ocrx_word' id='word_1_102' title='bbox 538 993 672 1015; x_wconf 88' lang='lat' dir='ltr'><strong>carnem</strong></span> <span class='ocrx_word' id='word_1_103' title='bbox 700 993 775 1015; x_wconf 89' lang='lat' dir='ltr'><strong>nos-</strong></span> 
     </span>
     <span class='ocr_line' id='line_1_19' title="bbox 70 1030 775 1069; baseline -0.001 -7"><span class='ocrx_word' id='word_1_104' title='bbox 70 1032 154 1062; x_wconf 85' lang='lat' dir='ltr'><strong>tram</strong></span> <span class='ocrx_word' id='word_1_105' title='bbox 183 1030 355 1062; x_wconf 81' lang='lat' dir='ltr'><strong>carnaliter</strong></span> <span class='ocrx_word' id='word_1_106' title='bbox 383 1030 549 1069; x_wconf 79' lang='lat' dir='ltr'><strong>diligimus</strong></span> <span class='ocrx_word' id='word_1_107' title='bbox 568 1052 577 1068; x_wconf 90' lang='lat'><strong>,</strong></span> <span class='ocrx_word' id='word_1_108' title='bbox 603 1039 677 1060; x_wconf 87' lang='lat' dir='ltr'><strong>cum</strong></span> <span class='ocrx_word' id='word_1_109' title='bbox 706 1030 775 1068; x_wconf 81' lang='lat' dir='ltr'><strong>ejus</strong></span> 
     </span>
     <span class='ocr_line' id='line_1_20' title="bbox 71 1076 776 1115; baseline -0.001 -8"><span class='ocrx_word' id='word_1_110' title='bbox 71 1077 234 1107; x_wconf 86' lang='lat' dir='ltr'><strong>desideria</strong></span> <span class='ocrx_word' id='word_1_111' title='bbox 258 1076 425 1114; x_wconf 79' lang='lat' dir='ltr'><strong>diligimus</strong></span> <span class='ocrx_word' id='word_1_112' title='bbox 440 1077 473 1106; x_wconf 89' lang='lat' dir='ltr'><strong>et</strong></span> <span class='ocrx_word' id='word_1_113' title='bbox 490 1076 688 1115; x_wconf 88' lang='lat' dir='ltr'><strong>perficimus.</strong></span> <span class='ocrx_word' id='word_1_114' title='bbox 704 1076 776 1115; x_wconf 87' lang='lat' dir='ltr'><strong>Spi-</strong></span> 
     </span>
     <span class='ocr_line' id='line_1_21' title="bbox 69 1122 775 1161; baseline 0.001 -9"><span class='ocrx_word' id='word_1_115' title='bbox 69 1123 169 1153; x_wconf 88' lang='lat' dir='ltr'><strong>ritum</strong></span> <span class='ocrx_word' id='word_1_116' title='bbox 194 1123 384 1159; x_wconf 79' lang='lat' dir='ltr'><strong>carnaliter,</strong></span> <span class='ocrx_word' id='word_1_117' title='bbox 399 1122 526 1160; x_wconf 83' lang='lat' dir='ltr'><strong>quando</strong></span> <span class='ocrx_word' id='word_1_118' title='bbox 552 1131 628 1153; x_wconf 87' lang='lat' dir='ltr'><strong>eum</strong></span> <span class='ocrx_word' id='word_1_119' title='bbox 648 1122 775 1161; x_wconf 89' lang='lat' dir='ltr'><strong>flendo,</strong></span> 
     </span>
     <span class='ocr_line' id='line_1_22' title="bbox 70 1168 776 1207; baseline 0 -9"><span class='ocrx_word' id='word_1_120' title='bbox 70 1168 280 1207; x_wconf 85' lang='lat' dir='ltr'><strong>suspirando,</strong></span> <span class='ocrx_word' id='word_1_121' title='bbox 296 1168 455 1206; x_wconf 81' lang='lat' dir='ltr'><strong>gemendo</strong></span> <span class='ocrx_word' id='word_1_122' title='bbox 478 1168 513 1198; x_wconf 90' lang='lat' dir='ltr'><strong>in</strong></span> <span class='ocrx_word' id='word_1_123' title='bbox 529 1168 678 1200; x_wconf 86' lang='lat' dir='ltr'><strong>oratione</strong></span> <span class='ocrx_word' id='word_1_124' title='bbox 700 1176 776 1199; x_wconf 87' lang='lat' dir='ltr'><strong>con-</strong></span> 
     </span>
     <span class='ocr_line' id='line_1_23' title="bbox 70 1213 775 1252; baseline 0.001 -8"><span class='ocrx_word' id='word_1_125' title='bbox 70 1215 221 1244; x_wconf 84' lang='lat' dir='ltr'><strong>terimus.</strong></span> <span class='ocrx_word' id='word_1_126' title='bbox 255 1214 391 1243; x_wconf 83' lang='lat' dir='ltr'><strong>Carnem</strong></span> <span class='ocrx_word' id='word_1_127' title='bbox 425 1213 643 1251; x_wconf 86' lang='lat' dir='ltr'><strong>spiritualiter</strong></span> <span class='ocrx_word' id='word_1_128' title='bbox 655 1235 666 1252; x_wconf 91' lang='lat'><strong>,</strong></span> <span class='ocrx_word' id='word_1_129' title='bbox 702 1223 775 1245; x_wconf 89' lang='lat' dir='ltr'><strong>cum</strong></span> 
     </span>
     <span class='ocr_line' id='line_1_24' title="bbox 71 1258 775 1298; baseline 0.001 -9"><span class='ocrx_word' id='word_1_130' title='bbox 71 1267 143 1289; x_wconf 90' lang='lat' dir='ltr'><strong>eam</strong></span> <span class='ocrx_word' id='word_1_131' title='bbox 157 1258 289 1298; x_wconf 87' lang='lat' dir='ltr'><strong>spiritui</strong></span> <span class='ocrx_word' id='word_1_132' title='bbox 313 1258 493 1296; x_wconf 79' lang='lat' dir='ltr'><strong>subjectam</strong></span> <span class='ocrx_word' id='word_1_133' title='bbox 508 1258 542 1289; x_wconf 92' lang='lat' dir='ltr'><strong>in</strong></span> <span class='ocrx_word' id='word_1_134' title='bbox 563 1259 658 1290; x_wconf 87' lang='lat' dir='ltr'><strong>bonis</strong></span> <span class='ocrx_word' id='word_1_135' title='bbox 678 1260 775 1298; x_wconf 90' lang='lat' dir='ltr'><strong>spiri-</strong></span> 
     </span>
     <span class='ocr_line' id='line_1_25' title="bbox 70 1303 774 1343; baseline 0.001 -8"><span class='ocrx_word' id='word_1_136' title='bbox 70 1304 203 1335; x_wconf 76' lang='lat' dir='ltr'><strong>tualiter</strong></span> <span class='ocrx_word' id='word_1_137' title='bbox 230 1303 439 1343; x_wconf 75' lang='lat' dir='ltr'><strong>exercentes,</strong></span> <span class='ocrx_word' id='word_1_138' title='bbox 470 1312 545 1334; x_wconf 89' lang='lat' dir='ltr'><strong>cum</strong></span> <span class='ocrx_word' id='word_1_139' title='bbox 579 1305 774 1336; x_wconf 88' lang='lat' dir='ltr'><strong>discretione</strong></span> 
     </span>
     <span class='ocr_line' id='line_1_26' title="bbox 70 1349 775 1389; baseline 0 -8"><span class='ocrx_word' id='word_1_140' title='bbox 70 1358 246 1381; x_wconf 87' lang='lat' dir='ltr'><strong>servamus.</strong></span> <span class='ocrx_word' id='word_1_141' title='bbox 273 1349 429 1388; x_wconf 86' lang='lat' dir='ltr'><strong>Spiritum</strong></span> <span class='ocrx_word' id='word_1_142' title='bbox 449 1349 684 1389; x_wconf 86' lang='lat' dir='ltr'><strong>spiritualiter,</strong></span> <span class='ocrx_word' id='word_1_143' title='bbox 700 1359 775 1381; x_wconf 88' lang='lat' dir='ltr'><strong>cum</strong></span> 
     </span>
     <span class='ocr_line' id='line_1_27' title="bbox 71 1396 776 1435; baseline 0.001 -8"><span class='ocrx_word' id='word_1_144' title='bbox 71 1397 170 1427; x_wconf 89' lang='lat' dir='ltr'><strong>etiam</strong></span> <span class='ocrx_word' id='word_1_145' title='bbox 183 1396 253 1435; x_wconf 87' lang='lat' dir='ltr'><strong>ipsa</strong></span> <span class='ocrx_word' id='word_1_146' title='bbox 267 1396 449 1435; x_wconf 87' lang='lat' dir='ltr'><strong>spiritualia</strong></span> <span class='ocrx_word' id='word_1_147' title='bbox 464 1396 570 1428; x_wconf 89' lang='lat' dir='ltr'><strong>studia</strong></span> <span class='ocrx_word' id='word_1_148' title='bbox 583 1397 693 1428; x_wconf 86' lang='lat' dir='ltr'><strong>nostra</strong></span> <span class='ocrx_word' id='word_1_149' title='bbox 709 1397 776 1428; x_wconf 80' lang='lat' dir='ltr'><strong>fra-</strong></span> 
     </span>
     <span class='ocr_line' id='line_1_28' title="bbox 70 1441 772 1482; baseline 0.003 -10"><span class='ocrx_word' id='word_1_150' title='bbox 70 1442 174 1475; x_wconf 83' lang='lat' dir='ltr'><strong>ternae</strong></span> <span class='ocrx_word' id='word_1_151' title='bbox 184 1441 321 1474; x_wconf 87' lang='lat' dir='ltr'><strong>utilitati</strong></span> <span class='ocrx_word' id='word_1_152' title='bbox 334 1450 377 1473; x_wconf 87' lang='lat' dir='ltr'><strong>ex</strong></span> <span class='ocrx_word' id='word_1_153' title='bbox 393 1441 527 1473; x_wconf 85' lang='lat' dir='ltr'><strong>caritate</strong></span> <span class='ocrx_word' id='word_1_154' title='bbox 540 1442 772 1482; x_wconf 86' lang='lat' dir='ltr'><strong>postponimus.</strong></span> 
     </span>
    </p>
   </div>
   <div class='ocr_carea' id='block_1_3' title="bbox 356 1512 470 1518">
    <p class='ocr_par' dir='ltr' id='par_1_3' title="bbox 356 1512 470 1518">
     <span class='ocr_line' id='line_1_29' title="bbox 356 1512 470 1518; baseline 0 0"><span class='ocrx_word' id='word_1_155' title='bbox 356 1512 470 1518; x_wconf 95' lang='lat' dir='ltr'><strong> </strong></span> 
     </span>
    </p>
   </div>
   <div class='ocr_carea' id='block_1_4' title="bbox 270 1545 567 1582">
    <p class='ocr_par' dir='ltr' id='par_1_4' title="bbox 270 1545 567 1582">
     <span class='ocr_line' id='line_1_30' title="bbox 270 1545 567 1582; baseline 0.003 -2"><span class='ocrx_word' id='word_1_156' title='bbox 270 1545 443 1580; x_wconf 78' lang='lat' dir='ltr'><strong>SERMO</strong></span> <span class='ocrx_word' id='word_1_157' title='bbox 475 1545 567 1582; x_wconf 85' lang='lat' dir='ltr'><strong>CII.</strong></span> 
     </span>
    </p>
   </div>
   <div class='ocr_carea' id='block_1_5' title="bbox 193 1613 646 1640">
    <p class='ocr_par' dir='ltr' id='par_1_5' title="bbox 193 1613 646 1640">
     <span class='ocr_line' id='line_1_31' title="bbox 193 1613 646 1640; baseline -0.004 0"><span class='ocrx_word' id='word_1_158' title='bbox 193 1614 236 1640; x_wconf 83' lang='lat' dir='ltr'><strong>De</strong></span> <span class='ocrx_word' id='word_1_159' title='bbox 248 1614 335 1639; x_wconf 85' lang='lat' dir='ltr'><strong>modo</strong></span> <span class='ocrx_word' id='word_1_160' title='bbox 347 1613 487 1639; x_wconf 85' lang='lat' dir='ltr'><strong>redeundi</strong></span> <span class='ocrx_word' id='word_1_161' title='bbox 499 1615 534 1639; x_wconf 89' lang='lat' dir='ltr'><strong>ad</strong></span> <span class='ocrx_word' id='word_1_162' title='bbox 545 1615 646 1640; x_wconf 84' lang='lat' dir='ltr'><strong>Deum.</strong></span> 
     </span>
    </p>
   </div>
   <div class='ocr_carea' id='block_1_6' title="bbox 66 1671 774 2668">
    <p class='ocr_par' dir='ltr' id='par_1_6' title="bbox 66 1671 774 2668">
     <span class='ocr_line' id='line_1_32' title="bbox 109 1671 774 1711; baseline 0.002 -9"><span class='ocrx_word' id='word_1_163' title='bbox 109 1672 139 1702; x_wconf 78' lang='grc' dir='ltr'><strong>Ι.</strong></span> <span class='ocrx_word' id='word_1_164' title='bbox 165 1671 230 1703; x_wconf 75' lang='grc' dir='ltr'><strong>Εετ</strong></span> <span class='ocrx_word' id='word_1_165' title='bbox 253 1672 294 1702; x_wconf 87' lang='lat' dir='ltr'><strong>ad</strong></span> <span class='ocrx_word' id='word_1_166' title='bbox 318 1672 426 1702; x_wconf 90' lang='lat' dir='ltr'><strong>Deum</strong></span> <span class='ocrx_word' id='word_1_167' title='bbox 454 1671 587 1711; x_wconf 88' lang='lat' dir='ltr'><strong>quidam</strong></span> <span class='ocrx_word' id='word_1_168' title='bbox 614 1671 774 1703; x_wconf 89' lang='lat' dir='ltr'><strong>redeundi</strong></span> 
     </span>
     <span class='ocr_line' id='line_1_33' title="bbox 66 1717 771 1758; baseline 0.001 -10"><span class='ocrx_word' id='word_1_169' title='bbox 66 1718 182 1749; x_wconf 85' lang='lat' dir='ltr'><strong>modus</strong></span> <span class='ocrx_word' id='word_1_170' title='bbox 194 1740 204 1757; x_wconf 87' lang='lat'><strong>,</strong></span> <span class='ocrx_word' id='word_1_171' title='bbox 219 1717 317 1756; x_wconf 88' lang='lat' dir='ltr'><strong>primi</strong></span> <span class='ocrx_word' id='word_1_172' title='bbox 332 1717 478 1747; x_wconf 90' lang='lat' dir='ltr'><strong>hominis</strong></span> <span class='ocrx_word' id='word_1_173' title='bbox 492 1717 580 1748; x_wconf 88' lang='lat' dir='ltr'><strong>casui</strong></span> <span class='ocrx_word' id='word_1_174' title='bbox 595 1718 771 1758; x_wconf 91' lang='lat' dir='ltr'><strong>oppositus.</strong></span> 
     </span>
     <span class='ocr_line' id='line_1_34' title="bbox 66 1763 773 1802; baseline 0 -8"><span class='ocrx_word' id='word_1_175' title='bbox 66 1765 168 1794; x_wconf 83' lang='lat' dir='ltr'><strong>Adam</strong></span> <span class='ocrx_word' id='word_1_176' title='bbox 179 1764 302 1802; x_wconf 90' lang='lat' dir='ltr'><strong>quippe</strong></span> <span class='ocrx_word' id='word_1_177' title='bbox 314 1763 347 1793; x_wconf 94' lang='lat' dir='ltr'><strong>in</strong></span> <span class='ocrx_word' id='word_1_178' title='bbox 357 1763 506 1802; x_wconf 87' lang='lat' dir='ltr'><strong>paradiso</strong></span> <span class='ocrx_word' id='word_1_179' title='bbox 516 1763 640 1802; x_wconf 90' lang='lat' dir='ltr'><strong>positus</strong></span> <span class='ocrx_word' id='word_1_180' title='bbox 650 1785 660 1802; x_wconf 89' lang='lat'><strong>,</strong></span> <span class='ocrx_word' id='word_1_181' title='bbox 669 1764 773 1802; x_wconf 90' lang='lat' dir='ltr'><strong>primo</strong></span> 
     </span>
     <span class='ocr_line' id='line_1_35' title="bbox 68 1808 774 1849; baseline 0 -9"><span class='ocrx_word' id='word_1_182' title='bbox 68 1810 212 1849; x_wconf 81' lang='lat' dir='ltr'><strong>perdidit</strong></span> <span class='ocrx_word' id='word_1_183' title='bbox 227 1808 557 1847; x_wconf 85' lang='lat' dir='ltr'><strong>circumspectionem</strong></span> <span class='ocrx_word' id='word_1_184' title='bbox 579 1809 654 1840; x_wconf 88' lang='lat' dir='ltr'><strong>Dei.</strong></span> <span class='ocrx_word' id='word_1_185' title='bbox 666 1810 774 1840; x_wconf 82' lang='lat' dir='ltr'><strong>Testa-</strong></span> 
     </span>
     <span class='ocr_line' id='line_1_36' title="bbox 67 1854 772 1894; baseline 0.001 -9"><span class='ocrx_word' id='word_1_186' title='bbox 67 1858 122 1887; x_wconf 74' lang='lat' dir='ltr'><strong>tur</strong></span> <span class='ocrx_word' id='word_1_187' title='bbox 134 1856 224 1886; x_wconf 89' lang='lat' dir='ltr'><strong>enim</strong></span> <span class='ocrx_word' id='word_1_188' title='bbox 242 1855 361 1885; x_wconf 89' lang='lat' dir='ltr'><strong>beatus</strong></span> <span class='ocrx_word' id='word_1_189' title='bbox 380 1854 590 1894; x_wconf 80' lang='lat' dir='ltr'><strong>Augustinus,</strong></span> <span class='ocrx_word' id='word_1_190' title='bbox 611 1855 697 1894; x_wconf 91' lang='lat' dir='ltr'><strong>quod</strong></span> <span class='ocrx_word' id='word_1_191' title='bbox 716 1864 772 1886; x_wconf 91' lang='lat' dir='ltr'><strong>ne·</strong></span> 
     </span>
     <span class='ocr_line' id='line_1_37' title="bbox 67 1900 772 1942; baseline 0 -10"><span class='ocrx_word' id='word_1_192' title='bbox 67 1909 228 1942; x_wconf 88' lang='lat' dir='ltr'><strong>quaquam</strong></span> <span class='ocrx_word' id='word_1_193' title='bbox 240 1901 385 1931; x_wconf 88' lang='lat' dir='ltr'><strong>tentator</strong></span> <span class='ocrx_word' id='word_1_194' title='bbox 395 1900 562 1930; x_wconf 90' lang='lat' dir='ltr'><strong>hominem</strong></span> <span class='ocrx_word' id='word_1_195' title='bbox 575 1901 615 1931; x_wconf 90' lang='lat' dir='ltr'><strong>de</strong></span> <span class='ocrx_word' id='word_1_196' title='bbox 626 1901 772 1940; x_wconf 89' lang='lat' dir='ltr'><strong>paradiso</strong></span> 
     </span>
     <span class='ocr_line' id='line_1_38' title="bbox 69 1945 773 1986; baseline 0 -8"><span class='ocrx_word' id='word_1_197' title='bbox 69 1946 236 1986; x_wconf 85' lang='lat' dir='ltr'><strong>ejecisset,</strong></span> <span class='ocrx_word' id='word_1_198' title='bbox 247 1946 311 1976; x_wconf 87' lang='lat' dir='ltr'><strong>nisi</strong></span> <span class='ocrx_word' id='word_1_199' title='bbox 324 1946 433 1985; x_wconf 90' lang='lat' dir='ltr'><strong>aliqua</strong></span> <span class='ocrx_word' id='word_1_200' title='bbox 442 1946 540 1976; x_wconf 88' lang='lat' dir='ltr'><strong>elatio</strong></span> <span class='ocrx_word' id='word_1_201' title='bbox 552 1945 586 1976; x_wconf 94' lang='lat' dir='ltr'><strong>in</strong></span> <span class='ocrx_word' id='word_1_202' title='bbox 594 1946 703 1977; x_wconf 89' lang='lat' dir='ltr'><strong>anima</strong></span> <span class='ocrx_word' id='word_1_203' title='bbox 717 1947 773 1978; x_wconf 88' lang='lat' dir='ltr'><strong>ho-</strong></span> 
     </span>
     <span class='ocr_line' id='line_1_39' title="bbox 67 1992 773 2032; baseline 0 -8"><span class='ocrx_word' id='word_1_204' title='bbox 67 1994 164 2024; x_wconf 88' lang='lat' dir='ltr'><strong>minis</strong></span> <span class='ocrx_word' id='word_1_205' title='bbox 172 1992 399 2032; x_wconf 81' lang='lat' dir='ltr'><strong>praecessisset,</strong></span> <span class='ocrx_word' id='word_1_206' title='bbox 410 2001 482 2022; x_wconf 90' lang='lat' dir='ltr'><strong>cum</strong></span> <span class='ocrx_word' id='word_1_207' title='bbox 491 1992 660 2024; x_wconf 86' lang='lat' dir='ltr'><strong>verissime</strong></span> <span class='ocrx_word' id='word_1_208' title='bbox 669 1993 773 2032; x_wconf 89' lang='lat' dir='ltr'><strong>scrip-</strong></span> 
     </span>
     <span class='ocr_line' id='line_1_40' title="bbox 68 2038 772 2070; baseline 0 0"><span class='ocrx_word' id='word_1_209' title='bbox 68 2040 136 2070; x_wconf 88' lang='lat' dir='ltr'><strong>tum</strong></span> <span class='ocrx_word' id='word_1_210' title='bbox 151 2039 193 2069; x_wconf 91' lang='lat' dir='ltr'><strong>sit</strong></span> <span class='ocrx_word' id='word_1_211' title='bbox 208 2047 216 2068; x_wconf 70' lang='grc' dir='ltr'><strong>ε</strong></span> <span class='ocrx_word' id='word_1_212' title='bbox 232 2039 312 2070; x_wconf 77' lang='lat' dir='ltr'><strong>Ante</strong></span> <span class='ocrx_word' id='word_1_213' title='bbox 327 2039 452 2069; x_wconf 81' lang='lat' dir='ltr'><strong>ruinam</strong></span> <span class='ocrx_word' id='word_1_214' title='bbox 464 2038 624 2069; x_wconf 77' lang='lat' dir='ltr'><strong>exaltatur</strong></span> <span class='ocrx_word' id='word_1_215' title='bbox 637 2048 701 2070; x_wconf 78' lang='lat' dir='ltr'><strong>cor.</strong></span> <span class='ocrx_word' id='word_1_216' title='bbox 717 2040 772 2070; x_wconf 86' lang='lat' dir='ltr'><strong>Se-</strong></span> 
     </span>
     <span class='ocr_line' id='line_1_41' title="bbox 69 2083 772 2123; baseline 0 -7"><span class='ocrx_word' id='word_1_217' title='bbox 69 2085 173 2116; x_wconf 91' lang='lat' dir='ltr'><strong>cundo</strong></span> <span class='ocrx_word' id='word_1_218' title='bbox 180 2083 323 2123; x_wconf 84' lang='lat' dir='ltr'><strong>perdidit</strong></span> <span class='ocrx_word' id='word_1_219' title='bbox 331 2083 492 2122; x_wconf 81' lang='lat' dir='ltr'><strong>justitiam</strong></span> <span class='ocrx_word' id='word_1_220' title='bbox 501 2105 511 2122; x_wconf 91' lang='lat'><strong>,</strong></span> <span class='ocrx_word' id='word_1_221' title='bbox 521 2084 648 2122; x_wconf 87' lang='lat' dir='ltr'><strong>quando</strong></span> <span class='ocrx_word' id='word_1_222' title='bbox 659 2085 772 2117; x_wconf 87' lang='lat' dir='ltr'><strong>uxoris</strong></span> 
     </span>
     <span class='ocr_line' id='line_1_42' title="bbox 68 2129 771 2169; baseline 0.001 -8"><span class='ocrx_word' id='word_1_223' title='bbox 68 2131 140 2162; x_wconf 75' lang='lat' dir='ltr'><strong>voci</strong></span> <span class='ocrx_word' id='word_1_224' title='bbox 152 2131 322 2169; x_wconf 89' lang='lat' dir='ltr'><strong>plusquam</strong></span> <span class='ocrx_word' id='word_1_225' title='bbox 334 2129 453 2160; x_wconf 83' lang='lat' dir='ltr'><strong>divinae</strong></span> <span class='ocrx_word' id='word_1_226' title='bbox 468 2130 626 2161; x_wconf 88' lang='lat' dir='ltr'><strong>obedivit.</strong></span> <span class='ocrx_word' id='word_1_227' title='bbox 641 2130 771 2162; x_wconf 87' lang='lat' dir='ltr'><strong>Justitia</strong></span> 
     </span>
     <span class='ocr_line' id='line_1_43' title="bbox 70 2174 771 2217; baseline 0.001 -11"><span class='ocrx_word' id='word_1_228' title='bbox 70 2176 156 2206; x_wconf 89' lang='lat' dir='ltr'><strong>enim</strong></span> <span class='ocrx_word' id='word_1_229' title='bbox 172 2175 221 2206; x_wconf 89' lang='lat' dir='ltr'><strong>est</strong></span> <span class='ocrx_word' id='word_1_230' title='bbox 232 2174 337 2217; x_wconf 78' lang='lat' dir='ltr'><strong>yirtus</strong></span> <span class='ocrx_word' id='word_1_231' title='bbox 346 2196 355 2212; x_wconf 88' lang='lat'><strong>,</strong></span> <span class='ocrx_word' id='word_1_232' title='bbox 372 2183 444 2213; x_wconf 86' lang='lat' dir='ltr'><strong>quae</strong></span> <span class='ocrx_word' id='word_1_233' title='bbox 459 2183 554 2205; x_wconf 90' lang='lat' dir='ltr'><strong>suum</strong></span> <span class='ocrx_word' id='word_1_234' title='bbox 565 2175 684 2214; x_wconf 89' lang='lat' dir='ltr'><strong>cuique</strong></span> <span class='ocrx_word' id='word_1_235' title='bbox 697 2176 771 2207; x_wconf 86' lang='lat' dir='ltr'><strong>red-</strong></span> 
     </span>
     <span class='ocr_line' id='line_1_44' title="bbox 69 2220 772 2261; baseline 0.001 -9"><span class='ocrx_word' id='word_1_236' title='bbox 69 2221 128 2253; x_wconf 90' lang='lat' dir='ltr'><strong>dit.</strong></span> <span class='ocrx_word' id='word_1_237' title='bbox 152 2220 261 2251; x_wconf 88' lang='lat' dir='ltr'><strong>Tertio</strong></span> <span class='ocrx_word' id='word_1_238' title='bbox 281 2220 389 2251; x_wconf 89' lang='lat' dir='ltr'><strong>amisit</strong></span> <span class='ocrx_word' id='word_1_239' title='bbox 406 2220 586 2260; x_wconf 77' lang='lat' dir='ltr'><strong>Judicium,</strong></span> <span class='ocrx_word' id='word_1_240' title='bbox 606 2229 680 2252; x_wconf 89' lang='lat' dir='ltr'><strong>cum</strong></span> <span class='ocrx_word' id='word_1_241' title='bbox 699 2222 772 2261; x_wconf 87' lang='lat' dir='ltr'><strong>post</strong></span> 
     </span>
     <span class='ocr_line' id='line_1_45' title="bbox 68 2266 772 2306; baseline 0.004 -11"><span class='ocrx_word' id='word_1_242' title='bbox 68 2267 236 2306; x_wconf 79' lang='lat' dir='ltr'><strong>peccatum</strong></span> <span class='ocrx_word' id='word_1_243' title='bbox 249 2266 429 2305; x_wconf 88' lang='lat' dir='ltr'><strong>correctus,</strong></span> <span class='ocrx_word' id='word_1_244' title='bbox 439 2266 570 2305; x_wconf 83' lang='lat' dir='ltr'><strong>oblique</strong></span> <span class='ocrx_word' id='word_1_245' title='bbox 585 2275 644 2306; x_wconf 88' lang='lat' dir='ltr'><strong>per</strong></span> <span class='ocrx_word' id='word_1_246' title='bbox 653 2268 772 2299; x_wconf 91' lang='lat' dir='ltr'><strong>mulie-</strong></span> 
     </span>
     <span class='ocr_line' id='line_1_46' title="bbox 70 2312 770 2352; baseline 0 -7"><span class='ocrx_word' id='word_1_247' title='bbox 70 2321 138 2345; x_wconf 84' lang='lat' dir='ltr'><strong>rem</strong></span> <span class='ocrx_word' id='word_1_248' title='bbox 153 2312 283 2344; x_wconf 87' lang='lat' dir='ltr'><strong>retorsit</strong></span> <span class='ocrx_word' id='word_1_249' title='bbox 294 2313 459 2352; x_wconf 83' lang='lat' dir='ltr'><strong>propriam</strong></span> <span class='ocrx_word' id='word_1_250' title='bbox 474 2313 602 2351; x_wconf 87' lang='lat' dir='ltr'><strong>culpam</strong></span> <span class='ocrx_word' id='word_1_251' title='bbox 614 2313 648 2343; x_wconf 91' lang='lat' dir='ltr'><strong>in</strong></span> <span class='ocrx_word' id='word_1_252' title='bbox 659 2315 770 2345; x_wconf 86' lang='lat' dir='ltr'><strong>aucto-</strong></span> 
     </span>
     <span class='ocr_line' id='line_1_47' title="bbox 69 2358 773 2397; baseline 0.003 -9"><span class='ocrx_word' id='word_1_253' title='bbox 69 2367 137 2389; x_wconf 87' lang='lat' dir='ltr'><strong>rem</strong></span> <span class='ocrx_word' id='word_1_254' title='bbox 152 2379 162 2396; x_wconf 93' lang='lat'><strong>,</strong></span> <span class='ocrx_word' id='word_1_255' title='bbox 182 2358 437 2389; x_wconf 73' lang='lat' dir='ltr'><strong>dicenszMalicr</strong></span> <span class='ocrx_word' id='word_1_256' title='bbox 455 2367 550 2397; x_wconf 84' lang='lat' dir='ltr'><strong>quam</strong></span> <span class='ocrx_word' id='word_1_257' title='bbox 569 2359 677 2390; x_wconf 79' lang='lat' dir='ltr'><strong>dedisti</strong></span> <span class='ocrx_word' id='word_1_258' title='bbox 695 2360 773 2391; x_wconf 82' lang='lat' dir='ltr'><strong>mihi</strong></span> 
     </span>
     <span class='ocr_line' id='line_1_48' title="bbox 68 2403 769 2442; baseline 0.001 -8"><span class='ocrx_word' id='word_1_259' title='bbox 68 2405 207 2440; x_wconf 83' lang='lat' dir='ltr'><strong>sociam,</strong></span> <span class='ocrx_word' id='word_1_260' title='bbox 227 2404 307 2434; x_wconf 80' lang='lat' dir='ltr'><strong>dedit</strong></span> <span class='ocrx_word' id='word_1_261' title='bbox 331 2403 409 2433; x_wconf 81' lang='lat' dir='ltr'><strong>mila·</strong></span> <span class='ocrx_word' id='word_1_262' title='bbox 426 2404 461 2434; x_wconf 84' lang='lat' dir='ltr'><strong>de</strong></span> <span class='ocrx_word' id='word_1_263' title='bbox 482 2404 582 2442; x_wconf 73' lang='lat' dir='ltr'><strong>liquo,</strong></span> <span class='ocrx_word' id='word_1_264' title='bbox 600 2405 630 2434; x_wconf 87' lang='lat' dir='ltr'><strong>ct</strong></span> <span class='ocrx_word' id='word_1_265' title='bbox 643 2406 769 2436; x_wconf 77' lang='lat' dir='ltr'><strong>comedi.</strong></span> 
     </span>
     <span class='ocr_line' id='line_1_49' title="bbox 69 2448 771 2487; baseline 0.003 -9"><span class='ocrx_word' id='word_1_266' title='bbox 69 2448 197 2479; x_wconf 85' lang='lat' dir='ltr'><strong>Eisdem</strong></span> <span class='ocrx_word' id='word_1_267' title='bbox 209 2456 282 2487; x_wconf 85' lang='lat' dir='ltr'><strong>crgo</strong></span> <span class='ocrx_word' id='word_1_268' title='bbox 294 2448 452 2479; x_wconf 88' lang='lat' dir='ltr'><strong>virtutum</strong></span> <span class='ocrx_word' id='word_1_269' title='bbox 466 2449 618 2486; x_wconf 82' lang='lat' dir='ltr'><strong>gradibus</strong></span> <span class='ocrx_word' id='word_1_270' title='bbox 631 2449 771 2480; x_wconf 88' lang='lat' dir='ltr'><strong>redeun-</strong></span> 
     </span>
     <span class='ocr_line' id='line_1_50' title="bbox 71 2493 771 2534; baseline 0.004 -11"><span class='ocrx_word' id='word_1_271' title='bbox 71 2493 148 2524; x_wconf 90' lang='lat' dir='ltr'><strong>dum</strong></span> <span class='ocrx_word' id='word_1_272' title='bbox 174 2493 225 2524; x_wconf 88' lang='lat' dir='ltr'><strong>cst</strong></span> <span class='ocrx_word' id='word_1_273' title='bbox 238 2493 363 2524; x_wconf 87' lang='lat' dir='ltr'><strong>homini</strong></span> <span class='ocrx_word' id='word_1_274' title='bbox 378 2493 412 2523; x_wconf 86' lang='lat' dir='ltr'><strong>in</strong></span> <span class='ocrx_word' id='word_1_275' title='bbox 428 2494 545 2524; x_wconf 82' lang='lat' dir='ltr'><strong>exsilio</strong></span> <span class='ocrx_word' id='word_1_276' title='bbox 559 2494 682 2533; x_wconf 86' lang='lat' dir='ltr'><strong>posito,</strong></span> <span class='ocrx_word' id='word_1_277' title='bbox 697 2496 771 2534; x_wconf 89' lang='lat' dir='ltr'><strong>qui-</strong></span> 
     </span>
     <span class='ocr_line' id='line_1_51' title="bbox 70 2538 767 2579; baseline 0.004 -10"><span class='ocrx_word' id='word_1_278' title='bbox 70 2538 130 2570; x_wconf 83' lang='lat' dir='ltr'><strong>bus</strong></span> <span class='ocrx_word' id='word_1_279' title='bbox 144 2539 268 2578; x_wconf 85' lang='lat' dir='ltr'><strong>primus</strong></span> <span class='ocrx_word' id='word_1_280' title='bbox 282 2539 404 2578; x_wconf 86' lang='lat' dir='ltr'><strong>expelli</strong></span> <span class='ocrx_word' id='word_1_281' title='bbox 420 2540 540 2571; x_wconf 90' lang='lat' dir='ltr'><strong>meruit</strong></span> <span class='ocrx_word' id='word_1_282' title='bbox 553 2541 594 2571; x_wconf 84' lang='lat' dir='ltr'><strong>de</strong></span> <span class='ocrx_word' id='word_1_283' title='bbox 609 2541 767 2579; x_wconf 86' lang='lat' dir='ltr'><strong>paradiso.</strong></span> 
     </span>
     <span class='ocr_line' id='line_1_52' title="bbox 71 2583 769 2628; baseline 0.007 -15"><span class='ocrx_word' id='word_1_284' title='bbox 71 2583 213 2614; x_wconf 90' lang='lat' dir='ltr'><strong>Primum</strong></span> <span class='ocrx_word' id='word_1_285' title='bbox 225 2584 332 2623; x_wconf 90' lang='lat' dir='ltr'><strong>itaque</strong></span> <span class='ocrx_word' id='word_1_286' title='bbox 342 2584 529 2616; x_wconf 82' lang='lat' dir='ltr'><strong>faciendum</strong></span> <span class='ocrx_word' id='word_1_287' title='bbox 540 2586 589 2617; x_wconf 87' lang='lat' dir='ltr'><strong>est</strong></span> <span class='ocrx_word' id='word_1_288' title='bbox 596 2584 769 2628; x_wconf 85' lang='lat' dir='ltr'><strong>judicium,</strong></span> 
     </span>
     <span class='ocr_line' id='line_1_53' title="bbox 72 2628 769 2668; baseline 0.007 -9"><span class='ocrx_word' id='word_1_289' title='bbox 72 2628 188 2661; x_wconf 83' lang='lat' dir='ltr'><strong>deinde</strong></span> <span class='ocrx_word' id='word_1_290' title='bbox 204 2631 385 2662; x_wconf 80' lang='lat' dir='ltr'><strong>exercenda</strong></span> <span class='ocrx_word' id='word_1_291' title='bbox 401 2630 524 2668; x_wconf 75' lang='lat' dir='ltr'><strong>iustitia</strong></span> <span class='ocrx_word' id='word_1_292' title='bbox 558 2632 685 2663; x_wconf 80' lang='lat' dir='ltr'><strong>tandem</strong></span> <span class='ocrx_word' id='word_1_293' title='bbox 709 2635 769 2664; x_wconf 78' lang='lat' dir='ltr'><strong>cir-</strong></span> 
     </span>
    </p>
   </div>
   <div class='ocr_carea' id='block_1_7' title="bbox 801 195 1513 2071">
    <p class='ocr_par' dir='ltr' id='par_1_7' title="bbox 806 195 1507 424">
     <span class='ocr_line' id='line_1_54' title="bbox 1450 195 1507 224; baseline 0 0"><span class='ocrx_word' id='word_1_294' title='bbox 1450 195 1507 224; x_wconf 77' lang='lat'><strong>155</strong></span> 
     </span>
     <span class='ocr_line' id='line_1_55' title="bbox 807 246 1505 287; baseline 0.004 -9"><span class='ocrx_word' id='word_1_295' title='bbox 807 247 1005 287; x_wconf 82' lang='lat' dir='ltr'><strong>cuinspectio</strong></span> <span class='ocrx_word' id='word_1_296' title='bbox 1043 246 1238 278; x_wconf 83' lang='lat' dir='ltr'><strong>adhibenda.</strong></span> <span class='ocrx_word' id='word_1_297' title='bbox 1275 249 1313 279; x_wconf 84' lang='lat' dir='ltr'><strong>Et</strong></span> <span class='ocrx_word' id='word_1_298' title='bbox 1344 249 1505 287; x_wconf 82' lang='lat' dir='ltr'><strong>judicium</strong></span> 
     </span>
     <span class='ocr_line' id='line_1_56' title="bbox 806 293 1506 333; baseline 0.004 -9"><span class='ocrx_word' id='word_1_299' title='bbox 806 294 939 332; x_wconf 85' lang='lat' dir='ltr'><strong>quidem</strong></span> <span class='ocrx_word' id='word_1_300' title='bbox 953 293 1067 332; x_wconf 86' lang='lat' dir='ltr'><strong>nobis,</strong></span> <span class='ocrx_word' id='word_1_301' title='bbox 1081 293 1119 323; x_wconf 88' lang='lat' dir='ltr'><strong>ut</strong></span> <span class='ocrx_word' id='word_1_302' title='bbox 1139 301 1198 323; x_wconf 90' lang='lat' dir='ltr'><strong>nos</strong></span> <span class='ocrx_word' id='word_1_303' title='bbox 1216 293 1302 332; x_wconf 88' lang='lat' dir='ltr'><strong>ipsos</strong></span> <span class='ocrx_word' id='word_1_304' title='bbox 1323 294 1506 333; x_wconf 89' lang='lat' dir='ltr'><strong>judicemus</strong></span> 
     </span>
     <span class='ocr_line' id='line_1_57' title="bbox 806 338 1507 380; baseline 0.004 -11"><span class='ocrx_word' id='word_1_305' title='bbox 806 339 841 369; x_wconf 90' lang='lat' dir='ltr'><strong>et</strong></span> <span class='ocrx_word' id='word_1_306' title='bbox 855 347 1062 377; x_wconf 82' lang='lat' dir='ltr'><strong>accusemus3</strong></span> <span class='ocrx_word' id='word_1_307' title='bbox 1076 338 1238 377; x_wconf 73' lang='lat' dir='ltr'><strong>Justitiam</strong></span> <span class='ocrx_word' id='word_1_308' title='bbox 1256 340 1422 380; x_wconf 87' lang='lat' dir='ltr'><strong>proximo,</strong></span> <span class='ocrx_word' id='word_1_309' title='bbox 1442 342 1507 372; x_wconf 87' lang='lat' dir='ltr'><strong>cir-</strong></span> 
     </span>
     <span class='ocr_line' id='line_1_58' title="bbox 806 384 1348 424; baseline 0 -9"><span class='ocrx_word' id='word_1_310' title='bbox 806 385 1083 424; x_wconf 88' lang='lat' dir='ltr'><strong>cumspectionem</strong></span> <span class='ocrx_word' id='word_1_311' title='bbox 1097 384 1254 415; x_wconf 89' lang='lat' dir='ltr'><strong>debemus</strong></span> <span class='ocrx_word' id='word_1_312' title='bbox 1267 386 1348 415; x_wconf 87' lang='lat' dir='ltr'><strong>Deo.</strong></span> 
     </span>
    </p>

    <p class='ocr_par' dir='ltr' id='par_1_8' title="bbox 801 429 1513 2071">
     <span class='ocr_line' id='line_1_59' title="bbox 845 429 1510 463; baseline 0.002 -2"><span class='ocrx_word' id='word_1_313' title='bbox 845 431 876 461; x_wconf 80' lang='lat'><strong>2.</strong></span> <span class='ocrx_word' id='word_1_314' title='bbox 890 432 979 462; x_wconf 90' lang='lat' dir='ltr'><strong>Hanc</strong></span> <span class='ocrx_word' id='word_1_315' title='bbox 993 431 1155 462; x_wconf 89' lang='lat' dir='ltr'><strong>redeundi</strong></span> <span class='ocrx_word' id='word_1_316' title='bbox 1165 431 1253 463; x_wconf 86' lang='lat' dir='ltr'><strong>viam</strong></span> <span class='ocrx_word' id='word_1_317' title='bbox 1264 429 1406 461; x_wconf 90' lang='lat' dir='ltr'><strong>ostendit</strong></span> <span class='ocrx_word' id='word_1_318' title='bbox 1417 431 1510 462; x_wconf 88' lang='lat' dir='ltr'><strong>nobis</strong></span> 
     </span>
     <span class='ocr_line' id='line_1_60' title="bbox 806 476 1510 517; baseline 0.001 -11"><span class='ocrx_word' id='word_1_319' title='bbox 806 476 947 508; x_wconf 85' lang='lat' dir='ltr'><strong>Micheas</strong></span> <span class='ocrx_word' id='word_1_320' title='bbox 980 476 1162 517; x_wconf 87' lang='lat' dir='ltr'><strong>Propheta,</strong></span> <span class='ocrx_word' id='word_1_321' title='bbox 1187 477 1300 508; x_wconf 86' lang='lat' dir='ltr'><strong>dicens</strong></span> <span class='ocrx_word' id='word_1_322' title='bbox 1326 484 1336 506; x_wconf 91' lang='lat'><strong>:</strong></span> <span class='ocrx_word' id='word_1_323' title='bbox 1364 477 1510 508; x_wconf 76' lang='lat' dir='ltr'><strong>Indicabo</strong></span> 
     </span>
     <span class='ocr_line' id='line_1_61' title="bbox 808 523 1511 563; baseline -0.001 -10"><span class='ocrx_word' id='word_1_324' title='bbox 808 523 879 561; x_wconf 87' lang='lat' dir='ltr'><strong>tibi,</strong></span> <span class='ocrx_word' id='word_1_325' title='bbox 903 533 921 555; x_wconf 90' lang='grc' dir='ltr'><strong><em>ο</em></strong></span> <span class='ocrx_word' id='word_1_326' title='bbox 948 524 1059 563; x_wconf 85' lang='lat' dir='ltr'><strong>homo,</strong></span> <span class='ocrx_word' id='word_1_327' title='bbox 1075 524 1149 563; x_wconf 81' lang='lat' dir='ltr'><strong>quid</strong></span> <span class='ocrx_word' id='word_1_328' title='bbox 1170 524 1211 555; x_wconf 83' lang='lat' dir='ltr'><strong>sit</strong></span> <span class='ocrx_word' id='word_1_329' title='bbox 1235 523 1369 560; x_wconf 82' lang='lat' dir='ltr'><strong>bonum,</strong></span> <span class='ocrx_word' id='word_1_330' title='bbox 1396 524 1511 562; x_wconf 77' lang='lat' dir='ltr'><strong>etquid</strong></span> 
     </span>
     <span class='ocr_line' id='line_1_62' title="bbox 805 569 1511 610; baseline -0.001 -10"><span class='ocrx_word' id='word_1_331' title='bbox 805 571 889 601; x_wconf 85' lang='lat' dir='ltr'><strong>Deus</strong></span> <span class='ocrx_word' id='word_1_332' title='bbox 911 571 1051 610; x_wconf 82' lang='lat' dir='ltr'><strong>requirat</strong></span> <span class='ocrx_word' id='word_1_333' title='bbox 1074 580 1095 601; x_wconf 89' lang='lat' dir='ltr'><strong>a</strong></span> <span class='ocrx_word' id='word_1_334' title='bbox 1115 571 1143 601; x_wconf 84' lang='lat' dir='ltr'><strong>te</strong></span> <span class='ocrx_word' id='word_1_335' title='bbox 1159 579 1169 601; x_wconf 90' lang='lat'><strong>.·</strong></span> <span class='ocrx_word' id='word_1_336' title='bbox 1184 571 1288 609; x_wconf 83' lang='lat' dir='ltr'><strong>utique</strong></span> <span class='ocrx_word' id='word_1_337' title='bbox 1309 570 1409 608; x_wconf 77' lang='lat' dir='ltr'><strong>facere</strong></span> <span class='ocrx_word' id='word_1_338' title='bbox 1424 569 1511 607; x_wconf 83' lang='lat' dir='ltr'><strong>judi-</strong></span> 
     </span>
     <span class='ocr_line' id='line_1_63' title="bbox 806 616 1511 656; baseline 0 -11"><span class='ocrx_word' id='word_1_339' title='bbox 806 617 886 647; x_wconf 85' lang='lat' dir='ltr'><strong>cium</strong></span> <span class='ocrx_word' id='word_1_340' title='bbox 894 638 904 654; x_wconf 92' lang='lat'><strong>,</strong></span> <span class='ocrx_word' id='word_1_341' title='bbox 919 619 948 648; x_wconf 85' lang='lat' dir='ltr'><strong>ct</strong></span> <span class='ocrx_word' id='word_1_342' title='bbox 971 617 1094 656; x_wconf 73' lang='lat' dir='ltr'><strong>‹tiliqere</strong></span> <span class='ocrx_word' id='word_1_343' title='bbox 1117 616 1360 648; x_wconf 81' lang='lat' dir='ltr'><strong>misericordiam</strong></span> <span class='ocrx_word' id='word_1_344' title='bbox 1372 637 1382 653; x_wconf 93' lang='lat'><strong>,</strong></span> <span class='ocrx_word' id='word_1_345' title='bbox 1397 617 1425 646; x_wconf 86' lang='lat' dir='ltr'><strong>et</strong></span> <span class='ocrx_word' id='word_1_346' title='bbox 1441 624 1511 645; x_wconf 89' lang='lat' dir='ltr'><strong>am-</strong></span> 
     </span>
     <span class='ocr_line' id='line_1_64' title="bbox 808 660 1511 694; baseline -0.001 -2"><span class='ocrx_word' id='word_1_347' title='bbox 808 661 912 693; x_wconf 85' lang='lat' dir='ltr'><strong>bulare</strong></span> <span class='ocrx_word' id='word_1_348' title='bbox 922 663 1046 694; x_wconf 76' lang='lat' dir='ltr'><strong>sollicite</strong></span> <span class='ocrx_word' id='word_1_349' title='bbox 1055 671 1125 693; x_wconf 90' lang='lat' dir='ltr'><strong>cum</strong></span> <span class='ocrx_word' id='word_1_350' title='bbox 1135 664 1201 694; x_wconf 85' lang='lat' dir='ltr'><strong>Deo</strong></span> <span class='ocrx_word' id='word_1_351' title='bbox 1212 664 1276 693; x_wconf 88' lang='lat' dir='ltr'><strong>tuo.</strong></span> <span class='ocrx_word' id='word_1_352' title='bbox 1292 662 1382 692; x_wconf 85' lang='lat' dir='ltr'><strong>Hanc</strong></span> <span class='ocrx_word' id='word_1_353' title='bbox 1397 660 1511 692; x_wconf 87' lang='lat' dir='ltr'><strong>salutis</strong></span> 
     </span>
     <span class='ocr_line' id='line_1_65' title="bbox 806 707 1511 748; baseline 0 -11"><span class='ocrx_word' id='word_1_354' title='bbox 806 708 894 738; x_wconf 83' lang='lat' dir='ltr'><strong>viam</strong></span> <span class='ocrx_word' id='word_1_355' title='bbox 917 708 1057 739; x_wconf 88' lang='lat' dir='ltr'><strong>testatur</strong></span> <span class='ocrx_word' id='word_1_356' title='bbox 1075 709 1245 748; x_wconf 88' lang='lat' dir='ltr'><strong>Apostolus</strong></span> <span class='ocrx_word' id='word_1_357' title='bbox 1264 708 1428 739; x_wconf 83' lang='lat' dir='ltr'><strong>Christum</strong></span> <span class='ocrx_word' id='word_1_358' title='bbox 1453 707 1511 737; x_wconf 90' lang='lat' dir='ltr'><strong>do—</strong></span> 
     </span>
     <span class='ocr_line' id='line_1_66' title="bbox 807 753 1512 794; baseline 0.001 -11"><span class='ocrx_word' id='word_1_359' title='bbox 807 753 911 785; x_wconf 89' lang='lat' dir='ltr'><strong>cuisse</strong></span> <span class='ocrx_word' id='word_1_360' title='bbox 920 776 930 793; x_wconf 95' lang='lat'><strong>,</strong></span> <span class='ocrx_word' id='word_1_361' title='bbox 946 754 1059 785; x_wconf 88' lang='lat' dir='ltr'><strong>dicens</strong></span> <span class='ocrx_word' id='word_1_362' title='bbox 1074 763 1083 785; x_wconf 75' lang='lat' dir='ltr'><strong>t</strong></span> <span class='ocrx_word' id='word_1_363' title='bbox 1096 755 1250 794; x_wconf 73' lang='lat' dir='ltr'><strong>Apparuit</strong></span> <span class='ocrx_word' id='word_1_364' title='bbox 1264 756 1367 794; x_wconf 75' lang='lat' dir='ltr'><strong>qratia</strong></span> <span class='ocrx_word' id='word_1_365' title='bbox 1380 755 1439 785; x_wconf 84' lang='lat' dir='ltr'><strong>Dei</strong></span> <span class='ocrx_word' id='word_1_366' title='bbox 1450 755 1512 785; x_wconf 88' lang='lat' dir='ltr'><strong>sat-</strong></span> 
     </span>
     <span class='ocr_line' id='line_1_67' title="bbox 807 800 1513 838; baseline 0.003 -9"><span class='ocrx_word' id='word_1_367' title='bbox 807 801 921 832; x_wconf 76' lang='lat' dir='ltr'><strong>valoris</strong></span> <span class='ocrx_word' id='word_1_368' title='bbox 944 802 1045 832; x_wconf 77' lang='lat' dir='ltr'><strong>nostri</strong></span> <span class='ocrx_word' id='word_1_369' title='bbox 1065 801 1208 832; x_wconf 79' lang='lat' dir='ltr'><strong>omnibus</strong></span> <span class='ocrx_word' id='word_1_370' title='bbox 1228 800 1423 838; x_wconf 81' lang='lat' dir='ltr'><strong>hominibus,</strong></span> <span class='ocrx_word' id='word_1_371' title='bbox 1438 809 1513 831; x_wconf 85' lang='lat' dir='ltr'><strong>eru-</strong></span> 
     </span>
     <span class='ocr_line' id='line_1_68' title="bbox 807 846 1513 887; baseline 0.003 -13"><span class='ocrx_word' id='word_1_372' title='bbox 807 846 890 876; x_wconf 80' lang='lat' dir='ltr'><strong>diens</strong></span> <span class='ocrx_word' id='word_1_373' title='bbox 912 849 1035 884; x_wconf 75' lang='lat' dir='ltr'><strong>uos‚ut</strong></span> <span class='ocrx_word' id='word_1_374' title='bbox 1058 847 1244 887; x_wconf 71' lang='lat' dir='ltr'><strong>abueqantes</strong></span> <span class='ocrx_word' id='word_1_375' title='bbox 1270 847 1456 886; x_wconf 78' lang='lat' dir='ltr'><strong>impietatem</strong></span> <span class='ocrx_word' id='word_1_376' title='bbox 1483 848 1513 876; x_wconf 84' lang='lat' dir='ltr'><strong>ct</strong></span> 
     </span>
     <span class='ocr_line' id='line_1_69' title="bbox 805 893 1511 932; baseline 0 -10"><span class='ocrx_word' id='word_1_377' title='bbox 805 893 969 924; x_wconf 73' lang='lat' dir='ltr'><strong>sa’cularia</strong></span> <span class='ocrx_word' id='word_1_378' title='bbox 995 894 1142 925; x_wconf 77' lang='lat' dir='ltr'><strong>desideria</strong></span> <span class='ocrx_word' id='word_1_379' title='bbox 1149 893 1273 932; x_wconf 83' lang='lat' dir='ltr'><strong>,sobrie</strong></span> <span class='ocrx_word' id='word_1_380' title='bbox 1280 915 1290 931; x_wconf 93' lang='lat'><strong>,</strong></span> <span class='ocrx_word' id='word_1_381' title='bbox 1313 895 1342 924; x_wconf 85' lang='lat' dir='ltr'><strong>et</strong></span> <span class='ocrx_word' id='word_1_382' title='bbox 1357 893 1458 931; x_wconf 79' lang='lat' dir='ltr'><strong>juste,</strong></span> <span class='ocrx_word' id='word_1_383' title='bbox 1482 895 1511 923; x_wconf 86' lang='lat' dir='ltr'><strong>ct</strong></span> 
     </span>
     <span class='ocr_line' id='line_1_70' title="bbox 805 938 1512 978; baseline 0.001 -10"><span class='ocrx_word' id='word_1_384' title='bbox 805 939 853 976; x_wconf 79' lang='lat' dir='ltr'><strong>pie</strong></span> <span class='ocrx_word' id='word_1_385' title='bbox 867 939 1006 970; x_wconf 66' lang='lat' dir='ltr'><strong>⁴az‘vmnus</strong></span> <span class='ocrx_word' id='word_1_386' title='bbox 1032 941 1065 970; x_wconf 80' lang='lat' dir='ltr'><strong>in</strong></span> <span class='ocrx_word' id='word_1_387' title='bbox 1087 940 1146 971; x_wconf 84' lang='lat' dir='ltr'><strong>hoc</strong></span> <span class='ocrx_word' id='word_1_388' title='bbox 1169 941 1299 978; x_wconf 83' lang='lat' dir='ltr'><strong>soeculo,</strong></span> <span class='ocrx_word' id='word_1_389' title='bbox 1315 939 1379 970; x_wconf 85' lang='lat' dir='ltr'><strong>etc.</strong></span> <span class='ocrx_word' id='word_1_390' title='bbox 1403 938 1512 970; x_wconf 83' lang='lat' dir='ltr'><strong>Sobric</strong></span> 
     </span>
     <span class='ocr_line' id='line_1_71' title="bbox 808 983 1511 1025; baseline 0.001 -12"><span class='ocrx_word' id='word_1_391' title='bbox 808 983 933 1015; x_wconf 87' lang='lat' dir='ltr'><strong>scilicet</strong></span> <span class='ocrx_word' id='word_1_392' title='bbox 943 986 1100 1023; x_wconf 88' lang='lat' dir='ltr'><strong>quantum</strong></span> <span class='ocrx_word' id='word_1_393' title='bbox 1112 985 1153 1016; x_wconf 86' lang='lat' dir='ltr'><strong>ad</strong></span> <span class='ocrx_word' id='word_1_394' title='bbox 1164 994 1224 1016; x_wconf 91' lang='lat' dir='ltr'><strong>nos</strong></span> <span class='ocrx_word' id='word_1_395' title='bbox 1234 1008 1244 1025; x_wconf 90' lang='lat'><strong>,</strong></span> <span class='ocrx_word' id='word_1_396' title='bbox 1253 985 1335 1024; x_wconf 79' lang='lat' dir='ltr'><strong>juste</strong></span> <span class='ocrx_word' id='word_1_397' title='bbox 1346 985 1387 1016; x_wconf 89' lang='lat' dir='ltr'><strong>ad</strong></span> <span class='ocrx_word' id='word_1_398' title='bbox 1398 985 1511 1024; x_wconf 82' lang='lat' dir='ltr'><strong>proxi-</strong></span> 
     </span>
     <span class='ocr_line' id='line_1_72' title="bbox 807 1030 1513 1070; baseline 0.003 -11"><span class='ocrx_word' id='word_1_399' title='bbox 807 1037 913 1069; x_wconf 90' lang='lat' dir='ltr'><strong>mum,</strong></span> <span class='ocrx_word' id='word_1_400' title='bbox 924 1031 973 1070; x_wconf 82' lang='lat' dir='ltr'><strong>pie</strong></span> <span class='ocrx_word' id='word_1_401' title='bbox 986 1031 1028 1062; x_wconf 87' lang='lat' dir='ltr'><strong>ad</strong></span> <span class='ocrx_word' id='word_1_402' title='bbox 1041 1032 1158 1063; x_wconf 88' lang='lat' dir='ltr'><strong>Deum.</strong></span> <span class='ocrx_word' id='word_1_403' title='bbox 1171 1031 1233 1069; x_wconf 87' lang='lat' dir='ltr'><strong>Qui</strong></span> <span class='ocrx_word' id='word_1_404' title='bbox 1245 1031 1346 1062; x_wconf 87' lang='lat' dir='ltr'><strong>etiam</strong></span> <span class='ocrx_word' id='word_1_405' title='bbox 1359 1030 1513 1061; x_wconf 80' lang='lat' dir='ltr'><strong>manifes-</strong></span> 
     </span>
     <span class='ocr_line' id='line_1_73' title="bbox 808 1075 1511 1116; baseline 0.004 -11"><span class='ocrx_word' id='word_1_406' title='bbox 808 1075 874 1106; x_wconf 88' lang='lat' dir='ltr'><strong>tius</strong></span> <span class='ocrx_word' id='word_1_407' title='bbox 888 1076 1001 1108; x_wconf 89' lang='lat' dir='ltr'><strong>intulit</strong></span> <span class='ocrx_word' id='word_1_408' title='bbox 1015 1077 1341 1116; x_wconf 83' lang='lat' dir='ltr'><strong>circumspectionem</strong></span> <span class='ocrx_word' id='word_1_409' title='bbox 1366 1077 1446 1115; x_wconf 88' lang='lat' dir='ltr'><strong>Dei,</strong></span> <span class='ocrx_word' id='word_1_410' title='bbox 1459 1077 1511 1108; x_wconf 90' lang='lat' dir='ltr'><strong>di-</strong></span> 
     </span>
     <span class='ocr_line' id='line_1_74' title="bbox 808 1123 1511 1162; baseline 0.004 -12"><span class='ocrx_word' id='word_1_411' title='bbox 808 1128 885 1151; x_wconf 88' lang='lat' dir='ltr'><strong>cens</strong></span> <span class='ocrx_word' id='word_1_412' title='bbox 901 1129 909 1152; x_wconf 91' lang='lat'><strong>:</strong></span> <span class='ocrx_word' id='word_1_413' title='bbox 926 1123 1148 1162; x_wconf 69' lang='lat' dir='ltr'><strong>Exspcctautcs</strong></span> <span class='ocrx_word' id='word_1_414' title='bbox 1161 1123 1282 1154; x_wconf 83' lang='lat' dir='ltr'><strong>beatam</strong></span> <span class='ocrx_word' id='word_1_415' title='bbox 1295 1132 1378 1162; x_wconf 84' lang='lat' dir='ltr'><strong>spem</strong></span> <span class='ocrx_word' id='word_1_416' title='bbox 1388 1144 1400 1161; x_wconf 88' lang='lat'><strong>,</strong></span> <span class='ocrx_word' id='word_1_417' title='bbox 1415 1124 1511 1154; x_wconf 85' lang='lat' dir='ltr'><strong>etad-</strong></span> 
     </span>
     <span class='ocr_line' id='line_1_75' title="bbox 808 1168 1512 1207; baseline 0.006 -11"><span class='ocrx_word' id='word_1_418' title='bbox 808 1169 930 1198; x_wconf 67' lang='lat' dir='ltr'><strong>rentum</strong></span> <span class='ocrx_word' id='word_1_419' title='bbox 945 1168 1050 1207; x_wconf 74' lang='lat' dir='ltr'><strong>qlorioe</strong></span> <span class='ocrx_word' id='word_1_420' title='bbox 1069 1170 1177 1207; x_wconf 73' lang='lat' dir='ltr'><strong>maqm‘</strong></span> <span class='ocrx_word' id='word_1_421' title='bbox 1198 1170 1258 1199; x_wconf 85' lang='lat' dir='ltr'><strong>Dei</strong></span> <span class='ocrx_word' id='word_1_422' title='bbox 1266 1190 1277 1206; x_wconf 90' lang='lat'>‚</span> <span class='ocrx_word' id='word_1_423' title='bbox 1292 1171 1322 1199; x_wconf 83' lang='lat' dir='ltr'><strong>et</strong></span> <span class='ocrx_word' id='word_1_424' title='bbox 1342 1169 1512 1200; x_wconf 65' lang='lat' dir='ltr'><strong>Salvator-is</strong></span> 
     </span>
     <span class='ocr_line' id='line_1_76' title="bbox 807 1214 1512 1245; baseline 0.004 -4"><span class='ocrx_word' id='word_1_425' title='bbox 807 1214 906 1243; x_wconf 72' lang='lat' dir='ltr'><strong>nostri</strong></span> <span class='ocrx_word' id='word_1_426' title='bbox 928 1216 1002 1244; x_wconf 82' lang='lat' dir='ltr'><strong>Jesu</strong></span> <span class='ocrx_word' id='word_1_427' title='bbox 1025 1215 1151 1245; x_wconf 80' lang='lat' dir='ltr'><strong>Christi.</strong></span> <span class='ocrx_word' id='word_1_428' title='bbox 1177 1215 1216 1245; x_wconf 88' lang='lat' dir='ltr'><strong>Et</strong></span> <span class='ocrx_word' id='word_1_429' title='bbox 1238 1215 1274 1245; x_wconf 89' lang='lat' dir='ltr'><strong>in</strong></span> <span class='ocrx_word' id='word_1_430' title='bbox 1297 1215 1410 1245; x_wconf 88' lang='lat' dir='ltr'><strong>multis</strong></span> <span class='ocrx_word' id='word_1_431' title='bbox 1437 1214 1512 1245; x_wconf 85' lang='lat' dir='ltr'><strong>aliis</strong></span> 
     </span>
     <span class='ocr_line' id='line_1_77' title="bbox 807 1257 1511 1298; baseline 0.003 -10"><span class='ocrx_word' id='word_1_432' title='bbox 807 1257 982 1297; x_wconf 86' lang='lat' dir='ltr'><strong>Scripturae</strong></span> <span class='ocrx_word' id='word_1_433' title='bbox 997 1267 1095 1291; x_wconf 76' lang='lat' dir='ltr'><strong>sacrae</strong></span> <span class='ocrx_word' id='word_1_434' title='bbox 1118 1260 1216 1298; x_wconf 92' lang='lat' dir='ltr'><strong>locis,</strong></span> <span class='ocrx_word' id='word_1_435' title='bbox 1232 1259 1260 1291; x_wconf 90' lang='lat' dir='ltr'><strong>si</strong></span> <span class='ocrx_word' id='word_1_436' title='bbox 1286 1260 1341 1291; x_wconf 84' lang='lat' dir='ltr'><strong>liic</strong></span> <span class='ocrx_word' id='word_1_437' title='bbox 1355 1260 1432 1290; x_wconf 90' lang='lat' dir='ltr'><strong>ordo</strong></span> <span class='ocrx_word' id='word_1_438' title='bbox 1446 1261 1511 1291; x_wconf 77' lang='lat' dir='ltr'><strong>viae</strong></span> 
     </span>
     <span class='ocr_line' id='line_1_78' title="bbox 808 1304 1511 1346; baseline 0.004 -12"><span class='ocrx_word' id='word_1_439' title='bbox 808 1304 842 1334; x_wconf 86' lang='lat' dir='ltr'><strong>et</strong></span> <span class='ocrx_word' id='word_1_440' title='bbox 859 1304 1021 1337; x_wconf 83' lang='lat' dir='ltr'><strong>institutio</strong></span> <span class='ocrx_word' id='word_1_441' title='bbox 1035 1306 1113 1337; x_wconf 84' lang='lat' dir='ltr'><strong>vitae</strong></span> <span class='ocrx_word' id='word_1_442' title='bbox 1137 1306 1318 1345; x_wconf 84' lang='lat' dir='ltr'><strong>quaeratur,</strong></span> <span class='ocrx_word' id='word_1_443' title='bbox 1333 1306 1441 1346; x_wconf 90' lang='lat' dir='ltr'><strong>potest</strong></span> <span class='ocrx_word' id='word_1_444' title='bbox 1461 1307 1511 1337; x_wconf 91' lang='lat' dir='ltr'><strong>in-</strong></span> 
     </span>
     <span class='ocr_line' id='line_1_79' title="bbox 808 1350 1511 1390; baseline 0.003 -10"><span class='ocrx_word' id='word_1_445' title='bbox 808 1350 932 1390; x_wconf 80' lang='lat' dir='ltr'><strong>veniri,</strong></span> <span class='ocrx_word' id='word_1_446' title='bbox 952 1352 1110 1382; x_wconf 89' lang='lat' dir='ltr'><strong>utillud:</strong></span> <span class='ocrx_word' id='word_1_447' title='bbox 1127 1353 1243 1383; x_wconf 83' lang='lat' dir='ltr'><strong>Beatus</strong></span> <span class='ocrx_word' id='word_1_448' title='bbox 1265 1353 1315 1383; x_wconf 81' lang='lat' dir='ltr'><strong>vir</strong></span> <span class='ocrx_word' id='word_1_449' title='bbox 1335 1353 1436 1390; x_wconf 80' lang='lat' dir='ltr'><strong>quiin</strong></span> <span class='ocrx_word' id='word_1_450' title='bbox 1457 1361 1511 1383; x_wconf 87' lang='lat' dir='ltr'><strong>sa-</strong></span> 
     </span>
     <span class='ocr_line' id='line_1_80' title="bbox 806 1397 1511 1437; baseline 0.004 -12"><span class='ocrx_word' id='word_1_451' title='bbox 806 1397 922 1434; x_wconf 79' lang='lat' dir='ltr'><strong>pientia</strong></span> <span class='ocrx_word' id='word_1_452' title='bbox 941 1398 1132 1436; x_wconf 75' lang='lat' dir='ltr'><strong>morabitur,</strong></span> <span class='ocrx_word' id='word_1_453' title='bbox 1145 1399 1174 1429; x_wconf 85' lang='lat' dir='ltr'><strong>et</strong></span> <span class='ocrx_word' id='word_1_454' title='bbox 1189 1399 1243 1437; x_wconf 87' lang='lat' dir='ltr'><strong>qui</strong></span> <span class='ocrx_word' id='word_1_455' title='bbox 1256 1397 1421 1436; x_wconf 79' lang='lat' dir='ltr'><strong>injustitia</strong></span> <span class='ocrx_word' id='word_1_456' title='bbox 1445 1407 1511 1428; x_wconf 83' lang='lat' dir='ltr'><strong>mc-</strong></span> 
     </span>
     <span class='ocr_line' id='line_1_81' title="bbox 806 1442 1512 1483; baseline 0.004 -12"><span class='ocrx_word' id='word_1_457' title='bbox 806 1442 972 1480; x_wconf 81' lang='lat' dir='ltr'><strong>ditabitur,</strong></span> <span class='ocrx_word' id='word_1_458' title='bbox 989 1446 1017 1474; x_wconf 83' lang='lat' dir='ltr'><strong>et</strong></span> <span class='ocrx_word' id='word_1_459' title='bbox 1040 1445 1074 1474; x_wconf 77' lang='lat' dir='ltr'><strong>iu</strong></span> <span class='ocrx_word' id='word_1_460' title='bbox 1096 1453 1188 1475; x_wconf 80' lang='lat' dir='ltr'><strong>sensu</strong></span> <span class='ocrx_word' id='word_1_461' title='bbox 1207 1444 1353 1483; x_wconf 73' lang='lat' dir='ltr'><strong>coqitabit</strong></span> <span class='ocrx_word' id='word_1_462' title='bbox 1378 1445 1512 1474; x_wconf 80' lang='lat' dir='ltr'><strong>circum-</strong></span> 
     </span>
     <span class='ocr_line' id='line_1_82' title="bbox 806 1487 1510 1527; baseline 0.004 -11"><span class='ocrx_word' id='word_1_463' title='bbox 806 1487 988 1525; x_wconf 81' lang='lat' dir='ltr'><strong>spectionem</strong></span> <span class='ocrx_word' id='word_1_464' title='bbox 1014 1489 1083 1519; x_wconf 82' lang='lat' dir='ltr'><strong>Dei.</strong></span> <span class='ocrx_word' id='word_1_465' title='bbox 1108 1488 1249 1518; x_wconf 86' lang='lat' dir='ltr'><strong>Moratur</strong></span> <span class='ocrx_word' id='word_1_466' title='bbox 1278 1488 1442 1527; x_wconf 88' lang='lat' dir='ltr'><strong>siquidem</strong></span> <span class='ocrx_word' id='word_1_467' title='bbox 1475 1488 1510 1519; x_wconf 84' lang='lat' dir='ltr'><strong>in</strong></span> 
     </span>
     <span class='ocr_line' id='line_1_83' title="bbox 807 1533 1511 1574; baseline 0.004 -13"><span class='ocrx_word' id='word_1_468' title='bbox 807 1533 984 1572; x_wconf 85' lang='lat' dir='ltr'><strong>sapientia,</strong></span> <span class='ocrx_word' id='word_1_469' title='bbox 1000 1535 1033 1565; x_wconf 89' lang='lat' dir='ltr'><strong>et</strong></span> <span class='ocrx_word' id='word_1_470' title='bbox 1053 1533 1183 1573; x_wconf 87' lang='lat' dir='ltr'><strong>sapiens</strong></span> <span class='ocrx_word' id='word_1_471' title='bbox 1205 1534 1254 1564; x_wconf 90' lang='lat' dir='ltr'><strong>est</strong></span> <span class='ocrx_word' id='word_1_472' title='bbox 1274 1535 1332 1573; x_wconf 86' lang='lat' dir='ltr'><strong>qui</strong></span> <span class='ocrx_word' id='word_1_473' title='bbox 1356 1534 1511 1574; x_wconf 85' lang='lat' dir='ltr'><strong>semetip-</strong></span> 
     </span>
     <span class='ocr_line' id='line_1_84' title="bbox 806 1578 1511 1619; baseline 0.006 -11"><span class='ocrx_word' id='word_1_474' title='bbox 806 1586 878 1608; x_wconf 91' lang='lat' dir='ltr'><strong>sum</strong></span> <span class='ocrx_word' id='word_1_475' title='bbox 892 1578 946 1610; x_wconf 89' lang='lat' dir='ltr'><strong>hic</strong></span> <span class='ocrx_word' id='word_1_476' title='bbox 961 1580 1135 1618; x_wconf 88' lang='lat' dir='ltr'><strong>dijudicat,</strong></span> <span class='ocrx_word' id='word_1_477' title='bbox 1150 1580 1190 1610; x_wconf 87' lang='lat' dir='ltr'><strong>ut</strong></span> <span class='ocrx_word' id='word_1_478' title='bbox 1202 1580 1360 1612; x_wconf 83' lang='lat' dir='ltr'><strong>aeternum</strong></span> <span class='ocrx_word' id='word_1_479' title='bbox 1375 1580 1437 1611; x_wconf 91' lang='lat' dir='ltr'><strong>Dei</strong></span> <span class='ocrx_word' id='word_1_480' title='bbox 1457 1581 1511 1619; x_wconf 80' lang='lat' dir='ltr'><strong>J&#39;u-</strong></span> 
     </span>
     <span class='ocr_line' id='line_1_85' title="bbox 807 1623 1509 1665; baseline 0.006 -11"><span class='ocrx_word' id='word_1_481' title='bbox 807 1623 928 1655; x_wconf 84' lang='lat' dir='ltr'><strong>dicium</strong></span> <span class='ocrx_word' id='word_1_482' title='bbox 944 1626 1071 1657; x_wconf 87' lang='lat' dir='ltr'><strong>evadat.</strong></span> <span class='ocrx_word' id='word_1_483' title='bbox 1088 1628 1123 1657; x_wconf 86' lang='lat' dir='ltr'><strong>Si</strong></span> <span class='ocrx_word' id='word_1_484' title='bbox 1135 1628 1236 1664; x_wconf 78' lang='lat' dir='ltr'><strong>enim,</strong></span> <span class='ocrx_word' id='word_1_485' title='bbox 1254 1627 1300 1657; x_wconf 81' lang='lat' dir='ltr'><strong>ait</strong></span> <span class='ocrx_word' id='word_1_486' title='bbox 1322 1627 1509 1665; x_wconf 81' lang='lat' dir='ltr'><strong>Apostolus,</strong></span> 
     </span>
     <span class='ocr_line' id='line_1_86' title="bbox 806 1672 1510 1713; baseline 0.007 -14"><span class='ocrx_word' id='word_1_487' title='bbox 806 1672 1002 1710; x_wconf 80' lang='lat' dir='ltr'><strong>nosmetipsos</strong></span> <span class='ocrx_word' id='word_1_488' title='bbox 1024 1672 1284 1711; x_wconf 81' lang='lat' dir='ltr'><strong>dijudicaremus,</strong></span> <span class='ocrx_word' id='word_1_489' title='bbox 1307 1681 1373 1704; x_wconf 76' lang='lat' dir='ltr'><strong>uon</strong></span> <span class='ocrx_word' id='word_1_490' title='bbox 1405 1675 1510 1713; x_wconf 73' lang='lat' dir='ltr'><strong>utique</strong></span> 
     </span>
     <span class='ocr_line' id='line_1_87' title="bbox 801 1715 1511 1757; baseline 0.006 -12"><span class='ocrx_word' id='word_1_491' title='bbox 801 1715 1026 1752; x_wconf 77' lang='lat' dir='ltr'><strong>judicaremur.</strong></span> <span class='ocrx_word' id='word_1_492' title='bbox 1055 1717 1191 1757; x_wconf 88' lang='lat' dir='ltr'><strong>Sapiens</strong></span> <span class='ocrx_word' id='word_1_493' title='bbox 1211 1719 1278 1757; x_wconf 85' lang='lat' dir='ltr'><strong>est,</strong></span> <span class='ocrx_word' id='word_1_494' title='bbox 1306 1727 1372 1749; x_wconf 89' lang='lat' dir='ltr'><strong>non</strong></span> <span class='ocrx_word' id='word_1_495' title='bbox 1396 1727 1511 1750; x_wconf 59' lang='lat' dir='ltr'><strong>secunv</strong></span> 
     </span>
     <span class='ocr_line' id='line_1_88' title="bbox 806 1760 1510 1803; baseline 0.009 -13"><span class='ocrx_word' id='word_1_496' title='bbox 806 1760 883 1791; x_wconf 90' lang='lat' dir='ltr'><strong>dum</strong></span> <span class='ocrx_word' id='word_1_497' title='bbox 910 1762 1105 1800; x_wconf 87' lang='lat' dir='ltr'><strong>sapientiam</strong></span> <span class='ocrx_word' id='word_1_498' title='bbox 1129 1763 1228 1800; x_wconf 83' lang='lat' dir='ltr'><strong>hujus</strong></span> <span class='ocrx_word' id='word_1_499' title='bbox 1243 1765 1371 1803; x_wconf 83' lang='lat' dir='ltr'><strong>saeculi,</strong></span> <span class='ocrx_word' id='word_1_500' title='bbox 1386 1765 1444 1796; x_wconf 90' lang='lat' dir='ltr'><strong>sed</strong></span> <span class='ocrx_word' id='word_1_501' title='bbox 1458 1774 1510 1796; x_wconf 89' lang='lat' dir='ltr'><strong>se-</strong></span> 
     </span>
     <span class='ocr_line' id='line_1_89' title="bbox 806 1807 1510 1850; baseline 0.009 -13"><span class='ocrx_word' id='word_1_502' title='bbox 806 1807 948 1838; x_wconf 86' lang='lat' dir='ltr'><strong>cundum</strong></span> <span class='ocrx_word' id='word_1_503' title='bbox 961 1809 1050 1839; x_wconf 88' lang='lat' dir='ltr'><strong>illam</strong></span> <span class='ocrx_word' id='word_1_504' title='bbox 1065 1818 1138 1848; x_wconf 84' lang='lat' dir='ltr'><strong>quae</strong></span> <span class='ocrx_word' id='word_1_505' title='bbox 1153 1810 1294 1841; x_wconf 87' lang='lat' dir='ltr'><strong>trahitur</strong></span> <span class='ocrx_word' id='word_1_506' title='bbox 1308 1811 1348 1843; x_wconf 89' lang='lat' dir='ltr'><strong>de</strong></span> <span class='ocrx_word' id='word_1_507' title='bbox 1363 1812 1510 1850; x_wconf 54' lang='lat' dir='ltr'><strong>occultu,</strong></span> 
     </span>
     <span class='ocr_line' id='line_1_90' title="bbox 806 1855 1509 1897; baseline 0.007 -14"><span class='ocrx_word' id='word_1_508' title='bbox 806 1861 864 1891; x_wconf 85' lang='lat' dir='ltr'><strong>per</strong></span> <span class='ocrx_word' id='word_1_509' title='bbox 874 1862 971 1893; x_wconf 88' lang='lat' dir='ltr'><strong>quam</strong></span> <span class='ocrx_word' id='word_1_510' title='bbox 982 1855 1096 1894; x_wconf 90' lang='lat' dir='ltr'><strong>utique</strong></span> <span class='ocrx_word' id='word_1_511' title='bbox 1112 1855 1195 1886; x_wconf 91' lang='lat' dir='ltr'><strong>miro</strong></span> <span class='ocrx_word' id='word_1_512' title='bbox 1206 1856 1267 1887; x_wconf 90' lang='lat' dir='ltr'><strong>Dei</strong></span> <span class='ocrx_word' id='word_1_513' title='bbox 1280 1865 1378 1896; x_wconf 85' lang='lat' dir='ltr'><strong>opere</strong></span> <span class='ocrx_word' id='word_1_514' title='bbox 1389 1858 1509 1897; x_wconf 69' lang='lat' dir='ltr'><strong>agitur,</strong></span> 
     </span>
     <span class='ocr_line' id='line_1_91' title="bbox 805 1899 1510 1942; baseline 0.009 -13"><span class='ocrx_word' id='word_1_515' title='bbox 805 1899 842 1930; x_wconf 92' lang='lat' dir='ltr'><strong>ut</strong></span> <span class='ocrx_word' id='word_1_516' title='bbox 857 1900 954 1931; x_wconf 88' lang='lat' dir='ltr'><strong>electi</strong></span> <span class='ocrx_word' id='word_1_517' title='bbox 968 1900 1091 1941; x_wconf 88' lang='lat' dir='ltr'><strong>quique</strong></span> <span class='ocrx_word' id='word_1_518' title='bbox 1106 1902 1312 1934; x_wconf 88' lang='lat' dir='ltr'><strong>tunsionibus</strong></span> <span class='ocrx_word' id='word_1_519' title='bbox 1326 1904 1361 1934; x_wconf 86' lang='lat' dir='ltr'><strong>et</strong></span> <span class='ocrx_word' id='word_1_520' title='bbox 1380 1912 1510 1942; x_wconf 90' lang='lat' dir='ltr'><strong>pressu-</strong></span> 
     </span>
     <span class='ocr_line' id='line_1_92' title="bbox 805 1945 1511 1985; baseline 0.01 -11"><span class='ocrx_word' id='word_1_521' title='bbox 805 1945 847 1975; x_wconf 89' lang='lat' dir='ltr'><strong>ris</strong></span> <span class='ocrx_word' id='word_1_522' title='bbox 862 1945 917 1976; x_wconf 86' lang='lat' dir='ltr'><strong>hie</strong></span> <span class='ocrx_word' id='word_1_523' title='bbox 931 1947 1053 1985; x_wconf 86' lang='lat' dir='ltr'><strong>attriti,</strong></span> <span class='ocrx_word' id='word_1_524' title='bbox 1069 1947 1105 1978; x_wconf 91' lang='lat' dir='ltr'><strong>in</strong></span> <span class='ocrx_word' id='word_1_525' title='bbox 1129 1948 1267 1979; x_wconf 86' lang='lat' dir='ltr'><strong>aedificio</strong></span> <span class='ocrx_word' id='word_1_526' title='bbox 1280 1949 1352 1980; x_wconf 88' lang='lat' dir='ltr'><strong>veri</strong></span> <span class='ocrx_word' id='word_1_527' title='bbox 1366 1950 1511 1981; x_wconf 88' lang='lat' dir='ltr'><strong>Salomo-</strong></span> 
     </span>
     <span class='ocr_line' id='line_1_93' title="bbox 804 1991 1510 2036; baseline 0.01 -15"><span class='ocrx_word' id='word_1_528' title='bbox 804 1991 854 2022; x_wconf 86' lang='lat' dir='ltr'><strong>nis</strong></span> <span class='ocrx_word' id='word_1_529' title='bbox 866 1992 936 2024; x_wconf 90' lang='lat' dir='ltr'><strong>sine</strong></span> <span class='ocrx_word' id='word_1_530' title='bbox 945 1993 1056 2026; x_wconf 87' lang='lat' dir='ltr'><strong>sonitu</strong></span> <span class='ocrx_word' id='word_1_531' title='bbox 1069 1994 1182 2027; x_wconf 85' lang='lat' dir='ltr'><strong>mallei</strong></span> <span class='ocrx_word' id='word_1_532' title='bbox 1192 1995 1397 2036; x_wconf 81' lang='lat' dir='ltr'><strong>postmodum</strong></span> <span class='ocrx_word' id='word_1_533' title='bbox 1411 1997 1510 2029; x_wconf 88' lang='lat' dir='ltr'><strong>collo-</strong></span> 
     </span>
     <span class='ocr_line' id='line_1_94' title="bbox 804 2038 931 2071; baseline 0.016 -3"><span class='ocrx_word' id='word_1_534' title='bbox 804 2038 931 2071; x_wconf 87' lang='lat' dir='ltr'><strong>centur.</strong></span> 
     </span>
    </p>
   </div>
   <div class='ocr_carea' id='block_1_8' title="bbox 1001 2136 1312 2174">
    <p class='ocr_par' dir='ltr' id='par_1_9' title="bbox 1001 2136 1312 2174">
     <span class='ocr_line' id='line_1_95' title="bbox 1001 2136 1312 2174; baseline 0.006 -4"><span class='ocrx_word' id='word_1_535' title='bbox 1001 2136 1171 2173; x_wconf 84' lang='lat' dir='ltr'><strong>SERMO</strong></span> <span class='ocrx_word' id='word_1_536' title='bbox 1198 2137 1312 2174; x_wconf 87' lang='lat' dir='ltr'><strong>CIII.</strong></span> 
     </span>
    </p>
   </div>
   <div class='ocr_carea' id='block_1_9' title="bbox 803 2209 1505 2280">
    <p class='ocr_par' dir='ltr' id='par_1_10' title="bbox 803 2209 1505 2280">
     <span class='ocr_line' id='line_1_96' title="bbox 803 2209 1505 2247; baseline 0.009 -12"><span class='ocrx_word' id='word_1_537' title='bbox 803 2209 844 2236; x_wconf 82' lang='lat' dir='ltr'><strong>De</strong></span> <span class='ocrx_word' id='word_1_538' title='bbox 856 2215 981 2243; x_wconf 82' lang='lat' dir='ltr'><strong>quatuor</strong></span> <span class='ocrx_word' id='word_1_539' title='bbox 995 2212 1145 2243; x_wconf 75' lang='lat' dir='ltr'><strong>gradibus,</strong></span> <span class='ocrx_word' id='word_1_540' title='bbox 1157 2213 1261 2244; x_wconf 86' lang='lat' dir='ltr'><strong>quibus</strong></span> <span class='ocrx_word' id='word_1_541' title='bbox 1272 2213 1429 2240; x_wconf 82' lang='lat' dir='ltr'><strong>electorum</strong></span> <span class='ocrx_word' id='word_1_542' title='bbox 1441 2222 1505 2247; x_wconf 83' lang='lat' dir='ltr'><strong>pro-</strong></span> 
     </span>
     <span class='ocr_line' id='line_1_97' title="bbox 1006 2249 1306 2280; baseline 0.007 -7"><span class='ocrx_word' id='word_1_543' title='bbox 1006 2249 1096 2274; x_wconf 82' lang='lat' dir='ltr'><strong>fectus</strong></span> <span class='ocrx_word' id='word_1_544' title='bbox 1109 2249 1306 2280; x_wconf 77' lang='lat' dir='ltr'><strong>distinguitur.</strong></span> 
     </span>
    </p>
   </div>
   <div class='ocr_carea' id='block_1_10' title="bbox 802 2312 1508 2676">
    <p class='ocr_par' dir='ltr' id='par_1_11' title="bbox 802 2312 1508 2676">
     <span class='ocr_line' id='line_1_98' title="bbox 843 2312 1508 2355; baseline 0.009 -14"><span class='ocrx_word' id='word_1_545' title='bbox 843 2312 875 2342; x_wconf 79' lang='lat' dir='ltr'><strong>l.</strong></span> <span class='ocrx_word' id='word_1_546' title='bbox 901 2312 1074 2350; x_wconf 71' lang='lat' dir='ltr'><strong>QUATUOR</strong></span> <span class='ocrx_word' id='word_1_547' title='bbox 1106 2312 1260 2352; x_wconf 77' lang='lat' dir='ltr'><strong>gradibus</strong></span> <span class='ocrx_word' id='word_1_548' title='bbox 1296 2313 1508 2355; x_wconf 83' lang='lat' dir='ltr'><strong>distinguitur</strong></span> 
     </span>
     <span class='ocr_line' id='line_1_99' title="bbox 803 2359 1505 2399; baseline 0.009 -11"><span class='ocrx_word' id='word_1_549' title='bbox 803 2359 950 2389; x_wconf 87' lang='lat' dir='ltr'><strong>omnium</strong></span> <span class='ocrx_word' id='word_1_550' title='bbox 984 2359 1164 2390; x_wconf 86' lang='lat' dir='ltr'><strong>electorum</strong></span> <span class='ocrx_word' id='word_1_551' title='bbox 1196 2360 1372 2399; x_wconf 80' lang='lat' dir='ltr'><strong>profectus.</strong></span> <span class='ocrx_word' id='word_1_552' title='bbox 1400 2363 1505 2394; x_wconf 80' lang='lat' dir='ltr'><strong>Primo</strong></span> 
     </span>
     <span class='ocr_line' id='line_1_100' title="bbox 803 2404 1504 2447; baseline 0.004 -11"><span class='ocrx_word' id='word_1_553' title='bbox 803 2405 892 2436; x_wconf 87' lang='lat' dir='ltr'><strong>enim</strong></span> <span class='ocrx_word' id='word_1_554' title='bbox 914 2404 951 2436; x_wconf 85' lang='lat' dir='ltr'><strong>fit</strong></span> <span class='ocrx_word' id='word_1_555' title='bbox 965 2405 1103 2445; x_wconf 84' lang='lat' dir='ltr'><strong>quisque</strong></span> <span class='ocrx_word' id='word_1_556' title='bbox 1132 2406 1256 2437; x_wconf 89' lang='lat' dir='ltr'><strong>amicus</strong></span> <span class='ocrx_word' id='word_1_557' title='bbox 1276 2415 1344 2438; x_wconf 82' lang='lat' dir='ltr'><strong>suae</strong></span> <span class='ocrx_word' id='word_1_558' title='bbox 1368 2409 1504 2447; x_wconf 82' lang='lat' dir='ltr'><strong>animae3</strong></span> 
     </span>
     <span class='ocr_line' id='line_1_101' title="bbox 802 2450 1507 2491; baseline 0.004 -9"><span class='ocrx_word' id='word_1_559' title='bbox 802 2450 944 2482; x_wconf 83' lang='lat' dir='ltr'><strong>secundo</strong></span> <span class='ocrx_word' id='word_1_560' title='bbox 968 2451 1006 2482; x_wconf 89' lang='lat' dir='ltr'><strong>fit</strong></span> <span class='ocrx_word' id='word_1_561' title='bbox 1031 2450 1321 2491; x_wconf 81' lang='lat' dir='ltr'><strong>amicusjustitiae3</strong></span> <span class='ocrx_word' id='word_1_562' title='bbox 1336 2453 1434 2484; x_wconf 90' lang='lat' dir='ltr'><strong>tertio</strong></span> <span class='ocrx_word' id='word_1_563' title='bbox 1454 2462 1507 2485; x_wconf 92' lang='lat' dir='ltr'><strong>sa-</strong></span> 
     </span>
     <span class='ocr_line' id='line_1_102' title="bbox 804 2497 1505 2537; baseline 0.004 -10"><span class='ocrx_word' id='word_1_564' title='bbox 804 2498 953 2536; x_wconf 83' lang='lat' dir='ltr'><strong>pientiae3</strong></span> <span class='ocrx_word' id='word_1_565' title='bbox 980 2498 1094 2536; x_wconf 88' lang='lat' dir='ltr'><strong>quarto</strong></span> <span class='ocrx_word' id='word_1_566' title='bbox 1115 2497 1153 2529; x_wconf 85' lang='lat' dir='ltr'><strong>fit</strong></span> <span class='ocrx_word' id='word_1_567' title='bbox 1176 2498 1317 2536; x_wconf 90' lang='lat' dir='ltr'><strong>sapiens.</strong></span> <span class='ocrx_word' id='word_1_568' title='bbox 1338 2498 1375 2528; x_wconf 87' lang='lat' dir='ltr'><strong>In</strong></span> <span class='ocrx_word' id='word_1_569' title='bbox 1398 2498 1505 2537; x_wconf 89' lang='lat' dir='ltr'><strong>primo</strong></span> 
     </span>
     <span class='ocr_line' id='line_1_103' title="bbox 803 2543 1505 2583; baseline 0.004 -10"><span class='ocrx_word' id='word_1_570' title='bbox 803 2543 950 2582; x_wconf 79' lang='lat' dir='ltr'><strong>prosectu</strong></span> <span class='ocrx_word' id='word_1_571' title='bbox 965 2543 1049 2574; x_wconf 88' lang='lat' dir='ltr'><strong>vitat</strong></span> <span class='ocrx_word' id='word_1_572' title='bbox 1063 2543 1170 2575; x_wconf 86' lang='lat' dir='ltr'><strong>omnia</strong></span> <span class='ocrx_word' id='word_1_573' title='bbox 1185 2552 1257 2582; x_wconf 87' lang='lat' dir='ltr'><strong>quae</strong></span> <span class='ocrx_word' id='word_1_574' title='bbox 1271 2543 1412 2574; x_wconf 85' lang='lat' dir='ltr'><strong>animam</strong></span> <span class='ocrx_word' id='word_1_575' title='bbox 1430 2552 1505 2583; x_wconf 86' lang='lat' dir='ltr'><strong>pos-</strong></span> 
     </span>
     <span class='ocr_line' id='line_1_104' title="bbox 803 2589 1502 2628; baseline 0.001 -8"><span class='ocrx_word' id='word_1_576' title='bbox 803 2589 880 2620; x_wconf 88' lang='lat' dir='ltr'><strong>sunt</strong></span> <span class='ocrx_word' id='word_1_577' title='bbox 902 2589 1088 2627; x_wconf 78' lang='lat' dir='ltr'><strong>oitendere,</strong></span> <span class='ocrx_word' id='word_1_578' title='bbox 1109 2591 1143 2621; x_wconf 84' lang='lat' dir='ltr'><strong>et</strong></span> <span class='ocrx_word' id='word_1_579' title='bbox 1164 2589 1272 2628; x_wconf 82' lang='lat' dir='ltr'><strong>diligit</strong></span> <span class='ocrx_word' id='word_1_580' title='bbox 1293 2597 1329 2619; x_wconf 84' lang='lat' dir='ltr'><strong>ea</strong></span> <span class='ocrx_word' id='word_1_581' title='bbox 1344 2597 1415 2627; x_wconf 84' lang='lat' dir='ltr'><strong>quae</strong></span> <span class='ocrx_word' id='word_1_582' title='bbox 1430 2598 1502 2621; x_wconf 89' lang='lat' dir='ltr'><strong>eam</strong></span> 
     </span>
     <span class='ocr_line' id='line_1_105' title="bbox 804 2634 1502 2676; baseline 0.001 -11"><span class='ocrx_word' id='word_1_583' title='bbox 804 2636 936 2674; x_wconf 84' lang='lat' dir='ltr'><strong>possunt</strong></span> <span class='ocrx_word' id='word_1_584' title='bbox 944 2635 1097 2666; x_wconf 78' lang='lat' dir='ltr'><strong>mulcere.</strong></span> <span class='ocrx_word' id='word_1_585' title='bbox 1113 2636 1227 2665; x_wconf 72' lang='lat' dir='ltr'><strong>Horret</strong></span> <span class='ocrx_word' id='word_1_586' title='bbox 1240 2643 1312 2671; x_wconf 76' lang='lat' dir='ltr'><strong>ergo</strong></span> <span class='ocrx_word' id='word_1_587' title='bbox 1328 2634 1502 2676; x_wconf 78' lang='lat' dir='ltr'><strong>internum,</strong></span> 
     </span>
    </p>
   </div>
  </div>
 </body>
</html>
