1830 3073
519 234 575 266 DE
600 234 815 267 Dlvmtsls
842 233 998 266 SERMO
1023 235 1139 265 XVII«

120 291 244 332 bescela
261 298 363 333 eoque
384 289 511 324 facilius
534 292 761 329 exstinguetur
781 290 814 320 in

117 348 157 371 eo
172 339 301 377 caritas,
312 346 375 377 quo
391 338 528 377 amplius
543 339 617 368 ante
636 338 750 368 vivere
765 336 816 367 vi-

117 384 266 416 debatur.
291 385 326 414 Si
347 385 508 421 inimicus,
536 384 599 421 ait,
614 392 699 414 meus
720 382 816 412 male-

113 431 238 461 dixisset
261 429 340 460 'mihi
356 451 367 466 ‚
393 430 603 460 sustinuissem
634 429 751 466 ulique.
778 425 816 456 Et

115 475 247 513 quidem
262 475 355 506 cavet
368 474 430 506 sibi
450 474 593 513 prudens
605 474 749 511 auditor3
763 480 816 502 ca-

116 521 171 550 vet
185 520 219 551 et
231 519 313 558 ipse,
336 521 363 550 si
384 528 449 550 non
463 519 594 558 desipit,
609 518 664 557 qui
680 517 743 548 sibi
757 525 817 547 no-

115 565 202 595 verit
228 573 298 596 esse
321 565 502 596 detractum
517 574 526 594 t
543 565 612 603 ille,
627 572 668 594 ue
687 571 816 594 veneno

115 610 296 650 inficiatur3
311 612 391 650 iste,
412 619 455 641 ne
469 611 618 641 scandalo
643 610 817 648 perturbe-

113 657 178 687 tur.
195 657 278 695 Sed,
293 657 379 696 quod
395 657 429 687 in
450 665 484 686 se
497 656 566 694 est,
581 657 693 685 tamen
706 656 816 694 lingua

114 703 283 740 maledica,
299 703 333 733 et
347 702 435 732 illius
449 701 637 740 percutiens
649 702 816 732 conscien—

113 746 205 785 tiam,
221 749 255 778 et
268 748 360 777 istius
375 748 549 778 vulnerans
563 747 732 777 caritatem
743 769 752 785 ,
764 756 816 778 se-

114 798 188 821 cum
209 792 334 830 pariter
351 792 526 830 utrumque
547 792 699 830 peremit.
717 793 816 822 Num-

112 836 192 874 quid
209 845 274 867 non
300 838 416 876 vipera
445 838 494 868 est
512 838 623 876 lingua
646 837 734 868 ista?
755 839 815 869 Fe-

112 883 281 914 rocissima
308 884 405 921 plane
432 891 441 912 ε
470 883 627 913 nimirum
651 892 723 922 quae
748 884 814 913 tam

112 927 256 959 letaliter
276 928 342 959 tres
370 928 493 959 inficiat
517 929 596 959 flatu
623 937 700 959 uno.
715 930 815 959 Num—

111 973 190 1011 quid
198 982 262 1004 non
271 975 383 1005 lancea
395 974 511 1006 estista
523 974 656 1013 lingua?
669 975 814 1006 Profecto

113 1017 147 1047 et
161 1019 363 1058 acutissima,
384 1028 456 1058 quae
477 1020 544 1050 tres
571 1020 726 1058 penetrat
746 1020 816 1052 ictu

112 1071 190 1093 uno.
202 1066 341 1103 Linqua,
355 1066 473 1103 inquit,
488 1074 596 1096 eorum
610 1066 728 1104 qladius
743 1075 816 1096 acu-

114 1109 174 1137 tus.
190 1108 322 1138 Gladius
337 1109 490 1147 equidem
502 1117 631 1147 anceps,
646 1108 744 1139 immo
755 1110 815 1140 tri-

115 1159 190 1189 ceps
203 1154 252 1183 est
266 1153 376 1191 ilngua
391 1153 594 1184 detractoris.

154 1198 185 1225 5.
211 1198 275 1227 Nec
290 1206 367 1227 vero
390 1198 549 1234 ejusmodi
571 1199 716 1237 linguam
745 1200 814 1238 ipso

115 1243 215 1271 etiam
238 1250 411 1280 mucrone,
433 1251 496 1280 quo
511 1244 715 1273 Dominicum
730 1245 814 1274 latus

113 1285 293 1316 confossum
310 1286 377 1324 est,
392 1287 608 1317 crudeliorem
626 1287 736 1318 dicere
757 1297 814 1318 ve—

113 1331 225 1361 rearis.
240 1331 334 1361 Fodit
353 1332 440 1361 enim
457 1332 525 1362 haec
550 1341 678 1371 quoque
698 1333 813 1363 Christi

112 1383 248 1414 corpus,
265 1377 298 1405 et
318 1377 500 1407 membrum
516 1377 555 1407 de
570 1378 735 1416 membr03
752 1387 814 1409 nec

111 1421 177 1457 jam
193 1422 343 1452 exanime
359 1422 459 1461 fodit,
486 1423 542 1453 sed
566 1423 644 1454 facit
663 1425 813 1455 exanime

111 1466 274 1497 fodiendo.
287 1468 368 1506 Ipsis
376 1477 502 1507 quoque
510 1469 678 1499 nocentior
692 1471 815 1509 estspi-

114 1511 181 1549 niS,
204 1520 283 1550 quas
303 1513 353 1542 illi
373 1515 440 1543 tam
460 1514 592 1543 sublimi
613 1515 711 1553 capiti
726 1515 816 1546 furor

112 1557 440 1597 militarisimposuit3
456 1568 513 1590 seu
530 1560 628 1590 etiam
640 1561 739 1591 claviS
752 1561 815 1592 fer-

107 1603 194 1641 reis,
205 1613 284 1643 quos
302 1606 513 1636 sanctissimis
527 1607 677 1636 manibus
700 1607 766 1638 illis
782 1610 814 1639 et

112 1649 249 1689 pedibus
277 1653 497 1682 consummata
534 1652 676 1682 Judaicae
710 1654 814 1691 gentis

113 1694 267 1733 iniquitas
282 1697 402 1727 infixit.
418 1698 485 1727 Nisi
500 1699 590 1728 enim
602 1699 715 1736 hujus,
728 1700 814 1737 quod

111 1748 198 1770 nune
211 1743 367 1780 pungitur
382 1743 416 1772 et
426 1743 655 1782 transfoditur,
673 1745 815 1782 corporis

114 1786 216 1815 vitam
250 1788 301 1816 sui
324 1788 401 1818 vitae
428 1789 571 1826 corporis
598 1790 812 1828 praetulisset3

112 1838 285 1869 numquam
304 1832 385 1862 illud
401 1841 458 1871 pro
474 1834 536 1863 isto
551 1834 663 1864 mortis
675 1835 813 1874 injuriae,

116 1877 219 1907 crucis
247 1878 432 1916 ignominiae
447 1879 644 1910 tradidisset.
671 1882 710 1911 Et
735 1881 814 1912 dici-

113 1929 181 1951 mus
191 1923 302 1953 :Levis
316 1932 367 1954 res
376 1926 424 1955 est
435 1932 555 1962 sermo3
564 1926 686 1963 tenera,
695 1927 812 1965 mollis,

114 1968 145 1996 et
159 1968 275 2007 exigua
291 1978 363 1999 caro
375 1970 485 2008 lingua
500 1971 661 2001 hominIs:
679 1971 751 2010 quis
766 1981 814 2002 sa-

113 2014 206 2051 piens
221 2016 327 2053 magni
341 2016 486 2054 pendat?
499 2018 598 2048 Laws
609 2017 742 2056 quidem
761 2026 813 2048 res

112 2067 235 2099 sermo,
250 2061 326 2100 quia
340 2062 460 2092 leviter
472 2063 579 2101 volat,
595 2063 652 2093 sed
672 2064 813 2101 graviter

115 2106 274 2136 winerat.
291 2106 424 2138 Leviter
444 2108 572 2146 transit,
595 2108 652 2139 sed
670 2110 813 2147 graviter

112 2151 179 2180 urit
193 2151 333 2183 :leviter
345 2153 494 2191 penetrat
508 2154 664 2194 animum,
680 2156 811 2186 sednon

113 2197 230 2227 leviter
244 2199 335 2228 exit:
351 2199 513 2238 profertur
525 2201 660 2239 leviter,
676 2201 733 2232 sed
747 2209 811 2232 non

114 2243 231 2273 leviter
251 2247 448 2276 revocatur:
465 2246 561 2276 facile
581 2247 686 2285 volat,
711 2248 810 2287 atque

114 2288 185 2318 ideo
200 2289 295 2320 facile
320 2290 422 2322 violat
440 2292 621 2323 caritatem.
650 2293 732 2324 Vilis
757 2302 810 2324 res

116 2334 165 2363 est
195 2343 304 2366 musca
333 2336 494 2374 moriens,
521 2338 580 2368 sed
611 2338 810 2369 exterminat

115 2378 221 2407 oleum
245 2380 424 2411 suavitatis.
440 2382 602 2412 'renerum
626 2384 809 2414 membrum

116 2424 223 2461 lingua
234 2446 243 2461 ,
276 2426 416 2456 attamen
436 2426 496 2456 vix
521 2427 629 2458 teneri
663 2429 772 2466 potest
799 2438 807 2459 :

114 2469 290 2499 substantia
306 2470 436 2508 quidem
452 2471 616 2502 infirmum
630 2473 726 2512 atque
737 2474 810 2505 exi—

114 2521 223 2552 guum,
237 2515 292 2544 scd
312 2524 372 2546 usu
387 2524 538 2555 magnum
561 2519 594 2548 et
607 2519 750 2550 validum
762 2520 808 2550 in-

114 2559 254 2590 venitur.
267 2561 429 2591 Modicum
454 2563 637 2594 membrum
652 2566 718 2603 est3
734 2566 807 2605 sed,

112 2605 174 2635 nisi
186 2613 313 2645 caveas,
327 2614 478 2646 magnum
485 2609 617 2639 malum.
632 2610 752 2640 Tenuis
761 2613 809 2642 est

114 2653 147 2681 ct
160 2652 235 2688 iata„
249 2652 447 2690 aptissimum
468 2654 641 2685 vacuandis
658 2655 809 2687 cordibus

1511 253 1551 270 n.»

849 290 1125 328 instrumentum,
1152 289 1237 322 sicut
1259 293 1432 324 multorum
1465 295 1549 326 mihi

851 335 938 366 inter
945 344 1002 366 vos
1013 335 1230 366 conscientias
1243 336 1382 368 arbitror
1394 338 1554 371 attestari.

848 381 917 411 Nisi
933 380 1015 411 forte
1031 389 1143 412 omnes
1158 381 1226 412 tam
1238 381 1377 420 perfecti
1390 388 1555 423 sumus,ut

847 433 1024 464 numquam
1037 426 1133 457 nobis
1143 427 1218 465 post
1236 426 1348 464 longas
1367 428 1553 459 confabula—

848 471 953 503 tiones
972 472 1107 503 inventa
1128 473 1171 502 sit
1194 480 1288 502 mens
1300 472 1437 510 quodam
1458 475 1551 504 modo

848 520 966 555 vacua,
986 518 1157 548 meditatio
1179 519 1288 548 minus
1309 517 1447 556 devota,
1469 519 1554 549 sicca

848 563 950 601 magis
958 563 1102 602 affectio,
1117 564 1150 594 et
1161 563 1384 594 holocaustum
1400 563 1555 595 orationis

848 616 913 638 non
928 609 1008 640 adeo
1032 610 1154 648 pingue
1180 610 1315 648 propter
1340 609 1460 647 verba,
1482 608 1553 639 sive

847 662 918 692 quae
932 654 1096 693 diximus,
1116 654 1186 685 sive
1207 655 1307 685 etiam
1329 662 1401 693 quae
1426 654 1556 685 audivi—

848 707 935 737 mus3
948 701 1050 730 verba
1063 702 1187 731 tamen.

886 745 916 775 6.
933 746 1040 775 Facile
1069 746 1157 776 enim
1186 745 1297 783 lingua
1329 740 1464 782 labitur,
1490 751 1557 774 nee

847 791 952 821 minus
962 791 1058 821 facile
1074 791 1222 821 illabitur
1236 790 1344 821 cordi:
1361 790 1406 820 ita
1420 789 1458 819 ut
1469 789 1559 819 mul‹

847 836 889 866 tis
914 837 1001 867 inter
1028 837 1228 875 loquendum
1250 837 1370 867 ‘minus
1393 835 1554 874 profuerit

847 882 932 920 quod
947 883 1111 921 propriam
1126 881 1356 918 cohibuerint,
1381 880 1459 910 dum
1482 888 1550 910 non

848 928 995 959 caverint
1017 929 1169 959 alienam.
1185 927 1282 958 Utilis
1304 927 1354 956 est
1376 925 1476 956 frater
1493 926 1551 965 qui

847 972 909 1002 tibi
930 973 1086 1011 loquitur,
1103 973 1231 1012 sapiens
1249 971 1310 1010 est,
1326 971 1499 1009 religiosus
1515 978 1554 1000 ac

847 1016 966 1047 timens
986 1019 1109 1056 Deum3
1126 1019 1199 1056 plus
1219 1017 1310 1054 dim,
1332 1017 1465 1054 angelus
1486 1015 1553 1052 est,

848 1063 882 1092 et
896 1063 1029 1100 angelus
1043 1063 1124 1092 lucis
1137 1070 1145 1090 :
1163 1062 1263 1091 etiam
1278 1061 1323 1090 sic
1339 1068 1416 1091 cave
1431 1060 1554 1097 tibi,ne

848 1108 959 1137 audias
974 1107 1061 1138 unde
1076 1107 1216 1138 laedaris.
1232 1107 1298 1137 Nec
1312 1105 1554 1145 personamtibi

847 1153 948 1182 velim
975 1154 1159 1191 suspectam
1189 1161 1272 1190 esse,
1297 1152 1355 1182 sed
1388 1152 1552 1190 linguam,

847 1198 1028 1234 praesertim
1039 1198 1073 1227 in
1089 1198 1360 1228 sermocinatione
1377 1197 1552 1227 communi.

848 1242 935 1271 Bona
950 1243 1084 1280 quidem
1099 1243 1256 1272 columbae
1268 1242 1478 1279 simplicitas;
1494 1242 1554 1271 sed

846 1285 881 1314 in
896 1286 955 1315 hac
970 1287 1062 1324 parte
1079 1286 1240 1324 serpentis
1254 1293 1381 1324 quoque
1398 1286 1553 1315 astutiam

846 1338 910 1359 non
927 1331 1067 1361 omittas.
1084 1332 1183 1361 Maria
1208 1339 1251 1361 ne
1271 1331 1457 1369 angelicum
1477 1331 1553 1369 qui-

848 1376 922 1405 dem
943 1377 1082 1407 verbum
1097 1377 1167 1407 sine
1193 1377 1392 1406 discussione
1415 1378 1550 1414 praeter-

848 1421 929 1459 iens,
940 1422 1093 1460 coqitabat
1105 1423 1203 1462 qualis
1218 1424 1293 1452 esset
1315 1423 1375 1452 ista
1391 1423 1550 1452 salutatio.

847 1467 893 1496 Tu
907 1475 1036 1505 quoque
1046 1489 1055 1506 ,
1071 1468 1128 1506 qui
1144 1467 1266 1497 crebris
1285 1467 1400 1497 saltem
1415 1466 1550 1505 experi-

848 1513 965 1541 mentis
977 1513 1114 1542 solerter
1129 1512 1313 1550 advertisti,
1326 1513 1483 1552 quantum
1496 1520 1555 1542 no-

847 1559 941 1587 ceant
963 1559 1081 1596 verba;
1096 1566 1161 1588 non
1177 1558 1335 1596 desipies,
1351 1558 1378 1588 si
1394 1558 1553 1588 sollicitus

847 1602 947 1633 fueris
972 1602 984 1643 (
1000 1604 1263 1642 quandoquidem
1298 1604 1457 1634 interesse
1490 1611 1552 1634 ne-

847 1656 934 1679 cesse
944 1651 992 1679 est
1005 1649 1231 1689 collocutioni)
1242 1657 1308 1679 non
1322 1650 1418 1680 modo
1430 1648 1477 1679 ori
1490 1650 1552 1679 cir-

847 1695 1135 1733 cumspectionem,
1149 1695 1208 1725 sed
1236 1696 1271 1725 et
1290 1695 1361 1724 auri
1381 1694 1550 1724 nihilomi—

846 1748 906 1770 nus
925 1741 1082 1771 adhibere
1098 1741 1273 1771 cautelam.
1294 1742 1363 1770 Non
1383 1740 1552 1770 miremini

846 1786 931 1823 quod
946 1787 1023 1816 huic
1041 1787 1156 1824 gradui
1167 1786 1408 1824 proficientium
1427 1785 1552 1815 diutius

848 1831 1057 1862 immoremur
1072 1840 1080 1860 :
1096 1832 1207 1870 plures
1221 1831 1381 1869 siquidem
1397 1832 1550 1861 internos

849 1876 1053 1914 proficientes
1069 1884 1138 1907 esse
1155 1876 1327 1914 credimus,
1353 1884 1450 1915 quam
1474 1884 1551 1915 per-

847 1922 958 1952 fectos.
1241 1937 1244 1940 ⁴

894 1969 924 1997 7.
950 1967 1044 1998 Forte
1065 1968 1175 1998 tamen
1202 1964 1297 1997 nimii
1315 1967 1488 1997 videamur
1512 1967 1547 1997 in

846 2014 1071 2053 suggillatione
1083 2014 1268 2046 verborum.
1278 2014 1340 2044 Sed
1351 2013 1549 2044 mementote

845 2061 998 2100 quoniam
1021 2061 1132 2100 lingua
1157 2062 1224 2099 est,
1240 2069 1311 2099 quae
1335 2060 1445 2090 contra
1465 2060 1548 2090 vitia

846 2108 962 2145 linguae
977 2107 1137 2146 loquitur,
1155 2108 1192 2138 ut
1212 2107 1248 2137 in
1270 2114 1308 2137 eo
1328 2107 1383 2136 vel
1404 2106 1549 2136 maxime

845 2153 958 2183 haberi
974 2153 1093 2183 debeat
1108 2153 1281 2191 excusata,
1295 2151 1382 2191 quo'd
1401 2160 1462 2182 nee
1485 2151 1549 2181 sibi

844 2200 972 2238 parcat,
988 2200 1021 2229 et
1034 2199 1190 2229 adversus
1208 2199 1340 2238 propria
1355 2206 1481 2237 quoque
1497 2198 1550 2227 sui

844 2246 946 2284 ipsius
964 2245 1111 2284 pericula
1125 2245 1254 2276 muniat
1268 2245 1450 2276 audIentes.
1464 2244 1550 2274 Ven-

844 2293 894 2322 tus
911 2292 959 2323 est
971 2299 1088 2330 sermo,
1105 2292 1162 2322 sed
1176 2300 1243 2322 nou
1258 2299 1389 2329 semper
1403 2290 1452 2321 est
1467 2298 1550 2320 ven-

843 2338 895 2369 tus
906 2347 1017 2369 urens.
1030 2340 1140 2378 Surqe,
1156 2338 1280 2376 inquit,
1304 2338 1428 2376 Aquilo,
1441 2338 1469 2366 et
1480 2336 1552 2366 veni

844 2385 968 2421 Auster,
995 2385 1096 2422 perfla
1123 2384 1379 2418 hortunwneum,
1397 2383 1425 2411 et
1448 2381 1550 2417 fluant

843 2431 1086 2461 aromataillius.
1103 2430 1157 2460 Est
1168 2436 1296 2468 quoque
1305 2435 1421 2466 magna
1429 2426 1548 2456 nihilo-

842 2475 949 2506 minus
964 2475 1122 2506 sermonis
1136 2476 1279 2512 utilitas,
1306 2473 1340 2504 ct
1360 2473 1549 2510 frequenter

842 2521 876 2550 in
898 2521 1009 2560 lingua
1027 2521 1152 2551 fructus
1174 2519 1428 2560 pretiosissimus
1451 2524 1549 2554 repe-

843 2567 935 2597 ritur.
959 2568 1082 2607 Nempe
1101 2566 1182 2604 justi
1205 2567 1273 2597 vita
1289 2573 1330 2596 ex
1350 2564 1412 2593 fide
1432 2562 1497 2599 est,
1514 2562 1550 2591 et

842 2612 922 2643 fides
933 2621 976 2643 ex
991 2613 1104 2643 auditu
1114 2635 1122 2651 ,
1135 2612 1263 2643 auditus
1277 2610 1385 2640 autem
1400 2615 1459 2646 per
1472 2616 1547 2637 ver-

843 2657 920 2688 bum
936 2659 1008 2689 Dei.
1029 2658 1194 2695 Quomodo
1224 2656 1310 2686 enim
1335 2654 1426 2684 vivet
1456 2653 1546 2692 quis,

1349 2703 1374 2727 3,
