1830 3073
515 216 570 244 DE
593 215 804 244 DIVEBSIS
825 215 974 244 SERMO
997 217 1065 243 XV.

84 268 189 309 potest
205 268 454 301 consolationem
478 268 666 308 desperatus
687 269 785 299 miser

84 317 251 354 admittat;
268 317 299 346 et
314 315 365 345 cui
382 323 445 344 non
461 315 510 345 est
532 324 606 354 pars
621 316 653 345 in
670 315 762 345 bonis
774 337 783 353 ,

87 362 215 392 taetetur
229 362 282 391 vel
298 361 331 390 in
347 361 458 399 malis,
474 361 603 391 laetetur
615 370 686 391 cum
701 361 784 390 male

87 408 220 444 fecerit,
236 407 270 437 et
285 406 428 437 exsultet
452 405 485 435 in
505 407 600 437 rebus
623 406 781 445 pessimis.

84 455 131 482 Ex
146 453 197 482 his
222 461 296 490 ergo
318 452 421 482 solum
437 452 497 482 hoc
518 452 696 482 remedium
713 452 782 488 est,

82 498 119 527 ut
145 497 214 535 ipsa
241 497 395 527 adversus
428 497 585 527 malitiam
617 496 783 535 Sapientia

81 542 324 581 congrediatur,
340 543 534 581 propriaque
553 541 688 573 dextera
702 550 784 580 prae-

81 589 200 626 lietur,
227 597 299 627 quae
325 589 536 620 succumbere
565 587 695 617 omnino
718 595 782 617 non

81 634 185 664 novit.
210 634 342 671 Quando
372 634 461 664 enim
486 633 644 663 liberetur
662 632 717 671 qui
748 632 783 662 in

80 679 277 717 Babylonem
288 678 454 710 deseendit
465 699 474 715 ,
487 678 549 708 nisi
564 678 784 716 praeveniatur

81 724 115 754 in
135 724 418 755 benedictionibus
429 732 576 762 supernae
589 723 781 762 dulcedinis,

82 769 118 798 ut
132 770 261 800 clavum
285 771 394 799 clavus
410 770 572 807 expellat3
589 770 623 799 et
647 769 783 807 pestife-

79 823 148 844 ram
179 815 387 845 dulcedinem
414 815 569 845 vitiorum
595 814 782 852 jucunditas

79 859 257 898 spiritualis
271 859 432 889 unctionis
450 859 621 889 excludat?

119 906 150 935 7.
169 905 305 944 Attingit
319 914 393 943 ergo
408 913 426 934 a
441 905 503 935 fine
515 914 616 944 usque
633 904 672 935 ad
683 905 781 936 finem

80 950 207 981 sortiter
234 951 395 990 sapientia
421 951 561 989 victrix,
588 951 780 981 eradicando

79 996 205 1035 singula
228 997 328 1035 vitia,
365 996 571 1034 singulasque
609 996 780 1027 inserendo

77 1043 227 1072 virtutes.
243 1041 413 1072 Excutitur
433 1042 595 1079 siquidem
615 1042 783 1080 negligen-

81 1088 124 1117 tia
138 1109 146 1124 ,
158 1089 195 1117 ut
208 1088 333 1117 timoris
342 1087 475 1125 spiritus
489 1087 611 1124 repleat
619 1088 779 1124 mentem,

81 1133 234 1169 abjicitur
248 1132 416 1162 curiositas
426 1153 434 1169 ,
444 1132 479 1161 ut
489 1132 640 1161 succedat
655 1132 758 1169 pietas
770 1141 779 1170 ;

80 1177 283 1215 experientia
298 1178 374 1206 mali
391 1177 531 1213 fugatur,
543 1177 780 1214 apponiturque

79 1223 224 1251 scientia.
237 1222 288 1251 Sic
299 1223 331 1251 et
343 1221 611 1259 concupiscentiae
626 1223 781 1259 praevalet

78 1267 247 1305 fortitudo,
262 1269 296 1297 et
317 1267 489 1296 consilium
513 1267 779 1296 consuetudinem

77 1314 234 1352 amputat,
243 1314 275 1343 et
291 1313 477 1344 intellectus
487 1312 600 1350 vigens
613 1312 779 1350 contemp-

77 1359 147 1389 tum
175 1358 304 1389 amovet
321 1379 330 1395 ,
358 1357 392 1387 et
424 1357 609 1396 disparente
646 1358 779 1387 omnino

79 1404 221 1440 malitia,
243 1402 401 1441 sapientia
422 1405 546 1440 regnat.
563 1403 631 1440 Qua
646 1403 779 1441 quidem

79 1449 300 1487 triumphante
311 1470 319 1486 ,
336 1449 376 1478 de
393 1449 508 1478 caetero
524 1449 674 1478 miseram
690 1448 778 1478 illam

79 1495 237 1532 animam,
264 1502 362 1533 quam
376 1494 557 1532 perniciose
582 1494 779 1533 negligentia

78 1541 298 1579 soporaverat,
314 1540 409 1578 pejus
423 1540 621 1570 excitaverat
643 1541 779 1570 curiosi-

79 1587 145 1624 tas,
172 1585 350 1615 attraxerat
375 1585 603 1623 experientia,
628 1586 780 1616 tenuerat

77 1625 335 1669 concupiscentia
345 1652 355 1668 ,
384 1631 542 1669 ligaverat.
564 1631 777 1669 consuetudo,

77 1677 280 1714 contemptus
294 1676 327 1706 in
343 1684 505 1706 carcerem
516 1676 673 1715 truserat,
688 1678 780 1706 mali-

78 1723 121 1752 tia
134 1722 359 1760 jugulaverat3
388 1722 485 1752 timor
503 1723 653 1759 suscitat,
676 1723 780 1760 pietas

79 1767 195 1796 blande
211 1766 394 1803 demulcet,
419 1767 557 1796 scientia
573 1767 651 1804 quid
671 1768 778 1797 actum

79 1812 120 1841 sit
157 1812 302 1841 iudicans
338 1812 480 1841 dolorem
511 1813 665 1850 apponit3
696 1813 781 1851 quod

81 1865 174 1886 suum
200 1858 247 1886 est
275 1856 429 1886 fortitudo
461 1856 575 1895 erigit,
606 1858 778 1895 consilium

80 1902 197 1938 solvit,
224 1901 408 1931 intellectus
432 1901 543 1932 educit
563 1902 603 1932 de
629 1911 778 1941 carcere,

79 1946 236 1984 sapientia
250 1955 393 1976 mensam
408 1947 514 1985 ponit,
529 1947 690 1978 refocillat
705 1957 779 1978 esu-

80 1992 235 2030 rientem,
260 1993 294 2023 et
320 1992 516 2024 salutaribus
549 1994 678 2033 reparat
717 1995 779 2026 ali-

81 2038 208 2068 mentis.

279 2134 448 2167 SERMO
472 2134 559 2168 XV.

243 2207 284 2232 De
296 2207 450 2239 quaerenda
463 2207 610 2238 Sapientia.

122 2266 149 2293 ¹.
165 2264 252 2302 Qum
266 2264 301 2294 in
328 2265 385 2294 hoc
405 2264 527 2294 mundo
542 2263 685 2302 agimus,
700 2263 777 2294 Fra-

81 2309 163 2346 tres,
178 2310 234 2339 aut
247 2309 325 2347 quid
344 2309 480 2339 facimus
504 2309 544 2339 de
563 2310 623 2338 hoc
638 2309 777 2339 mundo?

81 2354 114 2383 Si
143 2355 258 2384 salvari
279 2355 500 2385 contendimus
514 2363 532 2385 a
546 2357 700 2394 praesenti
722 2365 777 2388 sae-

82 2399 153 2429 culo
169 2407 306 2437 nequam
316 2422 326 2437 ,
341 2401 529 2439 quidadhuc
537 2401 577 2431 de
589 2401 650 2431 hoc
657 2403 776 2434 mundo

81 2443 302 2474 decernimus?
325 2444 358 2474 Si
391 2445 481 2475 exire
508 2447 676 2485 volumus,
699 2448 777 2486 quid

81 2489 251 2527 compedes
266 2491 388 2520 nostros
407 2490 574 2521 nobiscum
590 2492 717 2523 trahere
732 2494 778 2523 la-

80 2534 247 2565 boramus?
270 2536 426 2565 Ponamus
454 2544 568 2567 aureos
595 2546 664 2568 esse
686 2547 694 2568 ι
721 2540 777 2570 sed

79 2581 179 2610 multo
194 2581 310 2612 melius
319 2582 366 2612 est
378 2582 446 2612 sine
462 2582 513 2613 his
531 2583 777 2623 liberari,quam

79 2633 189 2656 eorum
212 2627 376 2658 occasione
399 2628 516 2658 teneri.
543 2629 610 2659 Non
639 2631 778 2662 aestime-

817 277 889 299 mus
903 268 1063 308 pretium,
1079 268 1135 299 sed
1159 268 1427 307 impedimentum
1443 283 1520 305 con-

817 315 997 344 sideremus
1013 323 1020 343 ε
1037 323 1077 343 ne
1087 314 1205 352 praeter
1218 315 1320 352 ipsam
1332 338 1341 353 ,
1355 326 1426 354 quae
1441 319 1520 349 dura

817 360 894 389 satis
917 359 1096 398 reputanda
1115 359 1181 397 est,
1204 359 1398 390 conditionis
1412 371 1520 393 neces-

817 405 964 442 sitatem,
989 405 1086 435 etiam
1109 404 1297 443 cupiditatis
1320 405 1407 435 visco
1422 407 1521 436 iubat-

817 459 888 480 rere
908 451 959 481 his
976 450 1187 489 incipiamus,
1200 450 1234 481 et
1245 449 1351 480 inanis
1363 451 1521 482 sollicitu-

817 496 901 526 dinis
927 496 1068 526 nexibus
1096 496 1230 526 irretiri.
1258 496 1343 534 Quid
1370 497 1458 526 enim
1488 498 1521 527 in

816 541 1026 579 compedibus
1057 541 1155 572 faciat
1189 541 1280 580 quis,
1311 542 1522 579 percunctari

816 586 897 617 forte
919 588 1025 617 minus
1050 595 1224 625 congruum
1238 587 1403 624 judicetur
1414 609 1423 625 ,
1435 588 1523 625 quod

816 631 970 662 videlicet
985 633 1025 662 ad
1040 633 1230 671 patiendum
1245 633 1363 671 magis,
1375 640 1471 671 quam
1482 632 1523 662 ad

815 677 939 716 aliquid
951 678 1136 708 faciendum
1144 679 1267 709 soleant
1279 679 1427 708 homines
1435 686 1522 708 com·

815 723 942 761 pediri:
958 724 991 754 et
1015 724 1152 754 actionis
1176 724 1412 762 impedimenta
1434 732 1524 753 com·-

802 769 912 807 rpedes
924 769 1014 808 sunt,
1030 770 1227 800 adminicula
1235 770 1404 808 passionis.
1416 771 1523 808 Agen-

815 815 892 845 dum
905 816 1014 846 tamen
1022 817 1115 846 nobis
1126 816 1291 855 aliquidin
1306 816 1368 845 hoc
1380 816 1520 853 mundo3

815 861 938 898 agenda
953 861 1066 900 utique
1082 862 1279 900 poenitentia
1296 870 1304 890 :
1323 861 1379 891 sed
1397 861 1437 891 ad
1447 869 1522 900 pas-

815 907 938 937 sionem
955 908 1023 938 haec
1044 909 1151 945 potius
1164 930 1173 946 ,
1189 916 1285 946 quam
1304 907 1345 937 ad
1360 907 1520 937 actionem

814 953 980 983 videbitur
990 954 1168 992 pertinere.
1179 954 1396 984 Nihilominus
1411 954 1520 983 tamen

814 998 974 1035 agendum
986 1000 1039 1029 hic
1052 999 1144 1029 nobis
1153 999 1294 1038 aliquidt
1310 1008 1374 1029 non
1388 999 1521 1038 quidem

815 1044 854 1073 de
868 1044 927 1073 hoc
943 1045 1079 1082 mundo,
1093 1045 1148 1073 sed
1163 1045 1197 1074 in
1211 1045 1272 1074 hoc
1294 1044 1426 1074 mundo.
1443 1044 1520 1074 Cum

814 1089 902 1118 enim
923 1090 1051 1127 legatur
1073 1090 1172 1119 Adam
1201 1090 1314 1120 inloco
1343 1089 1521 1128 voluptatIS

814 1134 852 1163 ab
877 1134 972 1164 initio
998 1135 1140 1173 positus,
1156 1135 1193 1166 ut
1218 1135 1408 1173 operaretur
1423 1144 1431 1164 :
1448 1136 1522 1173 quis

814 1187 925 1209 sanum
942 1181 1088 1218 sapiens,
1101 1181 1184 1210 filios
1199 1180 1268 1217 ejus
1283 1180 1317 1209 in
1332 1181 1401 1210 loco
1418 1179 1520 1209 afflic-

815 1223 912 1253 tionis
928 1224 967 1253 ad
980 1224 1161 1254 feriandum
1183 1225 1305 1263 positos
1321 1225 1497 1254 arbitretur
1508 1224 1522 1252 ἓ

814 1267 994 1304 Operemur
1007 1276 1099 1306 ergo,
1117 1269 1175 1298 sed
1190 1269 1299 1298 cibum
1314 1269 1370 1307 qui
1384 1277 1446 1298 non
1461 1278 1520 1307 pe-

813 1312 855 1341 rit
872 1320 879 1341 :
897 1320 1069 1350 operemur
1079 1322 1159 1352 opus
1170 1313 1282 1343 salutis
1296 1314 1424 1343 nostrae.
1438 1313 1523 1351 Ope·

813 1365 923 1387 remur
944 1358 979 1388 in
1003 1358 1102 1388 vinea
1125 1359 1278 1389 Domini:
1296 1359 1333 1389 ut
1347 1359 1517 1389 denarium

813 1402 965 1432 diurnum
995 1404 1144 1442 accipere
1174 1413 1369 1434 mereamur.
1399 1405 1519 1443 Opere-

812 1456 884 1478 mur
899 1449 933 1478 in
949 1449 1115 1488 Sapientia
1128 1472 1137 1488 ,
1158 1459 1230 1489 quae
1253 1451 1351 1490 dicit,
1375 1453 1435 1490 Qui
1450 1461 1520 1490 ope-

811 1496 925 1524 rantur
947 1496 979 1525 z'n
993 1505 1057 1533 me,
1075 1505 1138 1526 non
1163 1497 1343 1535 peccabunt.
1367 1498 1449 1536 Ager
1470 1500 1520 1528 est

813 1540 969 1579 mundus,
992 1542 1038 1572 ait
1053 1542 1190 1572 Veritas.
1206 1543 1376 1573 Fodiamus
1402 1543 1438 1573 in
1454 1552 1491 1574 eo
1508 1552 1516 1573 z

813 1585 982 1616 thesaurus
994 1588 1201 1619 absconditus
1217 1589 1315 1626 latet3
1328 1589 1518 1619 effodiamus

813 1639 898 1661 eum.
915 1633 986 1670 Ipsa
1002 1634 1051 1663 est
1068 1634 1156 1663 enim
1171 1628 1330 1672 sapientia
1343 1657 1352 1673 ,
1368 1644 1439 1673 quae
1452 1637 1518 1665 tra-

812 1677 903 1707 hitur
917 1678 956 1708 de
965 1680 1110 1709 occultis.
1124 1680 1242 1710 Omnes
1251 1688 1321 1710 eam
1329 1681 1517 1719 quaerimus,

812 1730 922 1753 omnes
937 1725 1194 1762 concupiscimus
1209 1734 1292 1756 eam.

851 1768 882 1797 2.
903 1769 966 1798 Sed
987 1770 1104 1800 frustra
1123 1772 1258 1809 quaerit,
1275 1772 1331 1810 qui
1347 1771 1381 1801 in
1396 1771 1525 1810 lectulo,

813 1820 868 1842 suo
881 1814 998 1851 quaerit
1009 1822 1018 1842 :
1029 1823 1134 1852 neque
1150 1817 1238 1845 enim
1262 1817 1295 1845 in
1311 1818 1396 1846 terra
1411 1818 1518 1847 suavi-

813 1857 863 1888 ter
877 1858 1060 1889 viventium
1076 1860 1255 1891 invenitur.
1281 1862 1433 1892 Lectulus
1448 1863 1515 1901 est,

813 1905 845 1934 et
856 1904 903 1934 ibi
919 1905 1081 1942 gigantem
1092 1906 1230 1944 quaeris?
1243 1907 1329 1937 Tuus
1341 1908 1406 1946 est;
1423 1909 1456 1938 et
1468 1908 1517 1938 ibi

811 1958 920 1988 speras
948 1951 1099 1981 invenire
1129 1961 1222 1990 eum,
1251 1953 1309 1991 qui
1338 1953 1517 1984 diversoria

811 2004 940 2034 semper
964 1996 1106 2034 ignorat-3
1141 1999 1176 2028 Si
1206 1999 1359 2037 quaeritis,
1391 1999 1514 2038 inquit,

811 2043 936 2080 quaerite
949 2051 960 2072 .·
975 2043 1186 2073 concertz'mini
1195 2065 1205 2080 ,
1221 2046 1250 2074 et
1268 2045 1377 2074 venile.
1394 2045 1516 2081 Quaeris

809 2086 916 2116 unde?
936 2088 962 2117 Α
976 2088 1097 2118 lectulo
1112 2089 1180 2119 tuo.
1198 2089 1320 2126 Quaeris
1335 2089 1423 2121 unde
1439 2099 1517 2121 con-

809 2132 968 2164 vertaris?
995 2133 1026 2164 A
1045 2135 1274 2171 voluntatibus,
1300 2134 1407 2174 inquit
1420 2158 1429 2173 ,
1456 2138 1516 2168 tuis

809 2180 954 2209 avertere.
970 2179 1050 2209 Etsi
1066 2179 1100 2209 in
1115 2179 1338 2210 voluntatibus
1354 2182 1436 2212 meis
1450 2191 1516 2214 non

810 2223 957 2263 invenio,
985 2224 1060 2263 ubi,
1088 2225 1218 2263 inquis,
1241 2226 1374 2256 invenio
1389 2228 1516 2266 sapien-

809 2268 910 2299 tiam?
921 2269 1144 2301 Vehementer
1160 2271 1247 2301 enim
1265 2279 1337 2302 eam
1352 2273 1516 2304 desiderat

809 2315 915 2345 anima
928 2324 1021 2346 mea:
1047 2325 1109 2346 nee
1134 2317 1297 2349 invenisse
1312 2318 1471 2357 sufficiet,
1488 2320 1516 2351 si

810 2361 982 2399 contigerit
992 2362 1161 2400 invenire,
1178 2363 1242 2393 nisi
1256 2372 1442 2394 mensuram
1456 2365 1515 2395 bo—

809 2412 901 2443 nam,
930 2406 964 2436 et
986 2406 1182 2445 confertam,
1199 2408 1232 2438 et
1255 2408 1463 2447 coagitatam,
1482 2412 1515 2439 et

809 2450 1094 2488 supereffluentem
1103 2452 1264 2492 ponamin
1275 2454 1381 2485 sinum
1391 2463 1514 2485 meum.

809 2496 922 2526 Merito
947 2497 1091 2535 quidem.
1113 2501 1227 2530 Beatus
1239 2500 1327 2529 enim
1356 2500 1446 2530 homo
1462 2502 1515 2538 qui

811 2542 920 2573 invenit
948 2545 1150 2583 sapientiam,
1176 2547 1206 2576 et
1232 2547 1286 2584 qui
1312 2545 1414 2583 affluit
1435 2555 1513 2582 pru—

810 2588 922 2617 dentia.
939 2588 1053 2626 Quaere
1069 2597 1144 2628 ergo
1162 2589 1238 2620 dum
1253 2590 1393 2621 inveniri
1406 2590 1513 2628 potest

812 2633 845 2663 et
861 2633 935 2663 dum
966 2644 1065 2674 prope
1096 2636 1144 2667 est
1159 2659 1166 2674 ‚
1194 2637 1307 2667 invoca
1331 2635 1430 2665 iliam.
1457 2636 1512 2666 Yis
