1830 3073
229 272 249 300 Ιι

230 324 399 354 aeternum.
416 325 494 355 Cum
516 325 648 362 dederit,
665 325 792 363 inquit,
816 325 929 354 dilectis

228 371 290 400 suis
317 378 479 406 somnum,
504 378 568 400 ecce
593 370 755 400 haeredilas
788 371 926 400 Domini.

230 414 355 445 Sufficit
371 414 461 445 enim
484 422 571 444 nunc
588 414 705 452 cuique
722 413 788 443 diei
803 414 928 443 malitia

227 468 303 498 sua,
322 468 384 490 nec
403 460 548 490 laborem
574 467 668 489 suum
692 458 799 496 potest
821 466 929 488 reser-

227 512 304 535 vare
341 505 512 543 sequenti3
541 504 598 534 sed
625 504 769 533 omnium
804 511 928 534 merces

227 549 372 580 laborum
393 551 428 580 in
449 558 514 580 una
535 549 591 578 illa
612 549 664 578 die
683 548 858 586 reddetur,
874 550 927 579 cui

227 595 327 625 altera
347 603 413 625 non
442 594 595 625 succedit.
621 595 764 631 Reposita
787 596 830 624 est
851 595 930 625 ‘mihi

226 649 341 670 corona
351 642 475 678 justitiae
484 661 495 676 ,
508 639 726 676 aitApostolus
735 660 744 676 ,
757 649 849 678 quam
858 642 927 670 red-

226 686 275 715 det
289 686 383 722 mihi,
400 693 464 714 non
483 685 515 714 in
529 684 611 721 illis,
627 684 686 713 sed
700 685 732 714 in
748 685 834 714 illum
847 686 927 715 diem

219 730 323 767 justus
344 731 454 760 Judex.
481 729 593 758 Melior
606 730 655 758 est
671 729 758 759 enim
779 729 849 759 dies
863 738 926 760 una

225 774 259 805 in
285 776 373 806 atriis
395 774 461 804 illis
485 781 584 811 super
603 774 719 804 millia.
742 775 939 805 Gur-nrm*

226 828 323 858 poena
338 820 478 855 bibitur,
500 818 654 856 liquando
680 820 838 858 sumitur,
865 828 939 858 perv

227 865 379 895 minutias
403 863 518 893 transit
544 872 552 892 :
575 872 650 893 narn
676 864 711 894 in
735 872 926 894 remunera-

224 910 311 940 tione
324 911 446 939 torrens
458 909 506 938 est
526 909 721 947 voluptatis,
736 911 768 940 et
783 910 924 940 fluminis

224 955 363 992 impetus
372 975 380 990 ,
396 954 522 983 torrens
536 953 696 983 inundans
707 955 829 984 laetitiae
840 975 849 992 ,
862 954 924 984 ssu-

223 1008 298 1029 men
320 999 427 1036 gloriae
440 1019 450 1035 ,
475 999 509 1029 et
522 999 645 1029 flumen
669 1000 770 1038 pacis.
787 1001 923 1030 Flumen

224 1046 317 1083 plane
331 1045 397 1082 est,
413 1044 470 1074 sed
483 1045 569 1083 quod
590 1045 720 1083 affluat,
745 1054 809 1075 non
836 1047 921 1084 quod

225 1090 302 1119 fluat
324 1091 376 1119 vel
397 1089 521 1119 effluat.
538 1091 672 1120 Flumen
694 1093 845 1129 vocatur,
859 1100 923 1122 non

223 1135 306 1173 quod
319 1136 461 1167 transeat
471 1136 524 1166 vel
538 1138 758 1175 pertranseat,
770 1137 826 1167 sed
839 1139 922 1176 quod

225 1180 377 1211 abundet.

261 1226 290 1255 8.
317 1229 498 1264 AEternum,
524 1226 647 1266 inquit,
669 1228 772 1265 qlom'oe
791 1229 919 1266 pondus.

221 1271 287 1301 Non
301 1272 387 1301 enim
399 1273 491 1302 nobis
503 1273 639 1311 gloriosa
650 1274 751 1303 vestis
760 1295 769 1309 ,
781 1282 845 1303 non
858 1275 923 1311 glo-

222 1317 304 1346 riosa
328 1318 458 1356 domus,
473 1319 530 1348 sed
551 1319 619 1356 ipsa
645 1319 745 1356 gloria
759 1320 922 1357 promitti—

221 1363 284 1391 tur.
299 1363 331 1391 Si
349 1363 427 1401 quid
446 1371 526 1393 vero
542 1364 669 1393 illorum
685 1366 740 1394 aut
766 1365 919 1395 similium

221 1407 393 1445 aliquando
402 1408 535 1446 dicitur,
549 1408 647 1446 figura
660 1411 719 1439 est.
732 1410 809 1438 Nam
821 1410 854 1439 in
867 1419 922 1439 ve-

220 1453 314 1482 ritate
324 1453 483 1490 justorum
496 1454 694 1491 exspectatio
703 1476 712 1491 ,
724 1462 787 1483 non
799 1455 922 1492 aliquid

221 1497 349 1535 laetum,
364 1498 421 1527 sed
436 1498 505 1535 ipsa
519 1498 633 1528 laetitia
649 1499 708 1528 est.
726 1499 874 1528 Gaudent
888 1500 921 1528 in

219 1543 323 1580 cibis,
338 1543 480 1581 gaudent
504 1543 538 1572 in
559 1544 703 1581 pompis,
725 1544 866 1582 gaudent
887 1545 921 1574 in

221 1588 364 1627 divitiis,
380 1589 521 1627 gaudent
535 1592 568 1619 et
589 1590 623 1619 in
636 1590 726 1619 vitiis
754 1591 901 1620 hommes
912 1599 934 1633 ςῚ

220 1635 276 1664 sed
301 1636 408 1665 luctus
433 1636 580 1665 extrema
605 1637 740 1673 occupat
764 1636 935 1673 ejusmodi,

220 1680 524 1719 gaudiorum,quod
552 1688 711 1711 &Armeni
734 1682 768 1710 in
787 1678 935 1711 maleria'

220 1727 426 1756 convertibili
450 1727 569 1756 mutari
583 1735 715 1757 necesse
730 1728 773 1756 sit
788 1736 823 1757 re
848 1723 935 1776 rna—J

219 1772 297 1800 tata.
315 1773 508 1802 Accenditur
520 1781 632 1802 cereus
646 1782 653 1801 :
668 1781 732 1802 non
744 1782 860 1811 purum
873 1774 922 1804 lu-

221 1823 296 1845 men
322 1818 388 1853 est,
404 1817 461 1846 sed
483 1817 614 1846 lucerna
629 1826 636 1846 :
651 1818 812 1856 siquidem
837 1818 921 1856 ignis

220 1861 288 1899 ipse
300 1863 430 1900 propria
443 1862 584 1892 fomenta
597 1864 774 1901 consumit,
787 1872 846 1893 nec
859 1865 920 1894 nisi

218 1906 286 1943 ipsa
312 1909 557 1946 consumptione
574 1909 711 1938 fovetur.
735 1910 828 1938 Porro
845 1910 921 1939 defi-

220 1951 324 1981 ciente
350 1954 487 1983 materia
513 1954 609 1983 etiam
636 1954 704 1991 ipse
726 1954 871 1992 deficiet,
889 1958 920 1985 et

219 1997 274 2026 uhi
288 1999 374 2027 illam
387 1999 507 2028 videris
519 2007 646 2037 prorsus
657 2000 801 2029 exustam
812 2023 821 2038 ,
834 2001 933 2030 hunc,

220 2051 346 2080 quoque
360 2045 572 2074 nihilominus
584 2046 779 2076 exstinctum
793 2054 860 2076 esse
870 2055 920 2076 re-

219 2088 337 2125 peries.
355 2089 443 2120 Sicut
458 2099 532 2128 ergo
559 2090 695 2120 flammae
712 2092 799 2121 illius
814 2093 920 2122 novis-

218 2131 299 2160 sima
308 2132 414 2162 sumus
426 2136 561 2173 occupat
573 2136 605 2164 et
618 2136 719 2173 caligo
731 2157 740 2173 ,
751 2137 795 2165 sic
808 2137 919 2166 laetitia

218 2175 301 2205 laetae
317 2177 363 2205 rei
381 2178 414 2206 in
431 2179 598 2209 tristitiam
618 2182 842 2211 commutatur.
859 2183 920 2211 No-

219 2220 270 2250 bis
286 2223 394 2251 autem
406 2231 469 2253 non
482 2224 589 2254 savum
601 2226 707 2256 mellis
718 2249 726 2264 ,
743 2227 798 2256 sed
813 2228 920 2265 puris-

219 2266 337 2296 simum
361 2268 393 2296 et
414 2269 661 2306 liquidissimum
691 2273 755 2302 mel
777 2274 919 2310 reposuit

218 2311 321 2350 Deus,
351 2314 451 2351 ipsam
478 2315 574 2352 plane
600 2317 747 2346 laetitiam
763 2340 772 2356 ,
799 2319 917 2357 vitam,

219 2358 372 2396 gloriam,
398 2367 528 2397 pacem,
545 2362 760 2400 voluptatem,
784 2365 918 2393 amoeni-

219 2404 319 2434 tatem
341 2426 350 2441 ,
375 2404 567 2434 felicitatem
587 2428 596 2443 ,
622 2407 860 2443 jucunditatem
887 2404 933 2439 et*

219 2449 472 2479 exsultationem
493 2450 724 2482 thesaurizavit
739 2453 831 2483 nobis
858 2442 933 2483 Do-s

217 2494 326 2524 minus
337 2494 537 2525 Deusnoster
548 2504 555 2524 ι
567 2496 674 2526 ethaeo
687 2499 792 2527 omnia
804 2484 933 2536 unumst

217 2540 253 2569 ut
264 2540 303 2569 sit
317 2540 518 2578 participatio
528 2541 704 2571 Jerusalem
718 2542 751 2571 in
764 2543 915 2581 idipsum.
929 2541 933 2564 ¹

218 2585 255 2613 Et
273 2586 331 2613 hoc
347 2594 443 2614 unum
457 2586 489 2615 et
501 2586 640 2624 idipsum
664 2596 728 2618 non
749 2589 810 2617 nisi
826 2589 895 2626 ipse
907 2612 915 2626 ‚
930 2566 932 2626 i

219 2629 300 2658 sicut
332 2639 424 2668 supra
446 2633 670 2670 meminimus,
690 2634 816 2663 dicente
832 2629 932 2672 Apo-l

220 2675 299 2704 stolo
312 2683 318 2702 .·
331 2677 479 2714 Quoniam
496 2678 553 2707 crit
563 2680 645 2709 Dens
657 2681 758 2709 omniu
772 2681 804 2709 in
816 2681 915 2710 omm'-
928 2658 932 2704 Ι

933 1209 937 1225 Ι

693 276 723 302 S.
756 275 992 302 BERNARDI
1011 276 1204 305 ABBATIS

963 324 1027 355 bus.
1055 326 1130 355 Haec
1151 335 1275 359 merces
1301 330 1425 369 nostra,
1451 331 1518 362 baec
1544 340 1656 363 corona

960 370 1067 399 nostra
1077 393 1086 408 ,
1103 371 1163 401 hoc
1175 373 1321 403 bravium
1332 376 1477 406 nostrum
1494 386 1502 406 :
1518 378 1558 408 ad
1572 379 1658 416 quod

959 415 1085 445 utinam
1100 417 1149 446 sic
1160 426 1342 459 curramus,
1357 422 1394 451 ut
1405 423 1658 460 comprehenda-

958 468 1042 490 mus.
1056 462 1201 501 Fratres,
1216 471 1391 502 numquam
1413 468 1555 504 prudens
1573 469 1657 507 agri-

959 506 1028 535 cola
1041 507 1223 538 seminandi
1239 510 1513 548 opportunitatem
1527 515 1658 551 reputat

959 549 1135 588 longiorem
1145 573 1154 590 ,
1167 553 1223 590 qui
1239 553 1356 583 futurae
1371 556 1484 585 messis
1495 557 1658 587 desiderat

957 594 1152 627 ubertatem.
1167 599 1274 629 Vestri
1289 599 1398 629 autem
1410 600 1496 638 dies,
1511 610 1575 631 non
1596 603 1658 632 mi-

957 648 1017 670 nus
1030 642 1142 680 utique
1157 651 1253 681 quam
1269 645 1377 683 capilli
1391 666 1400 683 ,
1416 653 1526 675 omnes
1540 655 1657 677 nume-

957 686 1018 715 rati
1029 687 1106 717 sunt
1119 696 1127 716 :
1145 689 1179 718 et
1191 689 1276 718 sieut
1289 690 1375 727 pilus
1389 690 1428 720 de
1445 699 1575 729 corpore
1585 712 1595 728 ,
1610 693 1656 722 sie

957 732 989 761 et
1004 734 1204 764 momentum
1219 735 1259 764 de
1274 735 1419 773 tempore
1441 745 1505 765 non
1520 737 1654 774 peribit.

956 777 1119 809 Habentes
1134 787 1208 817 ergo
1220 780 1319 810 talem
1330 781 1573 819 promissionem
1583 805 1591 820 ,
1605 791 1658 812 ea-

955 823 1089 861 rissimi,
1104 832 1170 855 non
1197 825 1382 855 deficiamus
1407 827 1463 856 aut
1483 827 1656 864 fatigemur

955 867 1126 905 aliquando
1147 877 1155 898 ε
1175 878 1237 900 nec
1261 879 1357 907 grave
1386 879 1555 901 causemur
1576 881 1655 902 onus

955 912 1190 952 Christi,quod
1213 915 1296 945 teste
1319 916 1388 953 ipso
1414 917 1489 946 leve
1517 917 1584 954 θεῖς
1600 918 1654 947 vel

952 957 1083 996 jugum,
1106 960 1191 998 quod
1205 968 1321 990 revera
1335 969 1433 991 suave
1447 962 1512 998 est,
1536 962 1593 991 sed
1615 963 1655 991 ad

955 1011 1048 1034 omne
1076 1006 1161 1043 quod
1190 1005 1340 1036 videmur
1366 1007 1494 1045 portare
1530 1007 1656 1045 pondus

954 1049 1038 1087 diei,
1062 1052 1220 1080 aeternum
1245 1052 1356 1089 gloriae
1383 1052 1508 1090 pondus
1533 1052 1655 1090 cogite-

954 1103 1035 1124 mus.
1050 1096 1097 1125 Ad
1109 1104 1205 1134 quam
1221 1104 1278 1126 nos
1293 1105 1349 1126 sua
1360 1097 1567 1126 miseratione
1579 1105 1655 1134 per-

954 1140 1050 1170 ducat
1061 1141 1218 1171 virtutum
1232 1142 1389 1171 Dominus
1400 1143 1432 1171 et
1444 1142 1514 1170 Rex
1526 1142 1653 1179 gloriae3

954 1185 1005 1215 cui
1031 1186 1164 1216 interim
1185 1187 1301 1216 devota
1326 1187 1511 1216 humilitate
1534 1187 1654 1215 clame-

954 1238 1047 1259 mus:
1067 1232 1141 1260 Νοη
1161 1231 1266 1267 nobis,
1291 1233 1438 1268 Domine,
1462 1239 1525 1260 ἠοη
1545 1230 1652 1266 uobis,

951 1276 1001 1305 sed
1016 1277 1135 1306 nomini
1148 1277 1199 1306 tuo
1214 1277 1254 1305 cla
1269 1277 1409 1315 (storiam.

1174 1390 1344 1423 SERMO
1367 1391 1424 1423 11.

953 1459 991 1481 De
1010 1458 1192 1487 obedientia,
1212 1459 1360 1488 Patientia,
1375 1462 1399 1483 et
1419 1459 1572 1495 Sapientia:
1591 1467 1649 1485 seu,

974 1495 1006 1517 de
1017 1495 1153 1518 noscendo
1164 1496 1292 1525 seipsum,
1301 1495 1377 1525 quod
1388 1495 1513 1518 homines
1524 1502 1629 1519 sumus.

993 1548 1020 1576 l.
1039 1548 1190 1578 OBSECRO
1215 1556 1289 1586 vos,
1314 1548 1439 1577 Fratres
1449 1569 1458 1585 ,
1479 1557 1538 1585 per
1564 1556 1651 1577 com—

951 1601 1082 1622 munem
1098 1592 1251 1630 salutem,
1272 1592 1412 1622 studiose
1427 1592 1580 1630 suscipite
1595 1592 1651 1621 da-

952 1639 1016 1667 tam
1049 1637 1141 1667 robis
1171 1637 1445 1676 opportunitatem
1480 1637 1650 1674 operandae

952 1682 1073 1712 salutis.
1102 1682 1240 1712 Obsecro
1280 1691 1338 1720 per
1376 1682 1628 1712 misericordiam
1639 1703 1649 1719 ,

952 1735 1007 1764 pro
1023 1735 1084 1764 qua
1100 1727 1165 1755 tam
1181 1727 1383 1756 miserabiles
1398 1736 1453 1756 vos
1466 1727 1569 1756 facere
1584 1728 1650 1757 stu-

952 1773 1066 1802 duistis
1075 1794 1083 1809 ,
1096 1772 1191 1802 facite
1204 1772 1244 1802 ad
1255 1772 1339 1810 quod
1350 1772 1485 1801 venistis
1494 1793 1503 1809 ,
1514 1772 1553 1801 ad
1565 1772 1649 1810 quod

951 1818 1140 1847 ascendistis
1172 1817 1212 1847 de
1245 1818 1433 1847 fluminibus
1464 1817 1646 1854 Babylonis.

951 1866 1048 1902 Super
1062 1865 1194 1901 flumina
1208 1863 1374 1900 Babylonis
1386 1884 1396 1899 ,
1412 1863 1457 1892 ait
1469 1863 1626 1900 Propheta
1639 1883 1648 1897 7

951 1910 1010 1938 illic
1030 1911 1159 1940 sedimus
1173 1911 1200 1938 et
1224 1910 1377 1946 flevimus,
1390 1909 1462 1937 dum
1475 1909 1650 1937 recordare-

950 1964 1021 1983 mur
1035 1956 1080 1984 tui
1093 1956 1178 1984 Sion.
1193 1954 1285 1983 Nulla
1297 1954 1388 1983 vobis
1399 1953 1452 1982 hic
1464 1953 1649 1982 nutriendo-

950 2009 1022 2029 rum
1047 2000 1222 2029 iiberorum
1240 2007 1334 2035 cura,
1350 1999 1440 2027 nulla
1465 1998 1648 2028 sollicitudo

932 2041 1109 2082 'quomodo
1130 2045 1285 2083 placeatis
1310 2045 1466 2073 uxoribus
1485 2052 1492 2072 :
1516 2052 1579 2073 non
1608 2043 1648 2073 (le

950 2091 1120 2128 nundinis,
1137 2099 1199 2120 non
1216 2090 1255 2119 de
1270 2090 1408 2128 negotiis
1422 2089 1627 2119 saecularibus
1638 2110 1647 2125 ,

949 2145 1012 2166 non
1027 2137 1066 2166 de
1081 2137 1150 2174 ipso
1165 2136 1256 2166 victu
1275 2137 1307 2165 et
1321 2136 1442 2165 vestitu
1457 2142 1587 2164 necesse
1600 2135 1649 2163 est

950 2183 1100 2219 cogitare.
1113 2183 1224 2212 Procul
1240 2190 1257 2211 a
1272 2181 1363 2211 vobis
1373 2202 1381 2217 ‚
1393 2188 1504 2217 magna
1516 2180 1646 2217 quidem

950 2236 991 2256 ex
1001 2229 1103 2265 parte,
1114 2228 1178 2257 diei
1189 2227 1310 2256 malitia
1324 2227 1355 2256 et
1368 2225 1549 2255 sollicitudo
1558 2225 1645 2254 vitto.

949 2273 999 2302 Sic
1026 2273 1193 2302 abscondit
1217 2281 1273 2302 vos
1287 2273 1372 2301 Deus
1398 2272 1431 2300 in
1460 2270 1648 2300 abscondito

949 2319 1149 2348 tabernaculi
1166 2318 1227 2347 sui.
1253 2319 1387 2354 Vacate,
1403 2317 1511 2353 itaque
1523 2338 1532 2352 ,
1546 2316 1647 2345 dilec-

949 2365 1081 2401 tIssimi,
1094 2366 1122 2393 et
1136 2365 1247 2400 ridete,
1265 2363 1410 2401 quoniam
1424 2363 1483 2400 ipse
1499 2364 1541 2391 est
1552 2363 1645 2391 Deus.

948 2410 1066 2439 Verum
1082 2411 1118 2439 ut
1137 2410 1198 2439 hoc
1213 2408 1403 2447 quandoque
1431 2407 1577 2445 possitis,
1592 2415 1648 2436 cu-

949 2455 1083 2484 randum
1113 2456 1161 2484 est
1188 2454 1280 2484 vobis
1307 2454 1415 2491 prius,
1439 2452 1477 2481 ut
1507 2451 1647 2481 videatis

949 2500 1027 2536 quid
1051 2499 1128 2529 estis
1142 2507 1216 2536 vos,
1232 2500 1265 2528 et
1283 2498 1375 2535 juxta
1400 2497 1545 2534 ejusdem
1568 2497 1646 2525 Pro-

948 2545 1055 2582 phetae
1079 2553 1192 2574 vocem
1209 2566 1218 2582 ,
1245 2546 1351 2574 Sciant
1374 2544 1474 2581 (lentes
1500 2542 1647 2579 quoniam

949 2590 1083 2619 homines
1106 2592 1186 2619 sunt.
1206 2589 1288 2618 Huic
1317 2587 1439 2624 duplici
1464 2585 1647 2615 considera-

949 2635 1028 2664 tioni
1047 2636 1110 2663 tota
1126 2635 1194 2664 haec
1209 2634 1314 2664 vestra
1328 2631 1453 2661 vocatio
1467 2631 1645 2667 tribuatur,

948 2680 1033 2710 sicut
1060 2680 1193 2711 Sanctus
1218 2678 1326 2709 orabat
1354 2686 1363 2706 τ
1389 2677 1474 2707 Deus
1498 2677 1645 2709 noverizn
