1830 3073
517 187 572 215 DE
596 184 807 215 DIVERSIS
825 185 973 212 SERMO
994 186 1137 213 xxle.

112 244 247 285 proinde
264 241 366 274 radici
392 241 555 271 inhaerens
571 241 662 271 labor
677 240 808 277 similiS,

111 300 175 321 non
196 290 348 322 similiter
367 287 467 317 habet
490 287 599 325 perire
625 296 633 315 :
657 285 809 324 quoniam

110 338 269 368 radicatus
278 335 326 365 est
338 334 372 364 in
383 341 434 372 ea,
443 341 515 371 quae
526 340 702 371 numquam
710 331 808 370 perit,

112 382 305 413 aeternitate.

150 429 180 458 5.
196 427 344 465 Denique
365 425 391 455 si
417 425 499 455 forte
514 432 578 453 non
594 423 723 462 quidem
740 422 809 451 illi-

109 473 172 503 cita
183 495 191 510 ‚
207 480 268 502 nec
284 473 394 501 tamen
409 469 618 509 expedientia
633 468 807 505 sectantes,

107 519 207 557 priori
226 517 360 547 forsitan
374 516 586 547 fornicatione
602 514 729 551 relicta,
745 515 809 544 ste-

106 564 258 594 tissemus
279 563 313 592 in
333 561 474 599 conjugii
491 561 640 590 castitate
652 581 660 597 ,
676 567 742 589 non
757 567 808 589 ca-

106 609 236 647 pientes
251 609 336 647 quod
353 608 394 639 de
410 607 522 638 caelibe
537 606 605 636 vita
621 605 732 635 datum
748 614 808 635 no-

106 655 212 684 vimus
228 663 297 685 esse
313 653 482 684 consilium
496 660 504 690 ς
525 651 582 682 sed
595 659 613 681 a
627 651 753 689 rapinis
775 652 807 683 et

105 701 274 730 fraudibus
303 699 520 735 abstinentes,
546 697 639 727 licite
667 698 806 736 propriis

105 746 201 775 rebus
215 747 394 782 uteremur,
408 744 548 774 necdum
560 743 670 772 tamen
683 743 722 772 ad
734 751 808 781 per-

105 791 279 820 fectionem
292 789 513 827 evangelicam
528 789 742 827 attingentes,
762 789 807 820 si-

105 835 161 865 cut
182 835 340 874 scriptum
357 836 406 865 est
419 857 428 872 ,
444 836 478 865 Si
491 836 537 865 vis
553 844 614 866 esse
637 835 804 874 per-fectus³

104 881 197 919 rade,-
207 883 234 911 et
249 882 341 911 vende
357 882 461 911 omnia
476 889 543 919 quae
557 880 650 911 habes
663 903 672 918 .,
686 883 713 910 ct
724 883 804 918 veni,

102 935 223 966 sequere
238 935 286 956 <me
302 937 312 957 .·
327 927 388 956 hoc
407 927 514 964 ipsum
529 927 657 964 quantae
673 927 806 965 pietatis

103 973 200 1010 esset,
215 973 242 1002 si
258 981 276 1002 a
291 972 389 1002 tantis
405 971 595 1002 criminibus
608 994 617 1010 ,
633 972 667 1001 in
687 973 805 1011 quibus

103 1018 199 1047 multi
222 1027 264 1047 ex
281 1019 374 1048 vobis
396 1018 560 1055 involuti,
585 1019 690 1048 solum
710 1019 745 1048 in
770 1027 804 1048 se

102 1071 293 1100 responsum
325 1064 438 1093 mortis
462 1065 496 1094 et
521 1063 684 1100 judicium
708 1064 805 1094 certae

102 1109 320 1138 damnationis
334 1109 507 1147 haberent,
524 1109 635 1139 datum
651 1109 737 1140 esset
750 1110 804 1140 vel

101 1153 137 1183 in
172 1154 319 1184 inferiori
345 1155 457 1192 aliquo
488 1154 652 1192 respirare
678 1154 804 1193 gradu?

100 1199 257 1237 Prodigus
273 1200 361 1228 certe
376 1199 463 1228 filius
477 1199 518 1229 ad
530 1199 671 1229 tiliorum
686 1208 805 1230 nume-

99 1252 171 1274 rum
188 1244 353 1282 adspirare
367 1244 524 1282 timebat,
539 1244 672 1274 beatum
697 1253 732 1275 se
752 1253 804 1275 re-

99 1291 240 1328 putans,
255 1291 282 1320 si
303 1290 387 1320 forte
401 1290 456 1320 vel
470 1290 505 1319 in
527 1290 803 1320 mercenariorum

101 1344 239 1365 numero
254 1335 358 1374 recipi
372 1336 556 1366 mereretur
572 1344 580 1365 τ
596 1335 733 1366 minime
755 1337 804 1366 ta-

104 1388 180 1410 men
200 1380 350 1411 sufficere
371 1380 479 1418 potuit
497 1382 642 1418 paternae
666 1381 801 1419 pietati,

100 1426 237 1456 nisitam
251 1427 413 1465 copiosam
428 1426 461 1456 ei
471 1426 727 1457 misericordiam
742 1435 803 1457 ex-

99 1469 231 1501 hiberet
244 1493 253 1509 ,
275 1471 327 1501 cui
343 1472 452 1510 posset
469 1471 502 1501 et
521 1471 591 1509 ipse
603 1493 612 1509 ,
628 1472 684 1510 qui
705 1480 802 1501 num-

99 1525 196 1554 quam
219 1526 236 1547 a
260 1518 352 1556 patre
374 1518 570 1556 recesserat,
592 1519 701 1548 senior
715 1518 801 1549 filius

97 1563 259 1593 invidere.
276 1563 328 1593 Sic
341 1566 374 1594 et
384 1571 454 1602 nos,
467 1563 684 1601 dilectissimi,
697 1564 801 1594 abun-

98 1608 213 1638 danter
242 1609 341 1639 effusa
367 1617 467 1647 super
495 1617 553 1639 nos
579 1610 800 1640 misericordia

99 1654 160 1683 Dei
177 1655 300 1693 nostri,
316 1655 356 1685 de
379 1655 457 1684 filiis
477 1655 534 1685 irae
559 1656 593 1685 et
605 1655 800 1686 diffidentiae

98 1707 162 1729 non
178 1701 280 1729 solum
302 1701 337 1730 in
353 1701 532 1731 electorum
546 1701 673 1738 recepit
683 1709 802 1731 nume-

98 1753 189 1782 rum,
208 1747 266 1775 sed
279 1746 408 1775 vocavit
432 1745 473 1775 ad
488 1746 659 1783 collegium
674 1747 800 1784 perfec·

99 1791 217 1819 torum.
235 1792 311 1819 Nam
325 1791 384 1820 etsi
402 1791 484 1820 forte
500 1791 683 1829 aliquorum
695 1794 801 1830 negli-

100 1835 208 1871 gentia
232 1836 271 1865 ad
292 1836 528 1874 perfectionem
555 1844 622 1866 non
644 1838 799 1876 assurgit,

99 1881 159 1917 ipsi
183 1880 327 1911 viderint
349 1882 427 1919 quid
443 1882 661 1912 excusationis
677 1884 800 1921 possint

98 1924 214 1954 afferre
238 1933 245 1954 :
270 1926 422 1963 quoniam
450 1926 659 1963 apostolicam
688 1936 799 1958 ornnes

98 1979 154 1999 nos
177 1971 279 1999 vitam
301 1970 437 2009 professi
459 1979 590 2008 sumus,
615 1973 798 2009 apostolicae

96 2015 288 2053 perfectioni
313 2017 444 2046 nomina
465 2016 615 2047 dedimus
639 2018 796 2048 universi.

97 2062 187 2099 Quod
202 2071 278 2092 sane
304 2070 368 2091 non
384 2063 424 2092 de
440 2071 478 2092 ea
494 2063 594 2101 glorIa
616 2064 797 2094 sanctitatis

96 2107 254 2145 dixerim,
268 2116 365 2145 quam
390 2116 455 2137 non
483 2109 544 2138 sibi
565 2111 714 2148 tantum,
741 2111 795 2140 sed

97 2153 248 2183 universo
265 2154 333 2183 orbi
346 2153 511 2192 suscipere
523 2156 734 2194 meruerunt,
751 2157 795 2186 si-

96 2201 151 2228 cut
166 2199 321 2236 scriptum
337 2200 397 2237 est,
414 2201 587 2238 Suscipiunt
610 2203 728 2232 ”tontes
738 2212 796 2241 pa-

96 2253 159 2273 cem
181 2246 310 2282 populo,
323 2247 351 2275 ct
366 2246 453 2275 colles
474 2246 628 2281 justitiam
644 2256 654 2276 :
670 2247 727 2276 sed
754 2247 794 2277 de

99 2295 208 2317 eorum
238 2290 346 2326 potius
368 2289 588 2328 professione,
614 2299 711 2329 quam
736 2301 794 2330 pro

99 2333 246 2363 omnibus
261 2335 374 2364 Petrus
388 2335 530 2373 loquitur
542 2358 551 2374 ,
567 2337 699 2367 dicens:
717 2339 794 2369 Ecce

100 2386 153 2405 nos
168 2378 344 2416 reliquimus·
358 2382 474 2416 omnia,
488 2386 514 2410 cl
528 2383 623 2411 secuti·
634 2391 739 2413 simius
755 2386 791 2414 te.

139 2421 168 2450 [ι.
182 2422 242 2451 Sed
256 2423 321 2459 jam
330 2425 458 2454 omnino
469 2433 520 2455 me
535 2426 656 2465 movet,
667 2428 794 2459 Fratres

98 2467 161 2495 mei
173 2489 181 2503 ,
205 2468 281 2505 quid
296 2469 357 2498 sibi
373 2470 471 2508 velit,
492 2472 578 2508 quod
598 2473 706 2502 minus
721 2481 793 2512 erga

97 2520 154 2541 nos
170 2512 313 2543 liberalis
325 2523 410 2545 nunc
428 2516 537 2546 divina
558 2518 730 2548 clementia
741 2521 793 2551 vi—

97 2557 222 2596 deatur,
234 2559 270 2588 ut
284 2560 400 2598 quibus
413 2561 500 2591 tanta
515 2562 650 2593 contulit
665 2572 728 2594 non
743 2573 792 2594 ro-

97 2603 260 2643 gantibus,
274 2613 338 2634 non
354 2605 629 2646 desiderantibus,
647 2609 744 2640 immo
760 2611 790 2641 et

1506 192 1546 222 53

845 238 979 269 fortasse
996 240 1222 269 recusantibus
1238 249 1246 269 τ
1264 249 1350 272 nunc
1365 244 1550 284 orantibus,

844 285 1090 315 obsecrantibus
1105 306 1114 321 ,
1161 285 1399 323 postulantibus
1441 292 1548 329 saepis-

843 330 923 360 sime.
938 352 946 368 ,
965 330 1065 360 immo
1089 330 1262 368 continue«,
1277 331 1429 363 videatur
1446 337 1547 366 multo

844 376 966 405 minora
978 384 1108 414 negare.
1121 376 1206 413 Quid
1222 376 1309 406 enim
1322 378 1483 417 putamus,
1496 389 1546 410 ca-

842 421 981 451 rissimi?
995 422 1193 452 Abbreviata
1208 425 1257 452 est
1269 430 1383 452 manus
1400 423 1547 462 Domini,

842 475 882 497 an
907 467 990 497 sorte
1018 468 1166 498 thesauri
1197 468 1309 506 gratiae
1337 468 1549 500 defecerunt?

841 513 937 550 Quid,
948 513 1093 552 inquam,
1104 515 1270 553 putamus,
1278 515 1389 544 utrum
1398 515 1550 547 voluntas

842 559 964 588 mutata
980 559 1022 589 sit
1031 581 1040 595 ,
1053 567 1094 589 an
1106 559 1280 589 imminuta
1294 558 1452 589 facultas?
1466 560 1548 589 Neu-

840 603 927 633 trum
938 613 1013 634 sane
1024 605 1062 634 de
1074 613 1111 634 eo
1123 605 1283 635 aestimare
1291 605 1382 642 licet,
1395 605 1546 635 neutrum

841 649 888 679 fas
904 652 953 680 est
973 651 1106 680 credere
1123 651 1165 680 de
1193 651 1409 689 omnipotenti
1432 651 1465 681 et
1486 651 1550 680 im-

840 695 990 724 mutabili
1002 695 1183 732 majestate.
1197 696 1281 733 Quid
1297 696 1360 726 sibi
1372 696 1444 726 vult
1459 705 1549 735 ergo,

840 742 926 779 quod
941 741 1142 772 incessanter
1156 742 1285 772 orantes
1295 764 1304 779 ,
1321 742 1547 780 obsecrantes,

839 787 1040 825 postulantes
1051 810 1060 826 ,
1089 797 1152 818 non
1182 789 1399 825 exaudimur,
1429 789 1550 826 quibus

839 832 961 862 tantam
977 834 1011 863 et
1024 834 1090 863 tam
1102 833 1276 872 gratuitam
1291 833 1546 864 misericordiam

839 879 1054 917 praerogavit?
1081 880 1160 909 Nam
1190 880 1218 910 si
1252 878 1448 919 respondeat
1475 880 1548 918 quis

838 925 925 962 quod
939 926 1088 964 Apostolo
1102 926 1200 956 Paulo
1211 934 1404 965 responsum
1421 925 1470 955 est
1481 925 1548 955 suf—

838 971 935 1001 ficere
949 972 1043 1002 nobis
1055 972 1191 1010 gratiam
1204 972 1265 1001 Dei
1282 980 1290 1001 τ
1305 972 1402 1010 plane
1414 972 1549 1001 omnino

838 1016 975 1056 fallitur,
993 1026 1066 1047 cum
1080 1026 1139 1056 pro
1154 1026 1192 1048 ea
1204 1025 1301 1056 quam
1315 1016 1458 1047 maxime
1472 1018 1545 1047 uni-

837 1070 941 1093 versae
957 1064 1120 1093 orationes
1128 1085 1138 1102 ,
1150 1062 1390 1094 obsecrationes
1402 1084 1412 1100 ,
1430 1063 1463 1092 et
1473 1070 1546 1101 pos-

838 1107 1014 1139 tulationes
1031 1108 1149 1139 nostrae
1163 1108 1262 1147 fiant,
1282 1116 1326 1139 ne
1340 1107 1546 1138 ambulemus

838 1152 872 1182 in
883 1153 1019 1191 magnis,
1035 1153 1092 1184 aut
1105 1153 1140 1184 in
1149 1153 1355 1183 mirabilibus
1363 1161 1461 1192 super
1474 1161 1544 1190 nos,

837 1199 967 1229 orantes
980 1198 1075 1229 nobis
1089 1199 1158 1229 dari
1174 1198 1409 1236 humilitatem,
1421 1199 1545 1237 quanta

837 1243 933 1273 decet
944 1266 953 1282 ,
967 1252 1033 1274 non
1048 1244 1120 1274 dico
1134 1244 1279 1282 sanctos,
1295 1244 1354 1274 sed
1367 1244 1544 1274 monachos

836 1290 1023 1326 peccatores
1037 1297 1046 1318 ι
1060 1289 1267 1319 obsecrantes
1281 1288 1474 1327 patientiam
1488 1297 1545 1318 no-

836 1334 887 1364 bis
901 1335 1002 1365 tribui
1012 1357 1021 1373 ,
1038 1335 1158 1373 quanta
1173 1343 1236 1364 non
1253 1334 1326 1365 dico
1342 1334 1377 1364 in
1390 1335 1543 1373 Martyri—

834 1378 896 1409 bus
910 1379 1059 1417 inventa,
1075 1379 1132 1410 sed
1146 1379 1339 1418 professioni
1354 1379 1473 1410 nostrae
1483 1388 1544 1410 ne-

835 1424 975 1455 cessaria
1008 1426 1078 1463 est3
1116 1425 1317 1464 postulantes
1350 1425 1537 1455 caritatem.

833 1471 989 1508 quantam
1003 1479 1068 1500 non
1076 1470 1148 1501 dico
1163 1471 1307 1509 AngeliS,
1325 1471 1383 1501 sed
1394 1470 1544 1500 Patribus

834 1516 952 1547 nostris
964 1539 974 1554 ,
992 1517 1048 1556 qui
1063 1517 1156 1547 fuere
1173 1517 1321 1547 homines
1337 1516 1462 1547 similes
1483 1524 1542 1546 no—

834 1561 883 1592 bis
897 1563 1088 1602 passibiles,
1105 1563 1204 1594 etiam
1220 1564 1254 1593 et
1268 1563 1476 1602 peccatores,
1493 1563 1542 1593 di-

832 1607 911 1638 vino
936 1617 1076 1639 munere
1105 1609 1256 1639 collatam
1285 1609 1474 1648 agnovimus
1499 1617 1541 1639 ex

833 1652 1020 1684 testimonio
1042 1655 1293 1692 Scripturarum.

873 1699 904 1728 5.
920 1700 975 1729 Vae
985 1700 1188 1738 generationi
1197 1700 1276 1730 huic
1287 1700 1416 1730 miserae
1427 1700 1466 1730 ab
1478 1700 1541 1730 im-

832 1744 1033 1781 perfectione
1062 1754 1118 1776 sua
1128 1768 1137 1783 ,
1161 1745 1214 1776 cui
1235 1746 1383 1776 sufficere
1408 1746 1540 1777 videtur

833 1789 1078 1828 insufficientia,
1094 1791 1194 1820 immo
1210 1791 1322 1830 inopia
1335 1792 1444 1822 tanta!
1460 1793 1539 1829 Quis

834 1835 921 1863 enim
956 1835 997 1865 ad
1023 1835 1261 1874 perfectionem
1295 1836 1405 1874 illam,
1440 1845 1538 1875 quam

832 1879 1006 1918 Scriptura}
1020 1877 1173 1920 tradunt',
1188 1882 1244 1912 vel
1261 1881 1429 1920 adspirare
1444 1883 1538 1913 vide-

832 1925 904 1955 tur?
915 1927 981 1955 Non
994 1926 1063 1956 sine
1076 1935 1172 1957 causa
1184 1935 1273 1965 sane,
1283 1936 1357 1957 cum
1369 1927 1434 1957 sint
1444 1929 1537 1958 nobis

832 1971 944 2000 eadem
969 1981 1041 2002 cum
1062 1973 1210 2003 Patribus
1232 1973 1451 2004 conversionis
1472 1974 1537 2004 ini-

830 2016 888 2054 tIa,
905 2017 1013 2055 dispar
1027 2018 1122 2048 valde
1138 2018 1391 2048 conversationis
1406 2020 1535 2057 profec-

828 2061 882 2091 tus
898 2062 1066 2093 invenitur
1085 2071 1093 2092 t
1116 2063 1196 2093 adeo
1210 2064 1249 2093 ut
1272 2072 1344 2093 cum
1361 2064 1447 2102 ipsos
1460 2073 1535 2103 pro-

830 2106 944 2137 fecisse
963 2108 1003 2138 de
1020 2108 1072 2138 die
1086 2109 1119 2138 in
1136 2109 1224 2139 diem
1236 2131 1245 2144 ,
1261 2110 1295 2139 et
1310 2118 1440 2140 cursum
1456 2119 1534 2140 con-

828 2162 1004 2185 summasse
1023 2156 1189 2194 legamus3
1212 2157 1297 2194 apud
1319 2164 1377 2186 nos
1398 2164 1534 2194 magnus

828 2201 1065 2240 aestimaretur,
1087 2203 1112 2231 si
1139 2202 1211 2240 quis
1230 2203 1284 2232 vel
1305 2202 1375 2240 ipsa
1397 2211 1534 2233 conver-

827 2247 926 2276 sionis
949 2256 1016 2278 suae
1040 2248 1215 2286 primordia
1243 2249 1468 2286 conservaret,
1495 2250 1533 2280 ut

826 2300 890 2322 non
907 2293 1015 2324 minus
1031 2294 1165 2324 humilis
1188 2295 1243 2324 aut
1261 2294 1450 2333 timoratus,
1466 2303 1530 2326 non

826 2338 932 2369 minus
948 2341 1109 2370 sollicitus
1125 2341 1159 2370 et
1173 2341 1429 2379 circumspectus
1442 2364 1451 2379 ,
1466 2350 1530 2372 non

825 2384 933 2415 minus
948 2385 1079 2416 fervens
1105 2385 1222 2424 spiritu
1235 2407 1245 2425 ,
1261 2395 1328 2417 non
1345 2387 1453 2417 minus
1473 2396 1531 2425 pa-

826 2430 911 2460 tiens
926 2439 962 2460 ac
978 2433 1168 2462 mansuetus
1183 2432 1217 2461 in
1229 2432 1357 2469 medio,
1373 2441 1470 2470 quam
1496 2433 1528 2461 in

826 2475 921 2506 initio
932 2477 1112 2508 videretur.
1125 2478 1267 2515 Quantos
1279 2478 1367 2508 enim
1380 2478 1528 2507 videmus

825 2522 916 2559 quasi
928 2523 1043 2553 oblitos
1052 2523 1103 2553 sui
1119 2523 1152 2553 et
1163 2524 1370 2561 peccatorum
1382 2530 1527 2559 suorum,

824 2566 884 2596 Dei
900 2576 1028 2606 quoque
1044 2568 1318 2598 etheneticiorum
1331 2567 1400 2604 ejus
1413 2567 1527 2597 imme.-

827 2620 929 2644 morcs
965 2614 1010 2644 sic
1022 2622 1086 2646 non
1101 2614 1282 2650 redimere,
1303 2612 1359 2643 scd
1378 2612 1525 2645 amittere
