1846 3078
560 246 732 274 FLORES
761 247 782 275 a
803 247 831 274 s.
863 246 1122 275 nnnNAssno.
1486 254 1540 282 1061

119 300 234 331 Melius
249 301 298 331 est
320 300 357 330 ut
375 300 561 330 scandalum
577 302 710 340 oriatur,
721 310 817 340 quain
894 302 964 332 sive
979 303 1148 340 scriptura.
1167 302 1243 332 ibid.
1263 312 1293 334 n.
1307 306 1338 342 6,
1354 316 1442 337 ›em-m.
1462 309 1499 338 18
1511 311 1546 338 110

162 347 283 377 veritas
298 345 512 384 relinquatur.
529 349 628 385 Epist.
644 348 696 376 78.
893 349 951 378 cliv.

119 392 180 430 Qui
192 400 226 422 se
239 391 301 421 sibi
315 391 503 428 magistrum
515 393 705 429 constituit,
719 392 820 422 stulto
851 393 986 431 Sapiens
1005 393 1071 430 est,
1092 392 1144 423 cui
1167 401 1302 431 quaeque
1323 403 1374 424 res
1399 398 1544 434 sapiunt,

157 437 352 475 discipulum
365 437 484 467 subdit.
500 439 599 476 Epist.
616 438 667 468 87.
890 440 988 476 prout
1000 438 1088 469 sunt.

155 528 235 557 mile
250 530 378 558 recusat
390 528 563 565 judicium.
580 530 679 567 Epist.
696 528 748 559 8'4.
891 529 1015 560 invidia
1042 530 1101 560 est.
1128 531 1228 560 Serm.
1258 530 1278 559 5
1305 530 1340 560 de
1367 530 1451 560 verb.
1486 533 1546 561 Isa.

115 572 167 602 Nil
188 573 254 602 tam
272 573 465 611 inglorium,
480 582 576 611 quam
591 573 700 611 glorIae
723 573 817 612 cupi·
890 583 922 604 n.
941 575 990 605 10.

155 618 233 649 (lum
244 618 457 656 deprehendi.
472 620 571 657 Epist.
588 619 658 649 106.
850 619 884 648 In
903 619 988 649 terra
1003 619 1145 657 orimur,
1164 620 1198 650 in
1212 620 1299 651 terra
1314 620 1484 659 morimur,
1500 629 1550 650 rc·-

115 664 264 704 Speranti
283 664 435 702 grandia,
459 664 585 694 modica
606 665 713 695 minus
727 663 816 703 grata
889 666 1056 695 vertentes
1088 666 1123 695 in
1147 673 1219 695 eam
1246 665 1334 696 unde
1366 674 1476 696 sumus
1501 674 1552 696 as-

154 710 271 741 venire
288 710 404 739 solent.
419 711 518 748 Epist.
535 710 605 739 155.
889 711 1021 748 sumpti.
1039 712 1138 741 Serm.
1151 712 1185 741 de
1201 712 1235 741 S.
1247 713 1342 742 Mart.
1358 720 1391 741 n.
1409 712 1439 741 1.

113 756 303 787 Currentem
332 764 398 786 non
431 756 666 794 apprehendit,
697 755 755 794 qui
784 755 816 786 et
849 756 913 786 Res
934 764 1114 794 pauperum
1136 764 1203 786 non
1231 757 1430 794 pauperibus
1451 756 1527 787 (lare
1538 780 1548 795 ‚

151 802 222 841 ipse
233 810 298 833 non
312 802 423 832 currit.
437 803 536 840 Epist.
551 802 624 840 254,
640 811 673 831 n.
684 802 716 831 [ι.
888 809 947 839 par
962 801 1132 839 sacrilegio
1152 802 1276 831 crimen
1299 810 1368 832 esse
1391 802 1552 840 dignosci-

112 849 203 879 Nolle
215 849 370 887 proficere
381 870 391 885 ‚
408 848 456 878 est
471 847 621 878 deficere.
636 848 716 878 Ibid.
889 847 956 876 tur.
985 849 1090 878 Tract.
1108 848 1143 878 cle
1159 849 1247 878 Cont.
1270 848 1376 878 mund.
1403 849 1443 879 ad
1467 849 1549 880 Cler.

113 894 212 924 Nemo
225 893 347 923 invitus
358 893 443 922 bene
453 892 530 922 facit
540 914 550 930 ,
560 893 620 923 etsi
632 893 752 923 bonum
767 891 815 923 est
888 901 920 921 n.
932 892 984 922 21.

849 938 1007 968 Altiorem
1021 938 1152 969 sortitus
1168 947 1202 970 es
1212 939 1338 976 locum,
1351 938 1408 970 sed
1421 947 1486 970 non
1499 940 1552 970 tu·

888 984 1018 1014 tiorem.
1031 986 1092 1023 Ep.
1107 985 1180 1015 ⁶257.

848 1029 937 1060 Sicut
960 1039 1025 1060 non
1048 1039 1144 1061 omne
1169 1029 1359 1069 quodlibet
1383 1030 1480 1069 licet,
1502 1032 1548 1062 sic

887 1085 950 1106 non
958 1085 1051 1107 omne
1060 1077 1231 1115 quodlicet
1240 1076 1548 1115 expedit.Epist.25.

848 1122 944 1158 Cujus
965 1123 1031 1151 vita
1048 1121 1236 1160 despicitur,
1252 1121 1349 1151 restat
1365 1122 1402 1151 ut
1421 1122 1454 1152 et
1468 1130 1550 1160 prae-

154 939 239 977 quod
253 938 341 968 facit.
359 939 457 976 Epist.
470 938 542 968 258.

113 985 262 1022 Magnus,
287 983 343 1022 qui
358 983 506 1014 incidens
526 983 560 1013 in
575 983 727 1022 adversa,
749 993 814 1015 non

154 1030 278 1061 excidit
311 1039 330 1060 a
354 1030 526 1069 sapientia.
562 1032 599 1061 ΙΙ
627 1032 662 1061 de
689 1033 812 1063 consid.

154 1084 221 1113 cap.
239 1075 288 1104 12.

114 1121 209 1150 Canis
229 1121 349 1150 soenum
364 1143 373 1158 ,
387 1120 473 1159 quod
492 1129 557 1151 non
573 1121 713 1152 comedit
724 1143 733 1160 ,
757 1122 815 1152 de-

888 1167 1005 1196 dicatio
1021 1167 1258 1198 contemnatur.
1275 1168 1375 1197 Serm.
1391 1167 1420 1197 1.
1433 1169 1547 1199 Pascit.

886 1221 918 1242 n.
937 1213 986 1243 10.

846 1261 913 1291 Non
930 1260 1006 1291 satis
1021 1260 1176 1292 cecidisse
1189 1261 1279 1300 piget
1293 1261 1459 1292 hominem
1469 1285 1478 1301 ‚
1491 1263 1547 1302 qui

886 1306 991 1336 adhuc
1015 1308 1125 1336 manet
1141 1307 1176 1336 in
1199 1306 1334 1337 lubrico.
1357 1309 1457 1338 Serm.
1480 1309 1492 1338 1
1517 1310 1548 1339 in

886 1352 999 1382 Pasch.
1017 1361 1048 1381 n.
1067 1352 1116 1382 16.

846 1396 1006 1428 Indicium
1022 1407 1107 1428 verae
1120 1398 1376 1436 compunctionis
1391 1399 1457 1438 est,
1471 1400 1548 1430 sub-

153 1165 270 1196 rendit.
294 1168 393 1204 Epist.
409 1167 580 1204 5ll,num.
599 1166 629 1196 l.

116 1211 150 1241 Si
172 1213 280 1250 sapis,
302 1213 458 1242 concham
478 1214 510 1242 te
532 1211 724 1250 exhibebis,
749 1221 814 1242 non

153 1259 310 1288 canalem.
323 1260 421 1288 Serm.
436 1259 474 1289 18
487 1260 517 1288 in
531 1260 621 1288 Cant.
636 1267 723 1288 num.
735 1260 765 1288 5.
783 1261 815 1289 Izi

151 1305 206 1340 est,
220 1305 291 1333 ,Non
305 1305 393 1343 prius
412 1305 555 1341 effundes,
578 1313 673 1343 quam
693 1306 814 1344 ipsemet

158 1350 304 1380 abundes.

113 1396 259 1426 Pastores
280 1404 297 1424 a
318 1395 530 1425 mercenariis
550 1396 733 1433 persecutio
749 1395 814 1427 dis-

886 1444 1002 1474 tractio
1016 1443 1205 1474 occasionis.
1220 1444 1299 1474 Ibid.

846 1489 1030 1519 Perniciosa
1047 1490 1220 1527 paupertas
1232 1512 1241 1528 ,
1255 1489 1393 1527 penuria
1414 1491 1549 1521 merito-

885 1542 975 1572 ru1n3
992 1535 1202 1573 praesumptio
1218 1536 1340 1573 autem,
1353 1535 1484 1567 fallaces
1498 1537 1548 1567 ‹li-

887 1578 987 1608 vitiae.
1006 1580 1106 1609 Serm.
1123 1579 1162 1609 68
1175 1581 1206 1609 in
1223 1581 1314 1610 Cant.
1326 1589 1359 1609 n.
1373 1580 1404 1610 6.

846 1624 1030 1662 Ignorantia
1050 1633 1115 1654 non
1132 1626 1240 1663 potest
1265 1633 1422 1657 excusare
1446 1635 1520 1657 cum
1537 1652 1544 1666 ,

886 1670 942 1707 qui
961 1678 995 1700 se
1015 1671 1204 1708 magistrum
1222 1669 1393 1701 infantium
1415 1673 1548 1710 prolite-

884 1715 949 1744 tur.
979 1716 1084 1744 Tract.
1114 1716 1149 1745 de
1174 1716 1256 1745 cont.
1279 1724 1367 1745 mim.
1392 1718 1433 1747 acl
1463 1719 1543 1748 (Iler.

885 1768 952 1798 cap.
970 1760 1001 1797 5,
1013 1769 1046 1789 n.
1064 1760 1114 1790 15.

846 1804 999 1842 Indignus
1013 1805 1097 1835 lacte
1114 1805 1146 1835 et
1163 1805 1235 1835 lana
1247 1805 1452 1837 convincitur
1464 1829 1472 1845 ,
1489 1810 1544 1847 qui

883 1859 948 1880 non
962 1852 1066 1889 pascit
1081 1859 1169 1881 oveS.
1186 1851 1263 1882 lbid.
1276 1852 1328 1881 ΞΟ.

844 1896 899 1927 Vae
912 1896 983 1935 tibi,
999 1896 1136 1927 clerice!
1154 1905 1239 1926 mors
1251 1896 1284 1926 in
1299 1896 1372 1927 ollis
1387 1898 1543 1937 carnium,

883 1951 970 1973 mors
994 1942 1029 1972 in
1053 1942 1189 1973 deliciis.
1215 1942 1294 1973 Ibid.
1321 1951 1354 1972 n.
1379 1943 1431 1974 20.
1461 1947 1544 1976 Nam

155 1441 272 1471 cernit.
289 1443 333 1471 De
350 1443 443 1472 Cone.
461 1442 499 1471 acl
516 1443 596 1472 Cter.
611 1452 678 1480 cap.
690 1442 742 1471 22.

113 1486 208 1516 Grata
233 1486 408 1524 ignominia
430 1487 536 1517 crucis
557 1487 607 1525 ei,
627 1488 683 1525 qui
705 1486 815 1518 Cruci-

153 1532 219 1561 fixo
230 1532 374 1571 ingratus
387 1539 454 1563 non
469 1533 530 1563 est.
543 1534 643 1564 Serm.
655 1534 708 1571 25,
722 1535 812 1565 Cant.

152 1587 185 1607 n.
200 1578 232 1608 8.

111 1624 190 1654 Cum
212 1623 333 1654 femina
348 1632 477 1663 semper
493 1632 562 1655 esse
573 1646 582 1663 ,
606 1625 639 1656 et
652 1633 719 1655 non
734 1633 813 1663 pec-

152 1677 225 1699 care
239 1678 314 1699 cum
326 1670 447 1700 femina
457 1692 466 1708 ,
478 1671 551 1708 plus
564 1672 612 1700 est
624 1679 721 1708 quam
733 1680 813 1700 mor-

152 1716 246 1746 tuum
272 1715 441 1747 suscitare.
468 1717 568 1747 Serm.
599 1716 639 1747 65
661 1718 696 1747 in
720 1718 811 1747 Cant.

151 1769 185 1791 n.
201 1760 233 1791 [ι.

112 1804 292 1836 Familiaris
309 1805 460 1836 dominus
485 1805 612 1838 fatuum
626 1807 729 1838 nutrit
743 1816 812 1838 ser-

150 1860 241 1882 vum.
254 1853 354 1882 Serm.
367 1854 447 1882 cont.
463 1854 517 1883 vil.
534 1854 648 1891 ingrat.

111 1897 238 1928 Divinae
251 1898 434 1928 clementiae
446 1899 495 1928 est
507 1898 667 1937 denegare
679 1898 813 1937 ingratis

150 1952 222 1981 quae
236 1943 410 1982 postulant.
425 1945 442 1974 Ι
446 1944 505 1973 bid.
515 1953 621 1984 nempe
632 1954 670 1975 ne
684 1945 811 1983 majoris

880 1989 1007 2026 peccata
1019 1988 1126 2026 populi
1138 1988 1279 2018 comedis.

844 2034 910 2071 Vae,
924 2034 980 2071 qui
994 2034 1141 2063 viventes
1157 2033 1192 2062 in
1204 2041 1301 2063 carne
1321 2034 1389 2064 Deo
1408 2034 1541 2073 placere

883 2087 949 2108 non
964 2080 1118 2117 possunt,
1135 2079 1168 2108 et
1186 2079 1317 2118 placare
1332 2082 1543 2118 praesumunt.

150 1990 380 2028 inqratitmlinis
391 1990 437 2019 rei
447 1990 537 2027 fiant.

111 2035 261 2067 Suaviter
268 2035 370 2072 natat,
380 2035 473 2071 cujus
482 2035 564 2065 alter
574 2036 713 2068 sustinet
720 2045 806 2067 men-

149 2080 231 2111 tum.
246 2081 344 2110 Serm.
362 2080 400 2109 12
416 2081 449 2110 in
462 2082 552 2111 Cant.
568 2090 654 2112 num.
670 2083 702 2113 8.

110 2125 230 2156 Onerat
247 2133 305 2155 nos
318 2125 426 2162 Deus,
443 2134 516 2155 cum
533 2129 690 2158 exonerat
705 2137 713 2157 :
735 2137 807 2159 one·
883 2127 929 2155 De
945 2127 1038 2156 Corw·
1057 2127 1096 2155 cul
1111 2127 1192 2156 Cler-

149 2172 200 2202 rat
214 2170 392 2208 beneficio,
407 2180 480 2201 cum
493 2174 651 2203 exonerat
664 2176 808 2212 peccato.
843 2171 937 2201 Zelus
971 2171 1091 2209 absque
1118 2171 1256 2201 selemia
1280 2171 1359 2202 (lum
1392 2171 1546 2210 prodesse

147 2217 248 2247 Serm.
262 2217 300 2246 15
315 2218 347 2248 ῑη
362 2218 480 2247 Psalm.
492 2219 552 2257 Qui
565 2218 747 2250 habituum
763 2221 792 2250 1.
883 2216 1029 2253 festinat,
1039 2216 1206 2247 invenitur
1214 2218 1337 2248 obesse·
1350 2217 1427 2248 lbid-
1443 2227 1476 2248 oz.
1492 2220 1543 2249 58-

109 2263 346 2293 contendamus
360 2263 490 2301 placere
505 2264 656 2295 omnibus
670 2274 730 2304 per
745 2274 811 2296 om-
844 2262 992 2292 Anifflam
1015 2262 1076 2292 Dei
1100 2271 1251 2301 capacem
1263 2285 1274 2301 2
1299 2263 1458 2301 quidquid
1478 2265 1545 2293 Deo

883 2308 991 2338 minus
1011 2309 1082 2346 est,
1107 2316 1174 2339 nou
1195 2308 1358 2347 implebit.
1378 2311 1426 2339 De
1454 2311 1542 2340 Cont.

883 2364 970 2385 mun.
988 2363 1020 2384 n.
1033 2355 1085 2384 55.

117 483 153 512 In
174 482 335 513 similibus
357 482 449 512 sactis
471 491 566 513 causa
586 483 753 513 dissimilis
851 484 963 514 Nullus
974 485 1042 514 tam
1055 483 1160 521 gravis
1175 483 1321 522 pruritus
1335 485 1418 513 oculi
1432 507 1440 522 ‚
1453 495 1546 524 quam

148 2308 204 2338 nia
217 2329 226 2345 ,
241 2308 299 2338 sed
313 2308 344 2338 ei
357 2309 500 2339 maxime
513 2311 569 2347 qui
585 2312 635 2342 est
648 2312 811 2343 maximus

149 2362 247 2392 super
257 2354 377 2384 omnia.
394 2354 474 2384 Ibid.
486 2364 520 2384 n.
536 2355 567 2385 [ι.

109 2400 216 2431 inanis
227 2399 395 2430 excusatio
408 2399 602 2431 dehumaua
611 2401 809 2442 obedientia,
843 2400 968 2430 Saliens
990 2400 1165 2438 antequam
1186 2397 1318 2438 videat,
1335 2406 1466 2430 casurus
1487 2405 1542 2428 an-

148 2445 206 2476 ubi
220 2445 256 2475 in
269 2447 374 2476 Deum
390 2447 598 2478 convincitur
611 2447 695 2478 sacta
706 2449 810 2480 trans-
884 2446 1018 2484 tequam
1032 2445 1160 2476 debeat.
1179 2445 1257 2475 lbid.
1269 2445 1321 2474 26.

149 2491 281 2529 gressio.
297 2493 396 2531 Epist.
413 2493 444 2529 7,
459 2501 492 2522 n.
507 2492 541 2525 8.
846 2490 934 2529 [liger
948 2499 1017 2521 sese
1033 2499 1096 2521 non
1109 2490 1252 2521 sentiens
1265 2486 1476 2528 periculosius
1498 2489 1542 2518 l..-

109 2536 187 2575 Quis
202 2536 313 2566 credat
334 2536 474 2575 parieti,
489 2537 517 2568 si
537 2545 571 2568 se
592 2536 680 2569 dicat
697 2534 830 2576 partun·
883 2537 988 2567 horat.
1010 2537 1036 2568 I.
1055 2539 1089 2567 de
1103 2538 1224 2568 consid.
1241 2544 1268 2565 c.
1282 2536 1312 2564 1.

149 2582 215 2613 rire
239 2582 385 2622 radium,
401 2591 500 2622 quem
518 2584 663 2622 suscepit
682 2593 743 2623 per
763 2585 812 2618 se·
847 2583 945 2614 Homo
959 2583 987 2613 si
1002 2583 1146 2614 laborem
1160 2580 1297 2619 refugit,
1312 2586 1378 2609 non
1398 2576 1475 2609 facit
1500 2579 1540 2609 ad

149 2629 303 2660 nestram.
320 2631 420 2660 Serm.
435 2630 455 2659 5
470 2631 503 2660 in
516 2631 607 2661 Cant.
620 2639 654 2660 n.
671 2631 701 2660 5.
883 2632 969 2671 quod
990 2632 1085 2664 natus
1108 2631 1166 2663 cst.
1189 2631 1234 2663 De
1247 2630 1384 2662 contem.
1403 2628 1443 2659 <ed
1458 2628 1538 2660 Cler.

109 2674 178 2706 Non
193 2676 241 2710 est
256 2676 325 2706 laus
341 2674 456 2709 calami
471 2675 644 2709 laudabilis
658 2675 786 2716 pictura
799 2699 810 2716 ,
825 2692 828 2695 ·
887 2688 916 2708 η.
931 2678 982 2708 29.
