1846 3078
543 213 589 241 m
612 209 812 251 CANTJGA

125 267 216 299 sione
247 272 399 307 genarum
437 266 656 305 verecundia,
689 265 821 297 cessisse

128 314 215 352 loco,
226 316 262 344 ut
276 313 332 343 illa
346 320 379 342 se
395 312 527 342 absente
539 312 726 350 loqueretur
739 311 822 340 libe-

127 359 194 389 rius
214 367 286 397 quae
311 357 449 387 sentiret
465 357 543 388 :sed
568 358 601 388 et
625 358 651 388 si
674 356 822 396 pavidior

128 402 188 442 (ut
201 402 334 441 assolet)
351 411 446 441 quam
463 403 657 441 oportuerit,
670 403 703 432 et
717 402 821 439 dejec-

125 448 188 478 tior
208 448 313 478 animo
336 448 420 478 facta
440 450 544 487 esset,
566 448 724 478 sodalium
749 455 820 477 eam

123 494 356 523 consolationes
369 494 540 531 erigerent.
559 494 650 531 Quod
665 494 772 523 tamen
787 493 821 523 et

122 546 182 576 per
194 539 335 577 seipsum
352 540 456 569 facere
470 548 537 569 non
548 539 706 577 neglexit,
719 546 820 576 quan-

122 583 193 613 tum
220 583 378 621 judicavit
399 593 458 622 pro
482 585 628 622 tempore
657 585 816 621 oportere.

120 627 201 658 Nam
228 629 263 658 ut
286 629 408 658 clarum
433 628 635 665 relinqueret
662 627 817 665 quantum

122 673 184 703 sihi
227 673 260 703 in
288 675 345 704 illa
372 673 572 711 correptione
602 671 816 710 complacuit,

120 719 243 757 quippe
269 727 365 757 quam
395 718 496 748 sensit
521 718 637 755 digne,
665 717 698 746 ct
723 718 817 754 prout

121 765 264 801 oportuit
289 764 472 801 acceptari;
499 771 565 792 non
584 770 660 792 sane
686 763 759 800 ante
782 770 816 791 se

121 809 304 839 absentavit
315 830 325 845 ,
338 816 434 846 quam
446 817 487 838 ex
504 807 699 837 abundantia
715 805 817 846 (quod

119 862 182 883 non
193 854 241 884 est
252 854 386 883 dubium
399 852 409 892 )
425 853 529 883 cordis
545 853 773 891 prorumperet
783 853 816 882 in

120 897 232 927 laudes
246 897 377 935 ejus,et
392 906 545 936 genarum
561 897 700 935 collique
716 897 817 936 ipsius

117 943 372 980 pulcritudinem
380 943 632 973 commendaret.
644 943 816 981 Propterea

119 987 153 1017 et
177 988 232 1026 qui
249 997 322 1018 cum
336 989 406 1027 ipsa
421 988 607 1026 remanent,
629 989 746 1019 blande
770 989 817 1018 lo-

118 1035 260 1070 quuntur
272 1034 333 1072 illi,
350 1035 382 1065 et
394 1043 527 1064 munera
542 1034 700 1072 offerunt,
714 1035 818 1065 scien-

118 1079 167 1108 tes
187 1080 316 1110 Domini
338 1080 550 1110 voluntatem.
567 1080 612 1109 Ad
636 1080 721 1117 ipsos
742 1088 816 1119 ergo

118 1125 282 1162 responsio
299 1125 378 1163 ejus.
391 1126 428 1154 Et
439 1125 590 1155 litteralis
600 1125 732 1163 quidem
741 1133 818 1156 con-

116 1168 222 1200 textio
237 1171 409 1200 schematis
424 1171 469 1200 ita
483 1179 517 1200 se
530 1171 640 1200 habet.

157 1214 190 1244 2.
207 1215 271 1245 Sed
292 1217 481 1254 priusquam
503 1224 545 1245 ex
565 1216 624 1245 hac
648 1215 730 1246 testa
753 1180 852 1264 nu-1

117 1259 225 1290 eleum
241 1261 373 1299 spiritus
386 1262 504 1292 elicere
517 1261 725 1299 inchoemus,
743 1241 833 1292 dico

116 1313 217 1335 unum
232 1306 387 1337 breviter.
401 1307 512 1345 Felix,
527 1307 579 1337 cui
594 1316 650 1337 sua
667 1305 833 1346 objurga-

847 209 995 240 SERMO
1020 213 1126 240 XLII.
1488 215 1546 246 289

856 264 925 303 est3
943 265 975 296 et
993 266 1078 305 quod
1093 265 1178 296 dixit
1198 264 1383 306 Prophetae,
1411 269 1494 301 dixit
1514 268 1548 300 et

855 311 1012 349 Apostolis
1042 321 1050 342 z
1074 313 1134 352 Qui
1159 321 1212 343 ros
1238 313 1371 350 spernit,
1403 314 1470 352 ait,
1498 325 1546 345 me

854 359 977 394 spernit.
1004 358 1072 388 Non
1095 366 1166 388 sum
1192 357 1368 396 Propheta,
1394 366 1456 388 non
1475 369 1545 389 sum

853 403 1037 441 Apostolus3
1055 403 1088 434 et
1099 403 1268 442 Prophetae
1283 404 1394 432 tamen
1419 403 1454 432 ct
1467 405 1547 441 Apo-

853 447 926 476 stoli
950 447 1072 487 (audeo
1096 447 1230 488 dicere)
1250 448 1323 478 vicc
1350 447 1467 486 fungor
1487 457 1496 477 :
1513 450 1546 478 et

852 493 968 530 quibus
990 502 1052 524 non
1070 503 1178 533 aequor
1191 494 1335 531 meritis,
1352 501 1464 523 eorum
1486 492 1548 522 im-

852 538 953 574 plicor
981 540 1086 577 curis;
1117 539 1178 570 etsi
1203 539 1243 569 ad
1276 546 1381 568 meam
1411 538 1548 567 multam

851 582 1083 622 confusionem,
1099 584 1160 614 etsi
1175 584 1216 614 ad
1230 583 1349 622 grande
1364 583 1547 622 periculum

851 627 955 664 mihi,
970 637 1068 665 super
1092 630 1279 658 cathedram
1300 629 1399 667 Moysi
1426 628 1522 658 sedeo
1535 650 1545 665 ,

851 672 941 709 cujus
963 674 1073 703 tamen
1092 682 1159 704 non
1172 674 1305 704 vindico
1325 674 1406 703 mihi
1427 675 1545 709 vitam,

849 725 908 747 1100
940 719 1091 757 experior
1119 719 1266 758 gratiam.
1300 719 1385 756 Quid
1413 718 1546 749 tamen?

847 770 926 792 1111111
963 764 1036 794 ideo
1065 765 1227 795 cathedrae
1266 772 1332 794 non
1360 763 1544 797 deferetur,

848 807 999 845 quoniam
1041 811 1196 848 occupata
1235 809 1284 840 est
1317 811 1357 840 ab
1395 809 1547 848 indigno?

848 853 981 883 Etiamsi
1006 854 1126 885 Scribae
1151 854 1186 885 et
1202 855 1357 886 Pharisaei
1378 856 1413 885 in
1434 863 1472 885 ea
1493 862 1545 885 se-

848 898 962 936 deant,
977 900 1081 938 inquit
1099 909 1107 929 ε
1127 902 1200 939 Quae
1215 902 1319 931 dicunt
1333 902 1435 939 facile.

886 945 917 974 5.
931 945 1122 984 Plerumque
1135 946 1235 975 etiam
1248 946 1454 984 impatientia
1469 957 1544 980 con-

847 987 986 1026 temptui
1009 989 1173 1028 jungitur,
1203 989 1249 1019 ita
1273 990 1310 1020 ut
1336 992 1454 1031 aliquis
1477 1002 1543 1024 non

847 1035 948 1064 solum
961 1044 1024 1065 non
1038 1036 1129 1066 curet
1144 1035 1260 1073 corrigi
1276 1036 1473 1076 objurgatus,
1486 1041 1543 1070 sed

846 1079 978 1118 insuper
1008 1079 1190 1117 objurganti
1219 1079 1429 1120 indignetur,
1452 1092 1543 1114 more

831 1125 1029 1167 :phrenetici
1050 1133 1182 1155 manum
1197 1125 1317 1155 medici
1338 1128 1544 1165 repellentis.

832 1170 923 1199 Mira
945 1170 1158 1208 perversitas!
1179 1170 1353 1201 Medicanti
1369 1173 1519 1205 irascitur
1531 1169 1551 1213 ,¹

845 1215 899 1267 qui
922 1224 987 1245 non
1010 1216 1160 1246 irascitur
1181 1216 1366 1254 sagittanti!
1383 1218 1437 1248 Est
1454 1221 1543 1250 0111111

843 1261 896 1299 qui
921 1261 1049 1299 sagittat
1074 1261 1108 1291 111
1133 1262 1267 1292 obscuro
1289 1264 1394 1294 rectos
1423 1266 1542 1304 corde,

844 1307 899 1345 qui
917 1309 949 1337 et
964 1308 1104 1358 teipsum
1118 1316 1204 1337 nunc
1220 1308 1384 1346 sagittavit
1399 1310 1439 1340 ad
1453 1319 1543 1342 mor-

115 1351 161 1381 tio
185 1353 231 1382 sic
253 1353 445 1390 respondet,
468 1353 738 1391 quemadmodum
756 1353 832 1383 ha-
844 1352 927 1389 tem3
942 1353 974 1382 et
990 1352 1024 1382 in
1036 1352 1127 1382 11111111
1142 1360 1205 1382 11011
1219 1355 1449 1385 commoveris?
1462 1357 1541 1386 Mih-

119 1396 236 1428 bemus
261 1398 394 1427 formam
410 1398 577 1436 praesentis
592 1399 666 1428 loci.
684 1399 831 1429 Utinam
829 1374 1044 1443 Ι111411ς113115,
1067 1399 1122 1436 qui
1145 1406 1258 1428 sanum
1279 1398 1312 1428 te
1333 1398 1404 1429 fieri
1421 1402 1542 1440 cupio?

115 1445 217 1482 magis
233 1444 399 1474 neminem
422 1444 589 1482 objurgare
605 1452 737 1475 necesse
751 1446 832 1475 sit!
829 1445 1032 1485 Irascimini,
1056 1443 1180 1481 inquit,
1194 1446 1222 1474 et
1236 1444 1330 1474 nolite
1349 1454 1487 1483 peccare.
1506 1447 1539 1477 Si

117 1491 177 1520 hoc
192 1490 278 1520 enim
295 1490 422 1520 melius.
439 1490 501 1519 Sed
516 1490 665 1528 quoniam
678 1490 713 1520 111
729 1488 831 1520 111111-
843 1490 975 1527 peccato
1000 1489 1150 1519 irasceris
1163 1511 1172 1527 ,
1197 1497 1261 1518 non
1282 1490 1385 1519 solum
1405 1491 1541 1523 minime

115 1536 156 1566 tis
171 1535 365 1565 offendimus
378 1543 508 1572 omnes3
525 1535 607 1565 mihi
626 1535 732 1566 tacere
747 1545 812 1566 non
842 1543 974 1573 peccas,
988 1535 1044 1565 sed
1057 1535 1089 1565 et
1100 1535 1187 1573 quod
1200 1543 1350 1573 peccaras
1360 1557 1369 1574 ,
1383 1537 1542 1568 exterma

113 1581 209 1618 licet,
226 1580 277 1610 cui
294 1589 336 1610 ezx
347 1581 452 1610 officio
466 1581 626 1611 incumbit
641 1583 812 1619 peccantes
829 1576 909 1612 inas.
939 1582 1030 1611 Nunc
1055 1588 1133 1611 vero
1161 1581 1194 1611 et
1218 1581 1389 1618 peccatum
1415 1583 1540 1614 retines

115 1634 268 1664 arguere,
302 1626 403 1664 magis
429 1627 537 1655 autem
565 1627 660 1664 urget
684 1628 810 1658 caritas.
828 1620 1116 1657 <medicamentum
1129 1626 1310 1663 respuendo
1324 1649 1333 1664 ,
1349 1628 1383 1657 et
1404 1636 1540 1666 peccare

112 1670 204 1707 Quod
225 1670 251 1698 si
269 1678 404 1708 arguero
420 1671 452 1700 et
470 1670 576 1700 fecero
592 1671 679 1709 quod
704 1680 811 1702 meum
842 1673 976 1711 apponis
998 1671 1265 1702 irrationabiliter
1291 1672 1480 1711 irascendo;
1507 1677 1542 1706 et

115 1716 184 1753 est,
207 1716 263 1744 illa
288 1716 397 1744 autem
426 1715 606 1753 increpatio
634 1717 811 1755 procedens
843 1719 891 1748 est
905 1725 1002 1755 supra
1017 1717 1146 1747 modum
1161 1724 1299 1755 peccans
1310 1718 1492 1755 peccatum.

113 1761 248 1790 minime
262 1760 349 1798 quod
363 1769 458 1790 suum
468 1762 515 1791 est
531 1761 631 1791 saciat
641 1783 650 1799 ,
662 1770 767 1800 neque
778 1763 811 1793 id

112 1806 152 1836 ad
165 1806 250 1844 quod
266 1806 339 1835 misi
362 1806 452 1835 illam
465 1829 474 1844 ,
491 1807 548 1836 sed
571 1809 756 1838 revertatur
772 1810 811 1839 ad

113 1860 164 1881 me
180 1859 300 1888 vacua,
316 1852 480 1889 tamquam
491 1853 635 1889 jaculum
648 1852 767 1884 feriens
780 1856 810 1884 ct

111 1896 259 1926 resiliens
275 1904 283 1924 :
299 1896 376 1934 quid
397 1904 449 1926 me
473 1897 572 1926 animi
593 1898 668 1927 tunc
690 1898 809 1928 habere

110 1942 247 1980 putatis,
269 1941 406 1971 fratres?
427 1943 539 1972 Nonne
564 1950 681 1980 angor,
703 1951 809 1974 nonne

110 1987 284 2026 torqueor?
299 1988 336 2017 Et
351 1988 387 2017 ut
401 1988 483 2017 mihi
507 1996 661 2026 usurpem
687 1989 809 2027 aliquid

111 2042 153 2063 cx
177 2034 286 2063 verbis
306 2033 465 2072 Magistri,
487 2034 562 2072 quia
583 2034 623 2064 de
649 2035 808 2072 sapientia

108 2087 173 2108 non
182 2087 310 2116 possum
324 2087 332 2116 3
346 2087 473 2116 prorsus
483 2079 627 2109 coarctor
640 2088 657 2109 e
672 2080 807 2118 duobus,

110 2125 142 2154 et
157 2124 234 2162 quid
249 2124 365 2161 eligam
381 2124 489 2154 nescio
506 2133 513 2153 :
527 2125 700 2162 placerene
726 2126 805 2155 mihi

108 2169 142 2199 in
158 2178 195 2200 eo
208 2169 292 2208 quod
306 2170 432 2200 locutus
447 2178 516 2199 sum
525 2191 534 2206 ,
551 2171 702 2208 quoniam
724 2172 806 2209 quod

108 2215 206 2245 debui
220 2215 299 2254 feci3
313 2216 586 2254 anpoenitentIam
600 2225 694 2255 agere
709 2226 807 2256 super

107 2260 207 2289 verbo
228 2268 318 2298 meo,
336 2261 413 2299 quia
430 2261 517 2299 quod
540 2262 649 2299 volui,
671 2271 735 2291 non
757 2271 807 2292 re-

108 2304 192 2342 cepi.
208 2305 303 2334 Volui
317 2305 472 2335 nimirum
486 2306 650 2344 perimere
666 2307 805 2346 hostem,

108 2350 141 2379 ct
150 2350 277 2386 eripere
294 2348 427 2379 fratrem
441 2358 449 2387 3
463 2352 566 2380 etnon
580 2350 641 2380 feci
654 2351 700 2381 510
713 2373 722 2389 ,
739 2360 807 2382 1113-

107 2396 155 2432 gis
169 2394 277 2423 autem
288 2395 483 2424 contrarium
492 2395 611 2424 accidit
629 2403 724 2425 :nam
739 2397 806 2427 laesi

108 2440 249 2470 animam
262 2462 271 2478 ,
301 2440 335 2469 et
359 2441 486 2478 culpam
517 2441 595 2470 auxi
608 2463 617 2479 ,
644 2441 806 2479 siquidem

107 2485 242 2516 accessit
254 2487 285 2515 et
297 2486 510 2524 contemptus.
523 2487 640 2516 Nolunt
651 2488 757 2517 audz're
767 2490 805 2526 te,

107 2530 234 2568 inquit,
265 2532 337 2568 quia
359 2532 467 2560 nolunt
491 2532 599 2562 crtzclire
622 2541 682 2561 me.
709 2532 807 2563 Vides

106 2585 178 2614 quae
190 2575 338 2612 majestas
351 2576 579 2606 contemnitur.
593 2577 662 2606 Non
673 2577 704 2606 ’10
714 2578 807 2615 putes

106 2629 158 2652 me
185 2621 284 2651 solum
307 2622 478 2662 sprevisse.
506 2621 661 2651 Dominus
682 2622 807 2653 locutus

215 2675 242 2693 0.

880 1763 911 1792 [ι.
926 1762 1105 1801 Aliquoties
1124 1762 1254 1792 additur
1269 1763 1302 1792 et
1316 1763 1518 1801 impudentia
1528 1787 1540 1804 ‚

842 1809 878 1839 ut
899 1817 964 1839 non
988 1807 1083 1837 modo
1108 1807 1319 1846 impatienter
1347 1808 1430 1839 ferat
1454 1812 1542 1848 quod

842 1852 1032 1891 corripitur,
1057 1852 1115 1882 sed
1143 1852 1293 1882 etiamid
1319 1853 1407 1883 unde
1431 1863 1542 1894 repre-

843 1899 1015 1936 henditur,
1037 1897 1246 1936 impudenter
1274 1897 1439 1930 defendat.
1473 1902 1541 1933 Hoc

841 1946 935 1984 plane
952 1943 1145 1982 desperatio.
1162 1945 1263 1974 Frons
1272 1965 1282 1980 ,
1294 1944 1419 1983 inquit,
1434 1948 1541 1978 mulie-

840 1993 882 2022 ris
896 1991 1062 2021 meretricis
1073 1990 1157 2028 facta
1176 1991 1218 2020 est
1233 1989 1304 2027 tibi,-
1319 1991 1444 2021 nolm'sti
1466 2002 1539 2024 era-

842 2036 974 2073 bescere,·
988 2035 1022 2064 et
1036 2035 1083 2064 ait
1099 2043 1108 2063 t
1124 2035 1254 2064 Recessit
1267 2035 1350 2065 zelus
1363 2044 1448 2067 meus
1459 2046 1479 2067 a
1494 2040 1540 2075 te,

839 2082 923 2111 ultra
938 2089 1000 2110 non
1017 2082 1138 2110 irascar
1159 2079 1225 2109 tibi.
1242 2079 1314 2109 Solo
1329 2080 1442 2111 auditu
1464 2091 1542 2114 con-

840 2125 1003 2155 tremisco.
1039 2124 1189 2154 Sentisne
1226 2124 1339 2162 quanti
1377 2126 1539 2167 periculi,

840 2169 1016 2209 quantique
1038 2169 1181 2198 horroris
1197 2168 1230 2198 et
1250 2169 1401 2200 tremoris
1422 2179 1474 2202 res
1496 2174 1540 2205 sit

840 2216 965 2254 peccati
994 2213 1163 2245 defensio?
1188 2214 1276 2244 Dicit
1303 2215 1456 2246 iterum:
1473 2219 1541 2259 1390

840 2271 913 2301 quos
931 2270 1019 2297 amo,
1043 2268 1139 2298 (119110
1154 2261 1182 2290 et
1195 2261 1320 2299 castigo.
1333 2260 1368 2291 S1
1384 2269 1476 2294 ERGO
1497 2273 1540 2298 Τις

840 2314 942 2337 ZELUs
967 2313 1151 2343 nsssssnurr3
1173 2300 1208 2336 et
1235 2314 1324 2336 amor
1351 2315 1359 2336 :
1384 2315 1446 2338 nec
1475 2311 1540 2342 eris

840 2361 949 2383 amore
963 2351 1088 2390 dignus,
1100 2351 1157 2389 qui
1167 2350 1319 2389 indignus
1329 2352 1539 2392 castigatione

841 2397 994 2428 censeris.
1010 2396 1109 2426 Vides
1121 2396 1199 2435 quia
1209 2397 1286 2426 tunc
1303 2397 1404 2436 magis
1425 2398 1538 2430 irasci-

841 2443 893 2473 tur
907 2444 993 2472 Deus
1006 2463 1015 2480 ,
1031 2441 1108 2472 dum
1128 2449 1194 2472 non
1208 2441 1370 2472 irascitur.
1393 2444 1538 2475 Miserea-

840 2497 910 2518 mur
933 2489 1045 2527 impio,
1060 2487 1185 2526 inquit,
1207 2489 1236 2518 et
1248 2496 1311 2518 ‘non
1329 2489 1420 2518 discet
1437 2488 1538 2525 facere

834 2534 999 2571 justitiam.
1015 2532 1266 2563 Misericordiam
1282 2533 1363 2562 113110
1376 2539 1434 2568 ego
1448 2534 1534 2566 noio.

841 2578 943 2617 Super
957 2586 1087 2608 omnem
1104 2578 1186 2607 iram
1206 2576 1370 2606 miseratio
1392 2576 1470 2612 ista,
1486 2587 1536 2609 se-

840 2622 932 2660 piens
944 2622 1025 2651 mihi
1034 2623 1104 2652 vias
1114 2621 1259 2659 justitiae.
1278 2619 1534 2687 Satiusqprofccto
