1846 3078
270 235 331 267 292

271 299 342 322 rem
367 298 477 330 suum,
506 298 613 322 amore
640 291 766 330 calens,
796 291 967 322 devotione

271 337 399 376 vigens,
412 337 563 376 opinione
584 337 743 367 redolens.
761 338 889 375 Sponsae
906 336 968 364 hu-

271 382 393 412 militas
407 382 591 412 voluntaria
616 384 682 419 est,
707 382 865 419 perpetua
895 381 966 417 est,

269 426 438 458 fructifera
453 429 511 458 est.
528 427 611 456 Odor
627 427 697 463 ejus
712 434 772 455 nec
790 424 968 462 reprehen-

269 472 360 502 sione
376 472 623 508 exterminatur,
643 479 704 500 nec
726 469 833 498 laude.
848 469 968 499 Audie—

268 517 342 546 rat:
361 518 478 547 Pulcrae
499 519 662 553 suntqenae
688 517 747 544 tuae
771 516 848 544 sicut
867 516 968 544 turtu-

267 562 330 598 ris,
347 563 374 592 et
388 563 496 591 collum
512 563 597 590 tuum
616 561 693 589 sicut
715 559 852 588 monilia.
869 559 967 589 Acce-

269 607 363 645 perat
378 608 409 636 et
421 603 701 643 repromissionem
720 604 849 632 ornatus
864 604 966 642 aurei,

269 654 304 682 et
330 651 539 682 nihilominus
558 650 666 677 tamen
687 657 759 677 cum
781 649 966 680 humilitate

268 697 464 736 respondet:
481 696 513 723 et
533 694 653 731 quanto
680 693 835 730 majorem
856 702 890 723 se
911 702 967 724 au-

271 744 335 780 dit,
349 743 437 772 tanto
452 739 604 769 humiliat
618 747 652 768 se
675 739 708 768 in
724 740 883 769 omnibus.
900 740 967 769 Xon

270 788 426 827 gloriatur
450 785 482 813 ln
506 783 653 821 meritis,
668 792 727 813 nec
753 784 837 814 inter
857 784 968 814 laudes

269 841 342 862 suas
367 829 561 860 humilitatis
584 828 797 866 obliviscitur„
816 838 912 867 quam
936 830 968 859 et

269 877 438 907 humiliter
458 874 628 903 confitetur
642 874 700 903 sub
716 874 808 903 nardi
822 876 965 905 nomine.

269 924 312 951 Ac
327 922 355 951 si
381 928 460 950 voce
485 918 620 955 virginis
641 918 747 947 Mariae
771 918 874 948 dicat:
890 920 968 949 Nul—

268 967 332 997 lius
350 965 430 995 mihi
446 964 556 994 meriti
571 964 698 993 conscia
709 971 780 993 sum
795 964 836 993 ad
847 966 967 994 tantam

268 1011 508 1050 dignationem,
531 1009 594 1039 nisi
621 1009 707 1047 quod
729 1011 860 1047 respexit
886 1012 968 1041 Dens

269 1057 473 1087 humilitatem
498 1055 617 1085 ancillae
637 1063 710 1085 sum.
733 1055 810 1084 Nam
825 1054 902 1092 quid
921 1058 969 1086 est

269 1101 359 1133 aliud
371 1123 380 1139 ,
395 1101 512 1130 viardus
535 1109 604 1130 mea
619 1100 697 1129 dedit
718 1100 841 1129 odorem
864 1110 967 1137 suum,

270 1155 366 1186 quam
382 1145 506 1184 placuit
516 1153 589 1174 mea
605 1144 792 1174 humilitas?
805 1145 873 1174 Non
884 1154 968 1184 mea,

268 1189 588 1230 inquit,sapientia‚
615 1197 680 1218 non
707 1197 781 1218 mea
804 1189 970 1228 nobilitas,

269 1246 335 1268 non
356 1244 429 1266 mea
449 1235 653 1274 pulcritudo,
675 1243 747 1272 quae
770 1234 859 1264 nulla
880 1238 969 1266 erant

270 1283 366 1320 mihi,
381 1281 438 1312 sed
452 1289 523 1319 quae
539 1281 605 1310 sola
620 1279 725 1309 inerat
736 1280 901 1310 humilitas
916 1281 969 1310 de-

271 1329 321 1359 dit
335 1329 464 1358 odorem
478 1335 585 1363 suum,
600 1325 635 1354 id
649 1326 697 1355 est
713 1325 854 1356 solitum.
871 1326 969 1356 Solito

271 1374 381 1413 placet
399 1373 466 1401 Deo
489 1370 672 1415 humilitasj
689 1371 782 1400 solito
804 1371 899 1408 plane
922 1373 969 1401 at-

270 1427 336 1458 que
349 1426 392 1448 ex
407 1417 558 1446 consueto
574 1417 719 1445 excelsus
736 1417 890 1446 Dominus
910 1417 971 1446 hu-

269 1463 362 1493 milia
386 1461 530 1500 respicit.
551 1462 589 1491 Et
612 1461 686 1490 ideo
701 1469 773 1490 cum
795 1463 879 1491 esset
900 1463 970 1491 Rex

271 1508 308 1539 in
329 1507 502 1544 accubitu,
528 1506 562 1535 id
578 1507 626 1536 est
643 1506 676 1535 in
694 1507 822 1536 excelso
843 1506 971 1536 habita-

272 1553 346 1583 culo
358 1560 427 1589 suo,
442 1551 520 1580 illuc
536 1559 660 1588 quoque
677 1551 872 1580 humilitatis
894 1551 971 1580 odor

273 1597 431 1629 ascendit.
447 1598 483 1627 ln
499 1597 568 1626 altis
580 1596 714 1633 habitat,
728 1596 834 1634 inquit
846 1617 856 1633 ,
872 1598 900 1627 et
915 1597 970 1626 hu-

273 1644 361 1674 milia
373 1643 493 1681 respicit
508 1643 538 1671 in
550 1642 621 1677 coelo
633 1643 661 1670 et
675 1643 705 1670 in
722 1643 817 1671 terra.

313 1687 364 1718 10.
380 1688 459 1724 Ergo
475 1694 549 1715 cum
571 1686 655 1715 esset
677 1686 747 1714 Rex
766 1685 799 1714 in
821 1686 971 1715 accubitu

273 1740 344 1770 suo,
359 1731 478 1761 nardus
490 1738 612 1768 sponsae
621 1730 712 1760 dedit
723 1729 853 1759 odorem
862 1738 969 1760 suum.

273 1776 446 1807 Accubitus
460 1776 556 1812 Regis
569 1797 578 1813 ,
593 1775 682 1805 sinus
694 1776 742 1804 est
758 1775 879 1804 Patris:
895 1776 971 1813 quia

273 1830 402 1861 semper
426 1821 460 1850 in
487 1822 580 1850 Patre
618 1820 730 1850 Filius.
757 1821 820 1849 Nec
843 1820 971 1850 dubites

273 1869 397 1906 Regem
421 1867 511 1896 hunc
532 1874 600 1895 esse
616 1866 830 1903 clementem,
849 1866 901 1895 cui
916 1874 974 1904 pe-

273 1914 386 1943 rennis
406 1911 571 1942 accubitus
586 1911 633 1940 est
655 1911 800 1948 paternae
824 1911 975 1949 benigni-

273 1959 350 1988 tatis
362 1956 588 1987 diversorium.
603 1956 716 1986 Merito
732 1956 850 1985 clamor
865 1956 973 1985 humi-

274 2004 356 2033 lium
371 2002 513 2032 ascendit
532 2001 571 2030 ad
587 2009 662 2030 eum
673 2022 682 2038 ,
698 2000 751 2030 cui
764 2000 832 2030 fons
844 2001 975 2039 pietatis

275 2049 325 2078 est
339 2047 478 2084 mansio,
492 2046 543 2076 cui
560 2045 728 2075 familiaris
749 2046 908 2083 suavitas,
923 2047 975 2076 cui

275 2092 512 2130 substantialis,
528 2092 581 2121 vel
596 2091 704 2129 potius
719 2092 976 2121 cousubstantia-

275 2137 317 2166 lis
331 2138 455 2167 bonitas
470 2139 517 2167 est
533 2145 541 2165 ε
555 2137 606 2166 cui
616 2136 689 2166 ideo
703 2137 804 2166 totum
817 2137 901 2175 quod
915 2138 974 2176 est,

278 2182 317 2211 de
339 2183 430 2212 Patre
459 2183 529 2220 est,
550 2184 585 2212 ut
602 2182 648 2211 nil
673 2190 801 2220 prorsus
829 2182 864 2211 in
887 2183 976 2220 regia

276 2227 464 2264 majestate,
492 2228 555 2256 nisi
585 2228 768 2265 paternum,
799 2227 974 2257 humilium

276 2271 451 2310 trepidatio
469 2272 661 2309 suspicetur.
689 2272 836 2310 Denique
854 2274 977 2311 propter

277 2317 435 2347 miseriam
455 2317 579 2354 inopum
600 2319 628 2346 et
643 2319 785 2355 qemitum
805 2326 975 2356 pauperum

277 2370 362 2391 uuuc
378 2370 543 2398 exsui-qam
556 2382 566 2397 ,
581 2363 651 2391 dicit
672 2364 834 2393 Dominus.
856 2363 976 2392 Horum

279 2406 380 2445 igitur
395 2405 520 2435 conscia
531 2414 643 2443 sponsa
656 2405 790 2445 (utpote
802 2407 976 2438 domestica

281 2452 379 2491 atque
404 2450 593 2490 carissima)
610 2459 672 2480 non
693 2460 726 2481 se
748 2452 841 2490 putat
864 2460 978 2482 arcen-

280 2497 355 2527 dam
368 2495 476 2534 sponsi
491 2495 592 2533 gratia
606 2496 743 2532 penuria
763 2497 955 2527 meritorum
965 2519 975 2535 ,

279 2542 347 2572 sola
369 2541 409 2571 de
430 2539 614 2570 humilitate
630 2548 837 2577 praesumens.
856 2542 976 2579 Regem

281 2584 422 2623 denique
443 2583 607 2621 nominat,
622 2592 697 2614 nam
719 2592 871 2622 sponsum
894 2586 979 2615 inte·

282 2629 343 2661 rim
354 2631 467 2660 territa
490 2629 712 2668 increpatione
736 2637 797 2659 non
817 2629 930 2668 audet,
948 2631 979 2659 et

743 240 774 268 s.
801 238 1034 268 BERNARD!
1058 231 1253 265 ABB‘Aris

1003 291 1037 320 in
1052 291 1116 320 alto
1126 289 1273 320 habitare
1288 288 1427 328 fatetur,
1442 296 1503 321 nec
1526 288 1572 320 sic
1586 289 1695 320 tamen

1001 336 1119 366 diffidit
1129 335 1310 366 ‘humilitas-

1041 382 1091 411 11.
1115 381 1290 410 Primitivae
1314 380 1464 411 Ecclesiae
1492 380 1583 418 potes
1608 379 1695 409 hunc

1001 426 1286 464 congruentissime
1313 427 1423 463 aptare
1448 433 1647 460 sermonem,
1667 423 1696 453 si

1000 472 1178 501 recordaris
1193 471 1263 500 dies
1278 471 1349 500 illos
1359 492 1369 508 ,
1383 471 1519 509 quibus,
1535 470 1697 508 assumpto

1000 517 1134 546 Domino
1154 516 1210 546 ubi
1232 516 1301 546 erat
1322 516 1433 554 prius»,
1463 517 1496 545 et
1513 515 1645 545 sedente
1663 515 1698 544 in

1001 562 1134 591 dextera
1147 561 1335 599 Patris,illo
1360 569 1418 590 suo
1440 561 1570 598 antiquo
1592 559 1697 589 nobili

1001 607 1096 645 atque
1107 607 1242 644 glorioso
1257 606 1420 644 accubitu,
1432 605 1588 643 Discipuli
1604 605 1697 634 erant

1001 652 1181 690 congregati
1202 652 1236 681 in
1255 653 1325 682 loco
1346 659 1410 680 uno
1422 672 1433 688 ,
1449 650 1698 688 perseverantes

1001 699 1196 727 unanimiter
1208 698 1241 726 in
1255 697 1398 726 oratione
1415 704 1487 725 cum
1506 694 1699 726 mulieribus

1002 744 1033 772 et
1044 743 1141 772 Maria
1153 744 1254 772 matre
1277 742 1352 772 Jesu
1364 763 1373 779 ‚
1390 741 1422 770 et
1444 740 1594 770 fratribus
1615 739 1698 776 ejus.

1000 789 1109 823 Nonne
1124 788 1185 817 tihi
1201 787 1330 816 videtur
1343 794 1460 816 revera
1479 786 1555 814 tunc
1571 785 1699 822 tempo-

1002 834 1044 863 ris
1056 833 1191 863 nardum
1202 833 1344 870 parvulae
1353 832 1385 860 et
1396 829 1590 868 trepidantis
1601 838 1695 868 spon-

1002 887 1043 908 sae
1067 879 1141 907 dare
1169 878 1300 907 odorem
1321 875 1434 906 suum?
1454 876 1602 913 Denique
1624 884 1698 905 cum

1002 925 1099 961 factus
1111 926 1151 954 est
1167 924 1285 962 repente
1297 923 1330 952 de
1339 923 1410 951 coelo
1421 930 1524 957 sonus,
1537 923 1697 959 tamquam

1002 969 1183 998 advenientis
1193 969 1314 1005 spiritus
1324 967 1502 996 vehementis
1512 987 1521 1001 ,
1537 967 1564 995 et
1580 966 1700 1004 replevit

1003 1016 1095 1044 {otum
1111 1015 1231 1043 domum
1244 1013 1297 1042 ubi
1307 1013 1395 1041 eraut
1415 1013 1567 1046 sedentes,
1579 1018 1619 1039 an
1633 1019 1698 1041 non

1003 1059 1116 1088 merito
1131 1057 1326 1096 paupercula
1343 1056 1419 1085 tunc
1442 1055 1549 1084 dicere
1567 1055 1674 1093 potuit
1689 1064 1698 1085 :

1003 1104 1080 1133 Cum
1094 1105 1168 1133 esset
1189 1112 1248 1132 rex
1272 1103 1305 1131 in
1328 1101 1467 1130 accubitu
1481 1109 1558 1136 suo,
1584 1101 1701 1131 ‘nardus

1005 1157 1070 1178 mea
1081 1149 1159 1177 dedit
1174 1148 1295 1177 odorem
1302 1155 1389 1176 suum
1401 1145 1413 1174 ?
1425 1145 1530 1174 Patuit
1541 1153 1598 1182 pro
1611 1146 1700 1175 certo

1004 1193 1152 1222 omnibus
1166 1193 1199 1221 in
1211 1193 1279 1221 loco
1291 1190 1510 1227 manentibus,
1522 1198 1618 1228 quam
1631 1198 1700 1227 gra-

1005 1240 1053 1268 tus
1070 1237 1262 1267 humilitatis
1273 1259 1283 1275 ,
1299 1237 1333 1267 et
1356 1244 1452 1274 quam
1476 1236 1701 1273 beneplacitus

1004 1284 1080 1313 odor
1095 1283 1299 1319 ascenderat,
1319 1282 1372 1311 cui
1387 1289 1463 1311 mox
1481 1282 1547 1310 tam
1571 1282 1699 1319 copiosa

1005 1329 1037 1358 et
1065 1329 1200 1366 gloriosa
1227 1327 1488 1357 remuneratione
1512 1335 1701 1364 responsum

1005 1375 1064 1403 est.
1079 1374 1234 1403 Caeterum
1251 1373 1304 1401 illa
1324 1380 1388 1401 non
1409 1372 1531 1409 ingrata
1550 1372 1701 1402 beneficii

1005 1419 1077 1448 fuit.
1093 1418 1175 1447 Audi
1191 1417 1278 1447 enim
1299 1416 1457 1455 quomodo
1479 1424 1555 1445 mox
1575 1416 1700 1454 repleta

1005 1463 1174 1493 devotione
1190 1463 1282 1501 parat
1299 1470 1334 1492 se
1349 1462 1388 1491 ad
1403 1462 1509 1491 omnia
1524 1462 1607 1491 mala
1626 1470 1702 1500 per-

1005 1509 1134 1538 ferenda
1149 1516 1206 1546 pro
1218 1508 1348 1537 nomine
1361 1507 1440 1544 ejus.
1450 1508 1527 1536 Nam
1537 1507 1701 1545 sequitur:

1005 1555 1178 1584 Fasciculus
1199 1553 1334 1591 myrrhae
1359 1554 1482 1582 dilectus
1499 1556 1583 1582 uleus
1611 1553 1702 1590 mihi,

1005 1601 1082 1629 inter
1097 1599 1191 1629 ubera
1207 1608 1274 1628 mea
1291 1598 1547 1628 commorabitur.
1563 1597 1702 1628 Infirmi-

1005 1646 1053 1674 tas
1064 1652 1148 1681 mea,
1165 1652 1259 1681 quam
1270 1644 1383 1681 nostis,
1399 1651 1462 1672 non
1477 1643 1555 1672 sinit
1567 1644 1703 1674 ulterius

1005 1689 1162 1727 progredi.
1181 1689 1246 1718 Hoc
1267 1689 1368 1718 solum
1391 1688 1462 1717 dico
1477 1696 1486 1716 ε
1502 1688 1577 1726 quia
1598 1688 1703 1719 tribu-

1007 1735 1160 1764 lationum
1176 1734 1408 1764 amaritudines
1419 1733 1478 1763 sub
1491 1733 1630 1771 myrrhae
1646 1742 1704 1764 no-

1007 1782 1094 1810 mine
1118 1780 1198 1810 dicit
1225 1788 1260 1810 se
1285 1779 1393 1809 subire
1420 1780 1565 1817 paratam
1592 1787 1702 1810 amore

1008 1825 1129 1856 dilecti.
1146 1825 1318 1863 Reliquum
1337 1825 1472 1862 capituli
1491 1825 1571 1854 alias
1592 1833 1703 1862 prose-

1007 1880 1155 1909 quemur,
1169 1871 1193 1900 si
1211 1872 1318 1900 tamen
1334 1871 1484 1900 exoratus
1500 1878 1517 1899 a
1532 1870 1622 1900 vohis
1633 1869 1703 1908 Spi-

1008 1916 1089 1945 ritus
1108 1916 1236 1945 sanctus
1256 1915 1395 1945 adsuerit
1407 1935 1416 1951 ,
1432 1914 1487 1951 qui
1505 1922 1562 1943 nos
1581 1914 1705 1944 intelli-

1008 1969 1082 1998 gere
1095 1960 1191 1990 faciat
1208 1961 1306 1990 verba
1322 1967 1462 1998 sponsae,
1477 1967 1549 1997 quae
1570 1959 1639 1997 ipse
1653 1959 1705 1988 in-

1009 2008 1155 2046 spirando
1180 2007 1349 2045 formavit,
1375 2007 1459 2036 sicut
1487 2006 1580 2036 novit
1603 2006 1703 2044 illius,

1009 2054 1100 2090 cujus
1115 2054 1183 2091 ipse
1195 2053 1333 2091 Spiritus
1345 2053 1410 2090 est,
1428 2051 1575 2082 laudibus
1591 2059 1706 2082 conve·

1008 2098 1098 2137 nire,
1117 2099 1223 2136 sponsi
1244 2097 1395 2127 Ecclesiae
1416 2097 1493 2126 Jesu
1511 2096 1626 2126 Christi
1641 2098 1706 2126 Do-

1009 2144 1089 2173 mini
1108 2143 1227 2179 nostri,
1243 2142 1299 2180 qui
1319 2143 1367 2171 est
1381 2149 1478 2179 super
1492 2141 1600 2171 omnia
1619 2141 1706 2171 Deus

1009 2188 1196 2220 benedictus
1209 2188 1243 2217 in
1258 2187 1388 2225 saecula,
1399 2194 1504 2216 amen.

1172 2307 1229 2340 SE
1234 2307 1340 2339 mlo
1375 2304 1521 2338 XLIII.

1012 2378 1140 2411 Qualiter
1164 2375 1346 2400 consideratio
1374 2374 1501 2405 passionis
1522 2377 1548 2398 et
1572 2372 1707 2398 laborum

1040 2413 1144 2439 Christi
1156 2412 1235 2436 faciat
1250 2418 1373 2441 sponsam
1384 2428 1392 2439 ‚
1402 2411 1432 2434 id
1445 2412 1483 2434 est
1495 2410 1617 2434 animam
1627 2427 1634 2440 ‚
1645 2416 1710 2441 per-

1039 2456 1105 2480 gere
1116 2449 1230 2472 illaesam
1240 2447 1315 2471 inter
1323 2452 1453 2477 prospera
1462 2447 1488 2469 et
1496 2445 1611 2470 adversa
1621 2445 1709 2475 hujus

1041 2485 1153 2509 mundi.

1052 2540 1082 2569 l.
1098 2538 1303 2570 FAscmums
1326 2537 1461 2575 myrrhae
1477 2536 1597 2565 dilectus
1621 2542 1707 2564 meus

1012 2586 1105 2622 mihi,
1134 2586 1213 2615 iuter
1239 2584 1336 2614 ubera
1358 2591 1427 2612 mea
1455 2578 1705 2610 commorabitur.

1015 2631 1097 2660 Ante
1115 2637 1194 2667 rex,
1216 2628 1310 2658 modo
1326 2627 1487 2658 dilectus:
1504 2624 1577 2653 ante
1599 2623 1632 2654 in
1653 2631 1707 2655 ac-
