1846 3078
287 229 346 259 270

286 286 354 323 cst,
369 284 427 316 sed
442 287 676 317 consummatio
693 287 763 324 ejus
777 286 862 324 apud
877 285 985 314 humi-

287 329 363 359 lem.
385 330 447 367 Qui
469 329 579 360 autem
603 331 712 361 dicere
729 331 847 369 potest,
863 331 984 358 Bonum

285 374 362 404 mihi
376 377 448 414 quia
460 376 630 406 humiliasti
641 385 700 411 me,
719 376 744 404 is
756 382 832 404 vere
849 373 982 402 humilis

287 419 346 449 est.
361 421 429 451 Non
454 422 561 459 potest
577 421 636 450 hoc
653 421 761 449 dicere
787 419 842 456 qui
864 417 984 448 invitus

287 465 402 495 tolerat
418 474 427 503 3
443 466 565 503 minus,
582 465 639 503 qui
660 465 850 494 murmurat.
873 464 982 493 Neutri

287 508 402 538 horum
417 510 635 547 promittImus
650 508 782 545 gratiam
794 529 803 543 ,
819 508 905 545 quod
921 508 983 537 hu-

285 554 427 584 miliatur
453 563 460 583 :
479 555 537 583 etsi
559 561 634 582 sane
657 553 749 589 longe
776 553 808 581 111
831 553 894 582 duo
911 561 927 582 a
950 562 982 583 se

285 598 451 634 differant,
468 599 500 626 et
519 597 601 626 alter
617 596 749 633 quidem
768 596 802 625 in
821 597 982 634 patientia

284 652 341 673 sua
367 642 526 681 possideat
551 641 691 670 animam
719 649 827 678 suam,
849 643 932 671 alter
950 642 981 671 i⁴n

284 697 340 719 suo
368 694 532 717 murmure
560 686 687 724 pereat.
719 687 782 716 Sed
809 687 898 717 enim
922 688 979 717 etsi

283 743 368 763 unus
383 734 479 769 iram,
494 733 612 761 neuter
632 732 742 761 tamen
757 733 892 770 gratiam
907 741 982 771 pro—

284 780 463 813 meretur32
479 777 632 815 quoniam
657 784 729 807 NON
758 785 979 817 Bemmaris,

283 824 338 853 sed
350 823 527 852 humilibus
537 823 624 853 Deus
636 823 689 853 dat
699 824 846 861 gratiam.
860 824 912 854 Est
924 832 982 854 au—

283 871 347 898 tem
369 875 530 905 Romus,
550 868 604 906 qui
624 868 884 898 humiliationem
905 877 981 899 con-

282 914 381 943 vertit
407 914 441 943 in
457 913 696 951 humilitatem,
719 914 750 943 et
772 914 840 951 ipse
857 906 905 944 est
925 915 985 953 001ι

281 959 359 989 dicit
375 959 441 988 Deo
464 967 471 987 τ
488 961 610 989 Bonum
625 959 703 988 milti
722 960 799 997 quod
815 960 982 990 humiliasti

280 1013 339 1034 mc.
365 1004 494 1034 Nemini
522 1012 669 1042 prorsus,
705 1004 790 1042 quod
818 1005 981 1042 patienter

281 1050 345 1080 fert
357 1072 365 1087 ,
381 1050 500 1079 bonum
517 1050 585 1086 est,
601 1050 658 1079 sed
678 1050 774 1087 plane
794 1050 977 1079 molestum.

279 1096 406 1126 Scimus
430 1097 537 1125 autem
548 1116 557 1132 ,
573 1095 658 1132 quod
683 1095 821 1124 hilarem
837 1094 979 1124 datorem

281 1141 387 1179 diligit
402 1141 500 1170 Deus.
516 1140 607 1169 Unde
631 1141 664 1169 et
679 1148 753 1170 cum
771 1140 978 1177 jejunamus,

278 1187 431 1225 jubemur
443 1188 539 1224 caput
550 1185 694 1215 nostrum
709 1193 830 1223 ungere
844 1185 931 1222 oleo,
949 1186 979 1214 et

279 1233 397 1262 faciem
412 1232 521 1261 lavare
531 1253 540 1268 ,
556 1233 592 1261 ut
604 1232 749 1260 nostrum
764 1231 890 1260 scilicet
901 1239 980 1268 opus

278 1279 400 1309 bonnm
420 1277 581 1315 spirituali
604 1277 741 1315 quodam
764 1276 880 1314 gaudio
905 1285 980 1306 con-

279 1325 404 1362 diatur,
427 1325 459 1354 et
480 1323 704 1353 holocaustum
730 1323 877 1352 nostrum
906 1323 980 1361 pin-

281 1379 341 1408 gue
366 1370 434 1399 liat.
454 1369 582 1398 Etenim
608 1370 673 1398 sola
700 1369 853 1406 gratiani,
883 1377 978 1406 quain

279 1415 429 1454 praefert,
445 1416 590 1444 meretur
605 1415 677 1443 laeta
694 1415 726 1443 et
749 1415 894 1444 absoluta
921 1415 979 1443 hu—

279 1462 411 1490 militas.
438 1461 515 1496 Qnae
543 1461 631 1489 00110
666 1461 774 1489 coacta
803 1460 903 1490 fuerit
926 1462 977 1490 vel

279 1507 422 1542 extorta,
447 1505 550 1543 qualis
574 1505 686 1541 utique
704 1506 751 1533 est
773 1505 806 1533 in
830 1505 899 1534 viro
922 1515 978 1543 pa-

278 1552 382 1582 tiente
399 1552 453 1580 illo
469 1550 524 1588 001
543 1550 685 1588 possidet
709 1550 848 1579 animam
865 1559 954 1580 suam
969 1561 975 1589 ς

279 1597 370 1633 haec,
399 1596 549 1633 inquam,
575 1595 763 1631 humilitas,
795 1596 855 1624 etsi
878 1596 976 1626 vitam

278 1642 405 1671 obtinet
444 1641 577 1678 propter
609 1641 818 1677 patientiam,
847 1642 978 1678 propter

277 1687 443 1717 tristitiam
460 1688 567 1715 tamen
593 1686 728 1722 gratiam
749 1693 813 1714 non
831 1685 976 1716 habebit.

276 1732 344 1761 Non
357 1731 443 1761 enim
456 1731 602 1768 congruit
618 1731 664 1767 ei,
680 1730 735 1767 001
749 1730 904 1767 ejusmodi
918 1732 976 1767 est,

275 1776 357 1805 illud
391 1775 586 1813 Scripturae,
613 1775 767 1804 Gloriatur
797 1774 920 1804 humilis
946 1777 976 1804 in

276 1822 463 1851 exaltatione
484 1830 543 1850 sua
565 1829 575 1850 .·
595 1820 747 1858 quoniam
771 1827 837 1849 11011
865 1822 976 1858 5001110

275 1867 469 1896 humiliatur
481 1888 490 1903 ,
506 1874 611 1903 00000
628 1865 780 1895 libenter.

314 1912 346 1942 14.
372 1913 428 1941 Yis
448 1913 557 1941 autem
576 1911 689 1940 videre
710 1911 866 1941 humilem
888 1912 976 1942 recte

275 1958 487 1996 gloriantem,
504 1959 536 1987 et
549 1964 626 1986 vere
646 1956 779 1993 dignum
796 1956 977 1994 3101131ιί-

275 2005 388 2039 beuter,
405 2003 523 2040 inquit,
536 2001 691 2040 qloriabor
703 2002 733 2030 ιή
748 2001 977 2038 infirmitatibus

274 2050 366 2086 mels,
384 2051 418 2078 ut
440 2048 588 2078 inhabitet
608 2049 641 2077 in
663 2056 712 2076 me
733 2048 831 2077 virtus
851 2047 975 2079 Christi.

273 2095 340 2124 Non
357 2095 437 2123 dicit
451 2093 614 2132 patienter
628 2101 662 2122 se
679 2092 763 2122 ferre
774 2092 977 2124 infirmitates

275 2148 367 2177 suas3
389 2140 445 2169 sed
468 2141 501 2169 et
521 2138 675 2177 gloriari,
697 2139 729 2168 et
748 2138 889 2168 libenter
908 2140 977 2177 glo-

273 2185 350 2214 riari
376 2185 409 2214 in
436 2185 518 2222 illis,
550 2184 688 2222 probans
711 2184 809 2213 etiam
833 2184 896 2213 sibi
921 2185 976 2215 bo-

273 2237 352 2259 num
370 2238 437 2259 esse
450 2252 458 2267 ,
473 2230 559 2268 quod
578 2230 768 2259 humiliatur
783 2238 791 2258 :
810 2237 871 2259 nec
887 2230 976 2260 suffi-

275 2283 348 2306 cere
359 2276 500 2312 omnino,
510 2277 546 2305 ut
556 2275 718 2313 possideat
732 2275 872 2304 animam
885 2284 975 2306 suam

273 2323 438 2358 tamquam
458 2321 622 2357 patienter
638 2320 846 2357 humiliatus,
864 2321 927 2351 nisi
943 2324 976 2353 et

273 2365 411 2404 gratiam
433 2365 570 2402 accipiat
590 2367 753 2402 tamquam
777 2366 891 2403 sponte
912 2366 972 2396 hu-

273 2411 428 2440 miliatus.
445 2410 635 2439 Generalem
651 2418 728 2439 vero
742 2411 818 2440 hinc
834 2411 909 2440 audi
924 2420 976 2441 re·

273 2457 381 2494 gulam
396 2463 404 2484 ι
423 2456 526 2485 Omnis
536 2457 627 2493 quise
642 2456 803 2492 humiliat,
814 2457 871 2493 ait,
887 2458 976 2488 exal-

274 2502 402 2531 tabitur.
413 2500 576 2537 Significat
590 2500 732 2537 profecto
741 2522 749 2537 ,
769 2509 832 2530 non
844 2510 975 2532 omnem

274 2545 478 2576 exaltandam
493 2553 562 2575 esse
579 2545 798 2574 humilitatem
810 2567 819 2583 ,
831 2547 887 2575 sed
904 2556 974 2576 eam

273 2594 491 2630 tantum,quae
501 2591 540 2621 de
552 2592 717 2621 voluntate
726 2592 838 2629 venit,
854 2601 917 2622 non
934 2602 974 2622 ex

273 2639 423 2676 tristitia,
438 2646 498 2667 nec
520 2645 562 2666 ex
582 2637 786 2667 necessitate.
806 2639 869 2667 Ner
887 2640 973 2667 enini

760 235 789 261 S.
812 229 1045 260 EERNARDI
1066 231 1253 261 ABBATIS

1019 292 1077 321 001·
1101 286 1297 318 contrarium
1314 286 1417 319 omnis
1441 287 1497 328 qui
1528 287 1712 324 exaltatur,

1020 330 1241 362 humiliandus
1263 334 1326 364 erit
1346 343 1353 363 :
1383 334 1440 364 sed
1457 333 1583 364 tantum
1603 334 1658 371 qui
1678 341 1713 362 se

1019 377 1142 406 exaltat
1160 378 1387 410 humiliabitur
1401 402 1410 418 ,
1424 380 1580 410 nimirum
1600 379 1639 408 01)
1654 387 1714 408 vo·-

1019 421 1189 452 luntariam
1203 424 1392 455 vanitatem.
1414 427 1461 455 Ita
1481 434 1555 463 ergo
1576 433 1640 454 non
1655 423 1713 461 qui

1018 466 1220 506 humiliatur,
1237 469 1293 499 sed
1304 470 1359 508 qui
1371 472 1484 508 sponte
1496 480 1529 500 se
1538 470 1689 500 humiliat
1702 490 1712 506 ‚

1017 513 1231 552 exaltabitur,
1247 515 1361 553 utique
1377 517 1416 545 ob
1431 517 1583 546 meritum
1599 516 1713 545 volun-

1017 558 1101 588 tatis.
1111 560 1182 590 Esto
1191 561 1279 590 enim
1286 561 1370 599 quod
1378 561 1569 592 humilitatis
1577 561 1713 591 materia

1016 611 1073 640 per
1081 603 1179 633 alium
1190 606 1507 644 ministratur,verbi
1517 607 1715 644 gratia‚pro·

1016 647 1071 677 bra
1085 670 1094 686 ,
1110 649 1226 679 damna
1239 672 1248 687 ,
1265 651 1421 688 supplicia
1436 660 1444 680 :
1463 659 1527 680 non
1541 653 1649 680 tamen
1662 651 1714 680 id-

1015 693 1099 723 circo
1115 697 1203 725 recte
1226 695 1265 724 ab
1291 696 1372 732 alio,
1389 704 1485 734 quam
1501 704 1519 724 a
1538 697 1713 734 semetipso

1016 739 1204 770 humiliatus
1229 741 1286 770 ille
1303 741 1448 779 dicetur,
1464 742 1519 779 qui
1534 741 1590 770 1113
1606 741 1713 771 omnia

1015 784 1110 815 tacita
1134 787 1167 815 et
1191 786 1263 816 laeta
1287 788 1508 825 conscientia,
1535 795 1631 817 causa
1650 786 1712 816 Dei

1013 830 1182 861 subeunda
1197 832 1392 862 decreverit.

1053 876 1083 905 5.
1097 876 1160 906 Sed
1182 886 1245 915 quo
1260 877 1506 916 progredimur?
1528 877 1713 914 Patienter‚

1014 921 1051 949 ut
1065 922 1186 959 sentio,
1203 923 1369 953 sustinetis
1380 932 1547 953 excessum
1563 923 1598 952 in
1612 923 1713 953 verbo

1014 965 1053 995 de
1070 967 1258 998 Humilitate
1283 968 1316 998 et
1335 969 1517 998 Patientia:
1532 969 1587 999 5οᾰ
1602 977 1714 998 rever-

1014 1011 1119 1042 tamur
1130 1013 1169 1042 ad
1180 1014 1300 1051 locum,
1315 1014 1354 1043 de
1370 1023 1433 1053 quo
1445 1014 1577 1052 digressi
1590 1023 1712 1045 sumus.

1013 1057 1048 1086 Id
1072 1066 1210 1096 namque
1237 1059 1350 1090 incidit
1374 1059 1465 1089 nobis
1491 1068 1531 1089 ex
1547 1059 1712 1089 occasione

1013 1105 1176 1142 responsi,
1206 1113 1268 1143 quo
1298 1105 1430 1143 grandia
1462 1105 1713 1143 praesumentem

1013 1158 1162 1187 sponsam
1175 1150 1414 1188 reprimendam
1427 1150 1555 1180 censuit
1567 1158 1712 1188 sponsus,

1014 1195 1046 1224 et
1057 1202 1121 1223 non
1138 1194 1177 1224 ad
1194 1194 1415 1233 insipientiam
1431 1194 1479 1223 illi
1497 1194 1572 1224 :sed
1586 1196 1623 1225 ut
1637 1203 1713 1224 sane

1013 1248 1055 1269 ex
1072 1248 1109 1269 eo
1134 1240 1358 1278 probabilioris
1383 1242 1415 1271 et
1429 1240 1559 1277 majoris
1579 1240 1714 1270 humili-

1013 1284 1086 1314 tatis
1102 1284 1233 1314 daretur
1247 1285 1371 1315 occasio
1381 1307 1389 1322 ,
1401 1293 1460 1323 per
1475 1293 1570 1323 qnam
1586 1285 1713 1323 dignior

1012 1331 1194 1368 potiorum,
1221 1332 1316 1369 atque
1339 1339 1449 1360 eorum
1478 1330 1621 1368 ipsorum
1641 1340 1712 1369 quae

1012 1377 1161 1414 petebat,
1189 1376 1337 1414 capacior
1362 1376 1555 1406 efficeretur.
1579 1377 1714 1406 Verum-

1012 1424 1120 1452 tamen
1131 1422 1207 1460 quia
1223 1422 1325 1451 adhuc
1341 1422 1374 1451 in
1388 1421 1495 1458 januis
1510 1429 1620 1451 sumus
1632 1430 1714 1459 prae—

1011 1468 1111 1498 sentis
1121 1468 1273 1506 capituli,
1285 1468 1491 1497 discussionis
1501 1468 1569 1504 ejus
1584 1467 1714 1498 initium

1011 1513 1188 1550 principio,
1205 1513 1231 1542 si
1252 1514 1376 1550 placet,
1400 1512 1555 1543 sermonis
1580 1513 1714 1543 alterius

1011 1559 1191 1595 ordiamur,
1216 1558 1396 1596 praesertim
1418 1566 1458 1587 ne
1479 1558 1578 1587 verba
1604 1558 1712 1596 sponsi

1010 1604 1063 1633 vel
1088 1604 1317 1633 recenseantur
1346 1611 1419 1632 cum
1439 1603 1555 1640 taedio,
1577 1604 1631 1632 vel
1654 1611 1713 1632 au-

1011 1649 1149 1678 diantur.
1166 1648 1257 1686 Quod
1272 1649 1341 1686 ipse
1357 1649 1481 1678 avertat
1496 1656 1513 1677 a
1525 1649 1631 1679 servis
1646 1649 1713 1678 suis

1009 1695 1101 1724 Jesus
1116 1694 1260 1724 Christus
1282 1694 1437 1723 Dominus
1451 1695 1578 1732 noster,
1594 1694 1648 1732 qui
1664 1695 1714 1724 est

1010 1748 1107 1777 super
1118 1740 1225 1769 omnia
1235 1740 1322 1769 Deus
1332 1739 1524 1770 benedictus
1538 1739 1573 1770 in
1583 1741 1711 1778 saecula,

1010 1794 1116 1816 amell-

1178 1881 1348 1914 SERMO
1381 1880 1542 1914 XXXV.

1010 1958 1050 1982 De
1061 1957 1252 1988 increpatione
1266 1957 1339 1980 dura
1348 1974 1356 1986 ‚
1369 1963 1456 1987 quarn
1469 1956 1534 1980 facit
1546 1962 1659 1988 sponsus
1675 1956 1711 1981 ad

1043 2000 1167 2023 sponsam
1180 2001 1186 2020 ;
1210 1996 1236 2016 et
1260 1993 1368 2022 duplici
1395 1992 1555 2022 ignorantia
1584 1992 1709 2016 nimium

1046 2028 1172 2060 pavenda
1186 2031 1212 2052 et
1227 2028 1371 2058 fugienda.

1049 2092 1079 2121 1.
1102 2093 1137 2122 Si
1157 2093 1184 2121 te
1195 2113 1204 2129 ,
1238 2090 1362 2129 inquit,
1388 2091 1530 2128 iqnoras,
1560 2091 1710 2128 eqredere.

1009 2139 1092 2167 Dura
1107 2137 1140 2166 et
1165 2144 1277 2174 aspera
1301 2135 1497 2172 increpatio,
1513 2135 1597 2173 quod
1611 2135 1710 2174 dicit,

1008 2184 1155 2222 egredere.
1178 2183 1244 2211 Hoc
1258 2181 1378 2219 001000
1394 2180 1530 2210 verbum
1551 2180 1636 2210 servi
1652 2189 1711 2210 au-

1008 2230 1077 2259 dire
1086 2228 1189 2259 solent
1200 2236 1218 2257 a
1230 2227 1322 2257 valde
1336 2225 1548 2256 irascentibus
1561 2226 1595 2255 et
1606 2225 1710 2264 indig-

1007 2274 1157 2304 nantibus
1181 2273 1337 2309 dominis‚
1354 2272 1406 2301 vel
1432 2271 1557 2301 ancillae
1573 2279 1591 2300 a
1607 2271 1709 2301 domi-

1008 2321 1109 2350 nabus
1137 2319 1221 2355 suis,
1238 2326 1311 2347 cum
1323 2318 1466 2356 graviter
1481 2317 1554 2345 illas
1568 2316 1709 2347 offende-

1008 2367 1092 2396 rint:
1110 2366 1170 2394 Exi
1195 2364 1290 2402 hinc,
1307 2363 1362 2393 exi
1383 2371 1402 2392 a
1418 2370 1469 2392 me
1482 2384 1492 2399 ‚
1520 2362 1673 2400 egredere
1689 2370 1708 2392 a

1008 2412 1183 2450 conspectu
1197 2418 1269 2440 meo
1285 2412 1317 2439 et
1329 2417 1347 2439 a
1363 2408 1456 2438 domo
1467 2408 1539 2437 ista.
1555 2407 1621 2437 Hoc
1633 2415 1708 2444 ergo

1008 2458 1107 2487 verbo
1116 2464 1228 2494 aspero
1241 2456 1273 2485 et
1285 2462 1394 2485 amaro
1403 2454 1496 2490 satis,
1504 2453 1707 2490 nimiumque

1010 2502 1226 2541 increpatorio
1237 2501 1341 2531 utitur
1348 2500 1442 2530 modo
1457 2506 1589 2537 sponsus
1597 2498 1707 2527 contra

1009 2549 1178 2585 dilectam,
1215 2547 1274 2576 sub
1311 2545 1494 2576 conditione
1527 2544 1654 2577 tamen,
1679 2542 1707 2571 si

1009 2594 1147 2631 seipsam
1159 2591 1367 2629 ignoraverit.
1378 2591 1428 2619 Nil
1438 2588 1556 2627 quippe
1568 2587 1708 2616 validius

1010 2639 1216 2668 efficaciusve
1233 2638 1272 2667 ad
1283 2635 1468 2667 terrendum
1477 2632 1579 2671 potuit
1590 2632 1622 2661 in
1636 2640 1707 2661 eain
