1810 3073
300 221 359 251 170

295 276 389 307 cibus
410 274 444 307 et
453 273 585 308 fletibus
599 276 770 308 institisti?
792 279 934 315 Recolo,
949 277 1002 306 in-

294 323 377 361 quit.
391 322 498 360 Quid?
519 323 659 354 Obtento
681 332 719 353 eo
733 345 742 361 ,
757 324 921 361 simulque
945 330 1000 352 ac-

295 369 389 407 cepta
406 369 441 398 in
462 369 572 398 osculo
597 369 717 406 pedum
738 369 943 406 indulgentia
959 368 999 398 de

294 414 440 452 offensis,
457 414 615 453 numquid
629 422 695 444 non
717 423 826 444 rursus
841 414 924 443 facta
940 414 1001 443 im-

293 460 436 499 patiens,
450 462 483 490 et
491 462 579 490 tanta
593 468 797 497 nequaquam
814 459 1000 497 dignatione

292 506 444 535 contenta
458 527 467 543 ,
481 505 536 535 sed
555 504 687 541 majoris
703 504 932 534 familiaritafis
945 512 1001 534 cu-

292 550 387 588 pida,
403 551 579 580 secundam
595 558 724 588 quoque
737 550 872 588 gratiam
884 550 999 580 eadem

291 603 354 632 qua
366 596 456 633 prius
470 595 623 625 instantia
635 595 826 634 postulasti,
843 596 876 626 et
891 596 999 634 impe-

753 225 784 253 S.
808 224 1047 254 BERNARDI
1071 225 1268 255 ABBATIS

1035 278 1210 316 Evangelio
1232 279 1289 317 qui
1309 279 1371 311 hoc
1393 280 1496 311 solum
1519 281 1603 320 quod
1629 280 1738 313 facere

1035 322 1133 353 debet
1143 345 1153 361 ,
1170 324 1264 363 facit,
1279 334 1392 356 servus
1410 327 1539 357 inutilis
1553 328 1733 365 reputatur.

1033 368 1180 398 Mandata
1204 369 1311 400 forsan
1339 373 1516 411 utcumque
1545 372 1709 411 adimpleo
1723 382 1733 403 t

1033 414 1089 444 sed
1100 415 1209 445 anima
1224 424 1297 446 mea
1313 417 1394 447 sicut
1411 419 1495 448 terra
1511 418 1584 448 sine
1603 427 1683 456 aqua
1698 418 1734 449 in

1033 460 1110 490 illis.
1129 461 1169 491 Ut
1184 462 1283 500 igitur
1297 463 1519 494 holocaustum
1541 472 1651 494 meum
1665 464 1737 502 pin·

1032 514 1093 542 gne
1114 506 1188 545 fiat,
1212 508 1370 538 Osculelur
1393 517 1460 546 me,
1484 517 1593 548 quaeso
1606 530 1615 547 ,
1633 510 1736 540 osculo

1032 560 1094 582 ores
1103 561 1164 582 sm.

1070 598 1101 627 5.
1118 597 1269 636 Plerique
1280 598 1427 628 vestrum
1439 598 1521 628 mihi
1533 606 1661 636 quoque
1675 596 1736 637 (ut

290 642 402 678 trasti,
426 641 470 670 ita
492 642 529 670 ut
554 640 588 670 in
611 641 719 670 osculo
745 649 859 671 manus
880 642 997 681 adepta
1030 644 1165 673 memini
1181 642 1192 683 )
1206 644 1238 673 in
1250 644 1386 682 privatis
1399 644 1737 676 confessionibus·suis

289 686 333 715 sis
349 687 488 717 virtutes
502 694 566 716 non
581 695 713 726 paucas,
731 687 764 716 et
779 695 843 717 non
861 687 998 726 parvas?
1031 686 1184 727 conqueri
1197 690 1301 720 solent
1317 699 1414 729 super
1424 690 1648 727 hujuscemodi
1663 690 1733 720 ani·

290 732 360 761 Non
391 732 553 772 diffiteor,
579 733 637 763 ait.
667 734 706 763 Et
730 733 779 762 illi
796 743 803 762 :
824 734 997 765 Enimvero
1029 735 1074 764 mi
1094 736 1216 766 arentis
1240 736 1394 775 languore
1419 738 1516 775 atque
1532 736 1734 767 hebetudine

290 785 370 807 num
387 780 423 809 tu
438 787 472 809 es
484 787 556 817 quae
569 779 678 816 jurare
694 779 727 809 et
747 779 903 809 obtestari
913 781 998 810 sole-
1029 780 1153 812 stolidae
1173 782 1309 821 mentis,
1335 783 1422 821 quod
1436 783 1496 812 Dei
1522 782 1647 812 scilieet
1670 781 1734 812 alta

289 823 347 853 bas
356 846 365 862 ,
380 824 407 854 si
422 833 578 863 umquam
588 824 628 854 ad
638 824 783 854 osculum
799 833 912 856 manus
924 835 997 865 per-
1029 827 1124 864 atque
1135 827 1263 857 subtilia
1276 829 1448 866 penetrare
1459 828 1636 866 nequeant,
1649 826 1734 865 quod

289 870 405 900 venire
432 870 582 908 daretur,
601 871 750 900 sufficere
770 871 837 908 jam
853 872 932 908 tihi,
949 872 995 901 nil
1013 870 1067 912 {de
1082 872 1240 902 suavitate
1252 873 1385 910 spiritus
1401 874 1457 903 aut
1472 873 1533 910 nil,
1546 873 1602 902 aut
1618 879 1734 910 parum

290 914 370 944 tede
383 917 499 945 caetero
508 914 997 954 petituranl'e'Ego.Quidigitur?
1011 914 1014 957 ι’
1028 917 1181 947 sentiant.
1194 918 1277 955 Quid
1291 919 1362 956 isti,
1378 919 1442 948 nisi
1462 918 1502 948 ad
1517 919 1664 948 osculum
1680 925 1734 947 su-

289 960 383 990 Forte
408 961 523 989 horum
538 969 609 998 quae
629 969 800 999 acceperas
826 962 996 1000 quippIam

290 1005 435 1035 ablatum
449 1006 654 1036 causaberis?
669 1007 770 1036 Nihil.
787 1008 833 1035 An
849 1016 927 1037 vero
953 1008 996 1037 ti-

290 1059 360 1081 mes
377 1052 557 1090 repetitum
583 1052 642 1090 iri,
671 1053 756 1091 quod
777 1053 837 1082 tibi
851 1053 891 1083 de
912 1054 996 1083 mala

289 1097 346 1125 tna
377 1097 516 1134 pristina
553 1099 800 1129 conversatione
831 1098 996 1129 indultum

287 1143 558 1181 praesumpseras?
571 1145 651 1174 Non.

330 1189 361 1218 2.
378 1191 444 1227 Age
455 1191 564 1220 tamen
575 1212 584 1229 ,
608 1190 660 1220 dic
676 1189 762 1220 unde
774 1198 930 1229 queamus
944 1199 996 1220 sa—

1027 962 1171 999 spirant?
1182 963 1353 1002 Suspirant
1365 965 1474 1002 plane,
1492 964 1524 994 et
1533 963 1662 993 inhiant
1670 963 1734 1001 spi-

1028 1008 1105 1037 ritui
1121 1008 1290 1046 sapientiae
1307 1011 1339 1040 et
1354 1010 1543 1039 intellectus
1559 1018 1566 1038 :
1584 1010 1732 1039 intellec-

1028 1054 1079 1082 tus
1094 1054 1207 1091 utique
1236 1064 1299 1092 quo
1322 1055 1525 1093 pertingant3
1545 1055 1733 1092 sapientias,

1027 1107 1087 1137 qua
1096 1101 1224 1138 gustent
1232 1100 1317 1138 quod
1327 1101 1498 1130 intellectu
1509 1099 1734 1138 apprehende-

1028 1145 1103 1174 rint.
1135 1146 1197 1183 Ego
1227 1146 1261 1175 in
1283 1146 1343 1175 hoc
1368 1146 1438 1183 ipso
1454 1145 1571 1176 affectu
1585 1146 1731 1177 sanctum

1027 1191 1104 1228 puto
1125 1199 1231 1221 orasse
1253 1192 1467 1229 Prophetam,
1490 1200 1564 1221 cum
1587 1191 1732 1221 diceret:

289 1235 440 1266 tistacere
457 1236 530 1266 tibi.
543 1238 610 1266 Non
626 1237 771 1275 quiesco,
785 1238 850 1275 ait,
862 1237 925 1267 nisi
944 1246 995 1267 os-
1010 1229 1014 1287 J
1027 1239 1109 1268 Sicut
1124 1239 1211 1276 culipe
1225 1240 1251 1268 et
1265 1239 1446 1276 pinquetlz'ne
1460 1238 1614 1276 repleatur
1625 1239 1734 1268 anima

290 1282 419 1312 culetur
431 1291 484 1312 me
505 1284 613 1313 osculo
630 1283 694 1313 oris
719 1283 780 1313 sui.
807 1283 932 1314 Gratias
955 1284 994 1314 de
1012 1293 1110 1320 unca,
1136 1286 1164 1314 et
1190 1284 1278 1314 labiis
1302 1284 1517 1314 exsultationis
1541 1283 1680 1313 laudabit
1700 1292 1734 1314 08

289 1329 398 1358 osculo
424 1329 564 1367 pedum,
594 1329 713 1367 gratias
740 1330 773 1359 et
795 1329 834 1360 de
855 1338 968 1359 manus
984 1339 992 1360 ε
1011 1314 1438 1370 ffmeum.Osculumomnino
1451 1327 1733 1367 petebat,etillud

290 1374 347 1404 sed
363 1375 390 1404 si
403 1383 480 1405 cura
495 1376 543 1405 est
558 1375 606 1405 illi
623 1376 688 1404 ulla
703 1375 743 1405 de
757 1383 823 1413 ine,
837 1376 996 1406 Oscnletur
1011 1373 1013 1407 ἔ
1026 1375 1189 1412 osculum,
1206 1375 1242 1404 in
1262 1375 1353 1412 cujus
1372 1374 1462 1404 tactu
1479 1373 1618 1411 perfusis
1637 1372 1733 1402 labiis

289 1429 340 1450 me
356 1421 456 1450 osculo
468 1423 529 1451 oris
543 1423 602 1451 sui.
617 1422 685 1451 Non
701 1429 772 1451 sum
789 1421 925 1460 ingrata,
938 1422 995 1451 sed
1011 1421 1222 1458 'pinguedine
1238 1421 1347 1457 gratiae
1359 1420 1508 1458 specialis
1519 1441 1527 1456 ,
1542 1419 1733 1457 sequeretur

289 1474 373 1495 amo.
396 1466 532 1504 Accepi,
555 1466 679 1504 fateor,
700 1467 826 1497 meritis
852 1467 992 1506 potiora,
1010 1455 1109 1503 'quod
1124 1465 1202 1495 alibi
1226 1465 1312 1495 idem
1327 1466 1396 1503 ipse
1418 1463 1734 1503 precatui-:Remea-

290 1511 347 1541 scd
373 1520 502 1550 prorsus
528 1512 680 1541 inferiora
703 1512 798 1542 votis.
824 1512 994 1543 Desiderio
1026 1513 1076 1541 tur
1099 1520 1132 1541 os
1154 1520 1255 1541 meum
1277 1513 1379 1547 laude,
1395 1513 1430 1540 ut
1455 1512 1578 1540 cantem
1600 1510 1732 1547 qloriam

290 1556 390 1595 feror,
420 1565 485 1586 non
515 1557 653 1587 ratione.
678 1557 724 1586 Ne
745 1565 852 1595 quaeso
882 1565 994 1588 cause·
1010 1559 1124 1594 duum,
1139 1559 1204 1587 tota
1228 1558 1275 1587 die
1296 1556 1539 1594 vizaqnz'tudinem
1551 1557 1651 1585 tuam.
1667 1555 1733 1584 De-

290 1602 371 1632 mini
396 1603 702 1641 praesumptionem,
719 1603 776 1632 ubi
800 1603 926 1633 affectio
942 1612 995 1633 ur-
1026 1603 1123 1641 nique
1145 1604 1178 1633 et
1199 1603 1363 1632 eructavit
1385 1602 1442 1631 ubi
1459 1601 1617 1639 gustavit:
1631 1602 1733 1639 Quam

291 1650 357 1687 get.
373 1649 478 1678 Pudor
493 1657 569 1678 saue
586 1649 742 1678 reclamat
759 1658 767 1678 ι
784 1649 841 1679 sed
862 1651 994 1687 superat
1010 1668 1013 1686 2
1027 1658 1139 1688 »nuqua
1172 1650 1334 1679 multitudo
1363 1649 1529 1677 dulcedinis
1561 1649 1641 1683 tuoe,
1665 1648 1734 1676 Do-

290 1702 391 1724 amor.
420 1695 485 1724 Nec
514 1695 644 1733 ignoro,
666 1695 752 1732 quod
778 1694 881 1724 honor
908 1695 993 1733 regis
1010 1697 1122 1733 lmine,
1150 1704 1244 1733 quam
1270 1694 1455 1725 abscondisti
1476 1693 1650 1723 timentibus
1680 1691 1731 1722 te!

287 1739 449 1777 judicium
461 1739 570 1778 diligit
586 1749 593 1769 :
611 1740 667 1769 sed
678 1748 823 1778 praeceps
833 1747 922 1769 amor
934 1748 994 1770 nec
1010 1732 1012 1759 3
1026 1741 1109 1770 Satis
1124 1741 1184 1770 hoc
1197 1741 1342 1770 osculum
1357 1739 1501 1769 detinuit
1514 1746 1590 1775 nOS,
1604 1738 1637 1767 et
1651 1745 1728 1767 nec-

287 1785 450 1822 judicium
465 1786 682 1823 praestolatur,
698 1793 758 1815 nec
768 1785 902 1815 consilio
915 1786 995 1815 tem<
1010 1798 1011 1801 ¹
1026 1787 1103 1815 dum
1118 1794 1170 1816 me
1183 1786 1267 1816 illud
1279 1783 1290 1824 (
1302 1786 1340 1815 ut
1351 1793 1464 1815 verum
1487 1784 1589 1814 fatear
1604 1782 1614 1823 )
1631 1783 1730 1822 digne

290 1833 515 1870 peratur,nec
536 1831 660 1869 pudore
688 1831 846 1868 frenatur,
864 1840 924 1861 nec
946 1840 995 1860 ra-
1010 1816 1013 1841 Ι
1026 1833 1102 1862 satis
1125 1832 1324 1870 expressisse
1349 1830 1485 1861 confido-
1504 1829 1568 1860 Sed
1586 1830 1731 1859 transea-

289 1876 371 1908 tioni
387 1877 571 1915 subjicitur.
589 1876 993 1916 Rogo,supplico,ssag]·to,

292 1924 450 1954 Osculetzcr
469 1933 517 1953 me
541 1924 641 1954 osculo
665 1925 726 1954 oris
749 1924 808 1954 sui.
831 1925 877 1952 En
892 1924 1013 1961 gratia;

289 1970 393 2008 ipsius
404 1970 517 2000 multis
534 1970 602 2007 jain
619 1970 711 1999 annis
721 1970 806 1999 caste
821 1970 993 2008 sobrieque

289 2016 403 2046 vivere
415 2024 515 2054 curo,
531 2016 665 2046 lectioni
679 2016 806 2053 insisto,
819 2016 934 2046 resisto
945 2016 996 2045 vi-

287 2062 356 2098 tiis,
365 2063 503 2092 orationi
516 2062 668 2092 incumbo
678 2062 884 2100 frequenter,
895 2062 994 2099 vigilo

290 2108 400 2137 contra
413 2107 622 2146 tentatIOnes,
638 2108 780 2145 recogito
791 2116 890 2137 annos
905 2116 994 2138 ineos

289 2152 323 2181 in
336 2154 552 2184 amaritudine
580 2154 696 2184 animae
711 2162 803 2183 meae.
817 2153 894 2183 Sine
915 2163 996 2192 que-

289 2198 358 2227 rela
375 2208 426 2228 me
453 2200 602 2238 arbitror,
625 2200 782 2238 quantum
797 2200 831 2229 in
846 2208 898 2229 me
925 2201 1013 2245 est,²

291 2245 473 2274 conversari
504 2246 590 2276 Inter
612 2246 744 2284 fratres3
773 2245 995 2284 superioribus

290 2290 503 2328 potestatibus
525 2293 653 2322 subdita
667 2300 739 2322 sum
750 2314 759 2330 ,
777 2292 947 2331 egrediens
962 2293 995 2323 et

289 2335 477 2373 regrediens
486 2336 523 2366 ad
535 2338 709 2376 imperium
721 2338 868 2368 senioris.
878 2338 995 2368 Aliena

290 2390 355 2413 non
374 2382 492 2420 cupio:
511 2391 585 2412 mea
608 2385 716 2422 potius
739 2385 773 2414 et
794 2393 847 2415 me
870 2384 996 2422 pariter

290 2427 377 2458 dedi.
390 2428 426 2457 In
451 2427 566 2457 sudore
583 2430 692 2459 vultus
704 2430 769 2459 mei
787 2430 919 2460 comedo
935 2439 996 2468 pa-

292 2482 369 2505 nem
385 2482 495 2504 meum
513 2482 521 2502 :
538 2475 690 2504 caeterum
706 2476 791 2513 quod
806 2476 841 2505 in
860 2476 910 2506 his
925 2485 996 2506 om-

290 2519 388 2550 nibus
403 2519 470 2557 est,
493 2519 597 2549 totum
618 2521 743 2549 constat
760 2520 800 2550 de
819 2523 995 2551 consuetu-

292 2566 389 2604 dIne,
417 2565 457 2595 de
484 2565 657 2596 dulcedine
680 2565 776 2595 nihil.
796 2566 883 2603 Quid
909 2567 989 2605 nisi,

290 2612 384 2652 iuxta
397 2611 589 2650 Prophetam
599 2634 608 2650 ,
623 2612 720 2642 vitula
734 2611 888 2651 Ephraim
910 2620 991 2650 sum,

291 2659 380 2690 docta
413 2658 534 2698 diliqere
561 2659 711 2691 trituram
727 2656 742 2688 ἓ
774 2657 926 2697 Denique
958 2658 992 2688 in

1010 1872 1097 1908 fmus
1113 1879 1153 1908 ad
1167 1878 1295 1917 reliqua
1308 1886 1316 1906 τ
1333 1878 1411 1916 quia
1422 1877 1455 1906 id
1463 1877 1580 1906 melius
1593 1876 1728 1914 impres-

1026 1933 1096 1954 sum
1110 1932 1210 1962 quam
1226 1932 1415 1962 expressum
1437 1921 1623 1952 innotescit.

1064 1969 1095 2000 [ι.
1111 1970 1282 2008 Sequitur:
1298 1970 1378 2009 Quia
1392 1969 1523 1998 meliora
1542 1968 1613 1997 sunt
1628 1965 1726 1996 ubera

1010 2018 1078 2060 ,tua
1097 2017 1185 2054 vino,
1209 2016 1387 2054 fraqi-antia
1412 2014 1574 2052 unquentis
1595 2012 1728 2051 optimis.

1027 2062 1064 2091 Et
1075 2061 1144 2091 haec
1160 2061 1260 2091 verba
1276 2061 1368 2097 cujus
1380 2060 1463 2097 sint,
1479 2059 1591 2089 auctor
1602 2066 1665 2087 non
1680 2058 1729 2088 lo-

1025 2108 1151 2147 quitur,
1174 2107 1362 2146 relinquens
1390 2106 1486 2136 nobis
1514 2105 1618 2134 libere
1644 2111 1730 2134 com-

1027 2154 1163 2184 mentari
1174 2175 1184 2190 ,
1197 2153 1248 2183 cui
1268 2152 1472 2191 potissimum
1490 2158 1637 2189 personae
1652 2156 1730 2179 con-

1028 2200 1173 2230 veniant.
1205 2199 1285 2229 Mihi
1310 2206 1390 2228 vero
1414 2205 1479 2227 non
1506 2196 1622 2233 deest,
1642 2195 1730 2226 unde

1027 2247 1080 2276 illa
1098 2246 1315 2283 congruenter
1329 2243 1487 2282 assignem
1506 2241 1575 2272 sive
1591 2249 1728 2280 sponsae,

1027 2292 1095 2322 sive
1116 2299 1250 2329 sponso,
1271 2290 1342 2320 sive
1368 2289 1467 2320 etiam
1487 2287 1595 2326 sponsi
1611 2285 1730 2316 sodali-

1028 2339 1097 2368 bus.
1114 2338 1152 2368 Et·
1179 2337 1322 2376 primum
1347 2343 1470 2374 sponsae
1491 2333 1632 2372 qualiter
1651 2340 1728 2362 con·

1027 2385 1159 2422 gruant,
1183 2382 1346 2414 indicabo.
1367 2380 1503 2411 Interim
1519 2378 1727 2410 confabulan-

1027 2431 1114 2461 tibus
1128 2430 1185 2460 illa
1208 2429 1333 2468 pariter
1360 2428 1456 2466 atque
1482 2426 1570 2464 illis,
1591 2422 1728 2454 accessit.

1028 2477 1110 2515 ipse,
1125 2476 1165 2506 de
1185 2484 1248 2514 quo
1262 2481 1368 2504 sermo
1390 2473 1470 2503 erat.
1486 2471 1606 2510 Utique
1621 2470 1726 2500 libens

1027 2522 1197 2561 appropiat
1211 2521 1251 2551 de
1271 2529 1304 2550 se
1320 2518 1541 2558 loquentibus.
1566 2517 1619 2546 Sic
1633 2514 1725 2546 solet.

1028 2568 1080 2597 Sic
1096 2567 1249 2597 euntibus
1264 2565 1299 2595 in
1316 2566 1465 2594 Emmaus
1476 2585 1485 2602 ,
1501 2564 1535 2593 et
1555 2561 1725 2592 conferen-

1028 2613 1115 2643 tibus
1126 2613 1212 2642 inter
1230 2620 1277 2651 se,
1289 2610 1470 2649 iucundum
1484 2617 1519 2639 se
1536 2606 1728 2638 facundum-

1027 2667 1090 2697 que
1107 2657 1260 2689 exhibuit
1278 2657 1441 2688 comitem.
1457 2655 1578 2694 Nempe
1600 2653 1661 2684 hoc
1676 2650 1726 2682 est

1120 2784 1134 2797 ,ι
