1830 3073
244 202 263 231 8

245 254 405 293 cognoscit
420 263 491 285 eam
513 252 608 293 quam
630 264 741 293 passus
762 256 810 285 est
831 256 937 285 tenta-

242 302 379 339 tionem,
393 300 616 340 probationem
632 301 744 338 fuisse,
760 308 825 330 non
845 300 937 329 deso-

241 346 523 385 lationemzporro
538 346 760 385 probationem
780 345 880 374 fuisse
898 344 936 373 ad

241 391 469 430 eruditionem,
483 399 549 422 non
561 391 600 420 ad
611 389 860 420 destructionem
870 411 879 427 ‚
895 390 936 419 si-

239 437 456 476 cutscriptum
466 437 535 466 est:
552 437 583 467 V
583 437 666 465 z'sz'tas
681 435 937 471 eumdilaculo,et

239 482 338 513 subito
349 482 464 521 probas
475 482 571 512 illum.
588 481 679 510 L'nde
693 480 727 510 et
740 479 866 517 cognito
879 487 935 509 suo

239 526 280 557 ‹le
294 527 474 558 tentatione
489 526 721 565 prosectu,n0n
730 524 857 555 tantum
871 533 934 554 non

238 572 369 611 refugit,
379 573 436 603 sed
445 573 542 603 etiam
551 571 669 601 tentari
677 570 802 609 appetit
812 579 819 599 :
831 571 935 601 Proba

238 626 305 655 me,
318 618 489 656 inquiens,
505 619 533 646 ct
549 618 630 646 tenta
645 625 703 645 τηε.
723 615 849 646 Crebris
871 616 934 646 ita-

237 671 301 700 que
316 661 541 701 hujuscemodi
555 661 834 691 vicissitudinibus
848 660 935 691 inter

238 708 350 746 gratiae
364 707 581 738 visitationem
602 707 634 735 et
652 707 840 737 tentationis
859 715 934 745 pro—

238 753 402 783 bationem
413 753 447 782 in
461 751 568 782 schola
580 751 738 781 virtutum
749 751 932 790 proficiens,

237 797 376 828 iaciente
391 797 502 834 utique
518 795 705 826 visitatione
726 805 768 827 ne
783 797 932 835 deficiat,

237 842 413 873 tentatione
438 850 480 872 ne
504 841 702 879 superbiat:
721 842 779 872 tali
801 843 931 873 tandem

237 888 392 917 exercitio
407 886 560 917 mundato
575 888 667 917 oculo
683 887 849 925 interiori,
869 889 933 918 sta-

237 933 296 962 tim
319 932 408 962 adest
428 933 504 969 lux,
527 931 582 962 cui
604 932 746 963 fideliter
771 933 931 964 inhaerere

238 978 388 1015 cupiens,
404 977 461 1007 sed
482 985 615 1015 corpore
630 987 759 1016 pressus
773 975 932 1017 non‘prae-

236 1024 363 1059 valens,
383 1022 423 1052 ad
449 1023 593 1061 seipsum
615 1024 730 1054 nolens
756 1024 931 1062 dolensque

235 1067 347 1096 resilit.
360 1067 608 1099 Gustatotamen
618 1069 821 1107 aliquatenus
835 1077 930 1107 quam

233 1113 334 1143 ‹lulcis
350 1114 399 1143 est
410 1113 576 1151 Dominus,
593 1115 662 1151 eJus
677 1114 787 1151 etiam,
804 1123 876 1144 cum
891 1114 932 1144 ad

235 1168 288 1189 :ua
308 1159 463 1197 redierit,
485 1159 521 1189 in
536 1160 640 1189 cordis
654 1160 761 1198 palato
785 1168 930 1198 saporem

233 1205 350 1234 retinet
367 1213 375 1233 z
392 1213 454 1242 quo
469 1204 516 1242 fit,
531 1206 567 1235 ut
579 1205 646 1241 jam
663 1205 783 1243 ipsum,
799 1214 864 1235 non
880 1206 929 1243 ip-

703 203 732 232 S.
755 203 992 232 BERNARDI
1018 205 1210 234 AssssATis

971 264 1046 285 cens
1072 265 1169 295 quam
1196 267 1404 298 conceperam
1429 260 1541 292 salutis
1554 284 1562 296 2
1583 262 1665 293 mini

967 301 1164 340 jamjamque
1183 303 1358 336 intercludi
1373 306 1551 344 videretur,
1566 309 1643 337 Dixi
1653 328 1664 343 ‚

969 347 1040 374 Non
1060 347 1164 377 videbo
1175 350 1344 381 Dominum
1356 354 1457 382 Deum
1478 354 1508 382 in
1523 355 1603 382 terra
1618 352 1666 382 vi*-

970 391 1099 420 vcntium
1126 401 1135 420 .·
1158 393 1244 430 quod
1270 396 1383 434 utique
1407 397 1440 426 in
1465 396 1664 427 abundantia

967 442 1245 474 praesumpseram.
1261 440 1338 470 Dzlci
1352 441 1439 470 enim
1455 442 1486 471 in
1502 442 1665 471 abundan-

968 480 1011 508 tia
1022 489 1110 517 mea,
1126 483 1197 512 Non
1211 483 1351 513 movebor
1365 487 1398 514 in
1412 488 1559 516 aeternum
1567 495 1578 524 ,·
1600 493 1663 514 non

968 524 1158 564 attendens,
1174 528 1260 566 quod
1273 528 1307 558 in
1323 529 1489 561 voluntate
1509 532 1582 569 tua,
1598 539 1662 561 non

967 569 1000 599 in
1015 572 1173 608 potestate
1188 581 1260 603 mea
1274 575 1452 612 praestitisti
1469 576 1576 606 decori
1590 585 1663 606 meo

966 615 1132 646 virtutem.
1156 619 1371 656 Quamobrem
1395 622 1530 651 avertisti
1554 622 1664 659 facicm

966 661 1052 691 tuam
1064 672 1083 692 a
1091 671 1151 700 me,
1159 666 1186 694 et
1193 665 1294 702 factas
1306 674 1375 696 sum
1389 666 1599 702 conturbatus,
1607 674 1665 696 ne-

965 714 1124 744 quaquam
1138 708 1204 745 iam
1216 709 1344 740 visurus
1358 710 1531 740 Dominum
1546 711 1663 749 Deum,

964 750 999 780 id
1020 753 1070 782 est
1083 753 1221 792 Patrem,
1237 755 1272 784 in
1284 755 1370 785 terra
1383 756 1574 786 viventium.
1590 757 1663 786 Non

965 798 1112 834 aspiciam
1132 799 1285 830 hominem
1311 801 1394 831 ultra
1407 823 1416 837 ‚
1439 801 1595 831 videlicet
1609 801 1662 831 Fi-

964 841 1063 880 lium,
1080 844 1120 874 de
1133 853 1196 882 quo
1214 845 1336 876 dictum
1353 847 1400 876 est
1417 855 1425 875 τ
1441 849 1483 877 Et
1497 847 1585 876 homo
1599 848 1661 883 cst,

964 888 1069 924 etquis
1077 891 1213 926 coenavit
1221 899 1287 919 eum
1298 890 1310 919 ?
1321 890 1384 920 Sed
1392 900 1445 920 nec
1457 891 1662 921 habitatorem

964 934 1082 970 quietis,
1100 934 1132 964 id
1142 935 1189 965 est
1204 935 1360 973 Spiritum
1375 937 1520 966 sanetum
1530 936 1587 974 ‚de
1597 944 1660 974 quo

946 993 948 1003 ι
963 978 1118 1016 scriptum
1129 981 1177 1010 est
1193 990 1200 1009 :
1217 983 1314 1019 Super
1325 990 1411 1019 quem
1422 983 1584 1020 requiescet
1592 983 1662 1020 Spi-

962 1025 1041 1054 ritus
1061 1033 1146 1056 meus
1153 1047 1164 1063 ,
1180 1027 1242 1057 nisi
1261 1035 1351 1067 super
1366 1027 1510 1057 lmme'lem
1529 1028 1557 1058 et
1576 1028 1661 1065 quie-

964 1068 1049 1098 tam?

997 1114 1028 1143 5.
1045 1113 1141 1145 Addit
1152 1125 1292 1155 qnoque,
1302 1117 1463 1147 Generalio
1480 1127 1546 1147 mea
1555 1117 1659 1148 ablata

962 1160 1004 1188 est
1019 1161 1046 1189 et
1065 1162 1224 1192 convoluta
1244 1164 1286 1192 est
1301 1172 1320 1192 a
1336 1172 1400 1200 me,·
1415 1163 1476 1193 hoc
1498 1163 1546 1193 est
1560 1163 1660 1192 bono-

961 1212 1031 1233 rum
1059 1213 1193 1243 operum
1215 1208 1340 1245 proles,
1361 1217 1455 1245 quam
1478 1217 1521 1238 ex
1543 1208 1658 1238 timore

961 1257 1120 1287 emperam
1137 1253 1311 1292 parturire,
1326 1255 1362 1284 ut
1379 1255 1418 1284 de
1431 1254 1536 1283 anima
1551 1254 1659 1284 nostru

961 1296 1059 1332 possit
1074 1297 1139 1326 dici
1157 1305 1164 1326 :
1181 1299 1297 1336 Elquoe
1308 1301 1415 1330 multos
1427 1300 1556 1329 habebat
1567 1300 1658 1337 filios,

232 1262 237 1277 .-
250 1252 296 1279 ius
311 1258 519 1288 quoecumque
530 1251 614 1280 bona
626 1250 799 1281 desideret.
813 1252 850 1281 Et
862 1252 930 1283 haec.
943 1256 945 1261 ’

233 1296 280 1325 est
296 1296 411 1326 caritas
426 1304 490 1326 non
511 1304 657 1334 quaerens
672 1305 743 1334 quae
759 1305 816 1326 sna
831 1299 904 1328 sunt
920 1282 945 1335 εἶ

233 1341 299 1370 liaec
322 1341 400 1371 facit
424 1341 527 1370 filium
552 1350 616 1371 non
635 1343 833 1380 quterentem
853 1336 944 1381 suast
961 1341 1117 1376 infirnmta
1132 1345 1186 1373 est.
1202 1344 1317 1374 Ablata
1331 1346 1374 1374 est
1388 1345 1497 1374 autem
1511 1345 1566 1382 pia
1589 1345 1658 1374 haec

232 1385 287 1414 :cil
307 1386 434 1415 Patrem
455 1386 655 1424 diligentem.
677 1387 786 1416 Timor
807 1378 943 1426 quippei
959 1386 1104 1426 soboles,
1125 1390 1155 1418 et
1169 1390 1328 1420 convoluta
1347 1391 1391 1421 est
1404 1400 1425 1420 a
1440 1397 1486 1420 me
1503 1390 1592 1428 quasi
1612 1391 1658 1420 ta-

233 1431 353 1461 i'nceret
375 1439 504 1461 servum
521 1432 555 1460 in
575 1440 630 1461 sua
646 1433 811 1463 commoda
825 1434 928 1464 decli-
961 1431 1157 1463 bernacnlmn
1176 1437 1336 1473 pastorum
1351 1445 1362 1465 .-
1377 1435 1416 1465 ad
1444 1435 1572 1476 ternpus
1592 1435 1659 1465 uti-

230 1476 382 1513 nantem,
405 1484 478 1515 spes
498 1477 735 1508 mercenarium
756 1487 814 1509 sua
839 1480 928 1511 lucra
958 1485 1022 1514 <lue
1045 1478 1186 1516 creditfla
1208 1488 1271 1509 ¹¹0⁰
1292 1480 1410 1510 tradita
1429 1479 1464 1509 in
1486 1481 1655 1510 aetel'ssum·

232 1522 423 1551 sectantem.
959 1523 1039 1552 Item
1055 1523 1191 1563 adjecit,
1208 1527 1342 1556 Proecz'sa
1357 1527 1399 1556 cst
1412 1526 1493 1556 velut
1508 1535 1527 1555 α
1539 1527 1657 1555 texente

269 1566 299 1596 2.
315 1567 376 1596 Per
398 1567 455 1596 hos
478 1567 690 1606 proculdubio
712 1569 826 1607 gradus
848 1570 928 1601 Eze-
958 1569 1020 1598 vita
1036 1578 1103 1599 mea
1124 1580 1134 1599 .·
1156 1571 1192 1600 ut
1213 1570 1371 1600 discerem
1396 1570 1560 1609 profectus
1580 1570 1654 1600 vitae

230 1611 321 1641 chias
341 1613 487 1650 transiit,
504 1615 537 1643 et
558 1614 699 1645 innotuit
718 1617 900 1647 transituris
917 1626 926 1646 ε
958 1622 1039 1644 meae
1055 1623 1116 1644 non
1131 1615 1165 1644 in
1181 1624 1271 1654 mea,
1297 1617 1351 1646 sed
1373 1616 1407 1646 in
1428 1624 1526 1646 manu
1543 1616 1656 1646 Omni-

229 1659 294 1696 qu
309 1659 375 1689 dixi
386 1660 417 1688 1'n
431 1660 554 1689 dimidio
568 1661 683 1689 dieram
696 1669 847 1700 meorum,
864 1664 928 1693 Va·
942 1653 1115 1697 'P01ffl1582
1131 1660 1213 1690 Situ‘t
1229 1662 1294 1691 tela
1309 1662 1342 1690 in
1365 1669 1463 1690 manu
1488 1662 1632 1691 'texentis
1646 1670 1655 1689 -'

229 1705 299 1733 dam
313 1705 464 1742 adportas
475 1705 576 1742 inferi,
592 1706 635 1735 Ac
647 1706 674 1735 si
687 1706 811 1736 diceret
828 1709 927 1737 :Cum

229 1749 375 1786 deposita
403 1750 544 1787 imagine
574 1751 737 1781 terrestris
765 1752 906 1783 hominis
917 1776 925 1791 ‚

229 1794 401 1832 imaginem
417 1796 556 1826 coelcstis
572 1797 657 1826 velle
680 1798 808 1835 portare
824 1800 925 1838 coepi3

228 1849 245 1867 u
261 1840 395 1878 timore,
418 1841 455 1869 ut
475 1841 631 1878 scriptum
657 1844 722 1879 est,
741 1845 927 1883 concipiens

228 1885 406 1915 exclamavi
421 1894 429 1915 τ
444 1887 565 1917 Vadam
575 1888 614 1916 ad
626 1890 731 1925 portas
743 1890 844 1927 inseri.
857 1890 928 1927 Quo

227 1931 333 1959 tamen
361 1931 476 1961 timore
502 1940 704 1970 nequaquam
731 1934 904 1973 desperans
915 1957 924 1973 ‚

228 1977 350 2011 quaesivi
370 1978 526 2006 residuum
542 1987 696 2008 annornm
714 1989 850 2011 meorum
864 2002 873 2018 ‚
889 1983 926 2011 ut

225 2019 291 2054 jam
307 2021 387 2049 mihi
400 2021 512 2052 vivere
529 2021 709 2060 inciperem
723 2045 731 2061 .
744 2025 799 2062 qui
816 2027 924 2055 contra

228 2072 279 2092 me
296 2065 441 2095 vixeram
459 2076 563 2105 usque
579 2064 696 2099 adhuc.
713 2070 852 2106 Quaesivi
868 2079 925 2101 au-

226 2111 293 2137 texn
309 2110 346 2139 ab
363 2111 418 2140 ilio
435 2114 489 2150 qui
504 2113 588 2144 dixit
603 2123 614 2144 .·
630 2115 700 2144 Sine
716 2124 762 2145 me
780 2116 856 2146 ἠῐΙιίἰ
868 2126 925 2155 po-

228 2156 308 2184 testis
327 2156 436 2193 facere.
452 2158 562 2196 Neque
578 2158 666 2189 enim
683 2160 723 2189 ad
738 2161 841 2198 ipsum
854 2162 923 2193 sine

228 2199 315 2237 ipso,
330 2209 394 2229 non
411 2202 515 2232 dicam
538 2205 677 2242 reverti,
697 2205 754 2235 sed
773 2214 832 2236 nec
848 2215 925 2237 con-

226 2244 312 2273 verti
328 2245 459 2281 quidem
475 2248 621 2284 poteram
639 2258 647 2278 :
661 2249 774 2288 utpote
791 2251 924 2290 spiritus

226 2288 365 2326 vadens,
383 2290 414 2319 et
429 2299 493 2320 non
516 2293 656 2323 rediens.
673 2296 818 2333 Quoesivi,
836 2304 922 2335 ergo,

225 2335 540 2366 residuimzannorum
557 2347 701 2368 meorum.
715 2340 785 2377 Quo
793 2344 923 2380 accepto

224 2376 306 2416 (non
321 2380 408 2409 enim
420 2382 516 2418 negat
528 2383 583 2419 qui
599 2383 713 2414 incitat
726 2385 764 2414 ad
780 2395 923 2423 quaeren-

227 2421 316 2462 dum)
325 2424 431 2454 statIm
442 2434 552 2455 veram
563 2429 713 2466 experior
727 2433 921 2462 sententiam

226 2466 399 2507 Sapientis,
414 2470 470 2508 qui
485 2471 531 2500 ait
547 2479 554 2499 :
571 2473 644 2510 Fili,
659 2477 800 2506 accedens
812 2479 923 2507 adser-

957 1704 1216 1742 quandoquidem
1232 1707 1304 1736 dum
1320 1708 1418 1737 adhuc
1433 1709 1552 1737 ordirer
1563 1728 1572 1743 ,
1594 1707 1654 1736 hoc

958 1751 1006 1780 est
1017 1751 1125 1780 statim
1142 1751 1175 1779 in
1190 1751 1302 1790 initio,
1317 1754 1441 1783 succidit
1459 1762 1524 1788 me,
1541 1752 1654 1789 quate-

957 1803 1017 1825 nus
1033 1795 1145 1825 eodem
1160 1805 1242 1834 pene
1256 1798 1400 1836 tempore
1416 1799 1449 1827 et
1464 1797 1606 1834 dederit,
1623 1798 1656 1825 et

957 1840 1069 1871 tulerit
1083 1842 1168 1879 quod
1178 1842 1321 1872 donarat.
1339 1843 1401 1872 Sed
1414 1843 1439 1873 si
1457 1842 1579 1873 defecit
1588 1842 1656 1872 vir-

957 1886 1007 1916 tus
1023 1895 1094 1916 mea
1109 1909 1117 1924 ,
1133 1895 1197 1916 non
1210 1888 1320 1918 tamen
1335 1888 1511 1925 dereliquit
1525 1895 1595 1924 me;
1612 1895 1654 1916 nc

956 1931 1011 1969 qui
1028 1934 1187 1970 caverat,
1202 1941 1266 1962 non
1281 1942 1373 1970 posse
1389 1933 1546 1971 perficere
1561 1933 1654 1962 vide-

956 1977 1056 2006 retur.
1069 1978 1153 2014 Quid
1164 1978 1327 2008 multa?1n
1337 1979 1474 2008 veritate
1486 1987 1562 2008 mox
1571 1987 1655 2008 com-

956 2022 1038 2059 peri,
1053 2023 1128 2060 quia
1139 2025 1236 2054 cir-Ius
1250 2025 1282 2054 in
1297 2024 1472 2062 infirmitate
1481 2025 1656 2063 perficitur,-

957 2068 988 2097 et
1004 2068 1053 2097 aio
1071 2077 1078 2096 :
1094 2070 1215 2098 Bonum
1230 2070 1308 2099 milii
1322 2072 1395 2108 quia
1411 2070 1581 2101 humiliasti
1593 2079 1652 2101 me.

936 2113 1096 2470 'Cognovi
1119 2114 1224 2151 enim,
1240 2114 1314 2152 quia
1331 2116 1364 2145 ilc
1388 2124 1481 2145 mane
1499 2124 1593 2153 usque
1614 2116 1654 2144 ad

942 1811 943 1818 i

941 1822 943 1830 t

958 2167 1112 2196 vesperam
1122 2159 1208 2196 finies
1223 2169 1288 2197 me,
1307 2161 1339 2189 id
1356 2161 1404 2190 est
1419 2160 1654 2190 consummabis

956 2211 1019 2232 me.
1036 2205 1104 2233 Non
1119 2205 1153 2234 in
1168 2206 1234 2235 solo
1256 2215 1350 2235 mane
1366 2206 1578 2243 visitationis,
1599 2209 1654 2236 aut

957 2248 1080 2278 tantum
1101 2250 1135 2279 in
1150 2259 1287 2288 vespera
1308 2252 1516 2288 tentationis,
1538 2252 1594 2282 sed
1620 2252 1653 2280 in

957 2294 1092 2332 utroque
1107 2295 1203 2325 simul
1220 2297 1281 2326 erit
1293 2296 1448 2334 perfectio
1469 2305 1552 2326 mea.
1569 2297 1654 2326 Stul-

956 2341 1006 2369 tus
1023 2349 1099 2378 ego,
1116 2342 1172 2378 qui
1188 2341 1313 2372 tantum
1329 2345 1490 2381 sperabam
1505 2352 1599 2381 usque
1614 2344 1652 2372 ad

957 2394 1056 2421 inane,
1071 2394 1143 2415 cnm
1159 2387 1263 2416 David
1276 2388 1380 2417 dicat:
1397 2389 1427 2418 A
1440 2390 1574 2418 custodia
1589 2397 1654 2417 ma-

956 2432 1055 2459 tutina
1076 2440 1169 2470 usque
1192 2433 1230 2461 acl
1254 2435 1369 2463 noctem
1386 2435 1484 2471 speret
1499 2434 1596 2464 Isracl
1619 2434 1652 2461 in

954 2477 1099 2505 Domino.
1124 2478 1161 2506 Et
1183 2478 1334 2514 quoniam
1359 2480 1498 2516 pusillus
1518 2479 1553 2508 in
1573 2484 1629 2515 spe
1642 2498 1651 2513 ,

226 2513 348 2543 vitutem
367 2516 442 2552 Dei,
463 2518 511 2546 sta
531 2517 562 2546 in
583 2518 708 2555 timore,
733 2523 761 2550 et
779 2530 923 2559 proepara
956 2523 1045 2558 qnasi
1059 2522 1102 2551 leo
1124 2523 1165 2552 sic
1181 2525 1320 2553 contr-icit
1342 2525 1447 2554 omnia
1462 2532 1532 2553 ossa
1553 2531 1623 2552 mea
1640 2532 1650 2550 :

227 2560 363 2588 (mimam
381 2561 465 2591 tuam
481 2562 519 2591 ad
534 2563 741 2593 tentationem.
757 2566 923 2596 Tentatio-
956 2566 1054 2595 robur
1083 2575 1176 2597 omne
1201 2568 1373 2606 videlicet,
1396 2568 1436 2597 de
1459 2575 1522 2606 quo
1546 2567 1652 2597 adhuc.

228 2602 321 2635 uibus
340 2604 446 2645 itaque
468 2613 541 2637 cum
563 2616 712 2647 urgerer,
729 2610 761 2639 et
776 2618 847 2648 spes
870 2620 920 2641 re-
956 2613 1014 2642 sub
1038 2614 1140 2644 tutela
1164 2617 1275 2654 gratiae
1295 2616 1478 2646 futurorum
1495 2615 1649 2655 improvi-
