1846 3078
707 252 736 278 3.

278 251 337 280 570

278 307 311 335 iu
328 305 397 336 istis
412 303 515 336 cordis
537 303 657 336 duritia
672 305 834 344 operatur.
850 304 888 333 Et
904 303 976 333 ideo
991 306 997 355 Ι

278 351 438 390 Propheta
459 351 608 390 Martyris
634 351 778 381 forsitam
793 358 873 380 voce
888 349 977 378 ‹lice-

278 398 333 428 bat
348 405 359 426 ··
375 398 578 437 eoaqutatum
589 399 633 428 est
646 399 722 428 sicut
733 397 780 426 lac
793 405 846 425 cor
857 403 976 430 eorum,

277 452 330 482 eqo
341 453 412 474 vero
425 445 518 483 leqem
532 446 619 474 tuam
633 444 793 472 meditatas
808 449 877 471 sum
892 449 903 470 .·
918 447 976 477 pro

277 497 316 519 eo
330 489 486 520 videlicet
500 489 586 528 quod
601 488 661 518 etsi
683 495 778 525 poena
793 486 908 516 eadem
928 485 977 515 vi-

276 535 428 574 deretur,
444 536 537 572 longe
563 535 690 563 diversa
712 533 797 563 esset
816 531 975 568 intentio,

275 581 332 610 illo
355 582 469 619 utique
491 581 626 610 durante
648 588 702 608 cor
733 579 844 608 contra
866 577 977 609 Domi-

275 635 371 663 num,
389 628 448 656 isto
464 627 496 655 in
512 627 583 663 lege
599 625 728 654 Domini
744 625 933 655 meditante.

317 672 366 702 1'4.
382 673 457 709 Quae
474 680 547 700 cum
568 671 612 699 ita
634 671 717 708 sint,
733 679 797 700 non
813 671 861 699 est
876 679 975 710 opus,

275 719 310 748 ut
327 718 394 747 dixi
405 740 412 754 ,
424 717 540 745 frustra
549 717 650 745 multa
662 716 817 744 adversus
829 715 976 745 homines

275 763 478 793 stultissimos
506 763 602 799 atque
632 761 900 790 obstinatissimos
925 761 977 791 di-

274 816 347 838 cere
366 816 373 836 :
390 806 510 836 suflicit
526 806 704 836 innotuisse
729 806 800 835 illos
815 807 851 836 ut
871 806 976 836 viten-

273 856 336 884 tur.
366 854 583 891 Quamobrem
608 855 643 883 ut
670 853 974 892 deprehendantur,

273 899 406 937 cogendi
423 900 496 928 sunt
519 899 571 928 vel
587 898 729 935 abjicere
753 898 890 928 feminas
901 921 909 936 ,
922 900 975 929 vel

273 946 364 975 exire
381 945 420 975 de
436 945 595 981 Ecclesia,
616 945 730 982 utpote
756 944 976 973 scandalizan-

271 994 320 1022 tes
336 991 510 1021 Ecclesiam
527 990 561 1020 in
578 991 730 1020 convictu
755 991 788 1019 et
802 989 976 1019 contuber-

272 1038 325 1067 nio
342 1037 550 1067 t'eminarum.
567 1036 749 1066 Dolendum
766 1035 877 1072 valde,
890 1035 974 1073 quod

272 1091 337 1113 non
353 1082 456 1113 solum
482 1083 557 1112 laici
584 1082 767 1121 principes,
785 1082 842 1112 sed
857 1083 890 1111 et
904 1082 975 1120 qui—

271 1131 344 1159 dam
362 1128 418 1169 (ut
442 1128 580 1168 dicitur)
599 1129 638 1158 de
660 1129 769 1165 Clero,
786 1136 913 1157 necnon
935 1127 974 1157 de

270 1176 385 1206 ordine
401 1176 630 1214 Episcoporum
639 1197 648 1212 ,
661 1174 715 1212 qui
726 1174 826 1212 magis
838 1182 892 1203 eos
900 1182 976 1212 per-

270 1222 362 1259 sequi
376 1221 575 1258 debuerant,
591 1221 724 1259 propter
735 1220 891 1257 quaestum
905 1228 975 1249 sus-

270 1267 415 1305 tineant,
432 1267 632 1305 accipientes
647 1267 686 1295 ab
702 1265 749 1295 eis
773 1273 920 1295 munera.
938 1267 975 1295 Et

271 1314 448 1351 quomodo,
475 1313 647 1351 inquiunt,
665 1311 890 1341 damnabimus
914 1320 973 1341 nec

270 1359 434 1389 convictos
446 1381 456 1397 ,
471 1367 531 1388 nec
547 1357 728 1388 confessos?
743 1357 869 1386 Frivola
885 1357 973 1394 satis,

270 1412 334 1433 non
347 1404 428 1434 ratio
439 1405 513 1442 ,sed
527 1404 661 1434 occasio.
676 1404 741 1432 Hoc
754 1403 831 1440 solo,
846 1403 973 1432 etiamsi

271 1449 361 1479 aliud
380 1457 445 1478 non
461 1450 564 1486 esset,
580 1449 675 1478 facile
692 1448 911 1486 deprehendis
922 1470 931 1485 ,
947 1448 973 1477 si

273 1494 330 1533 (ut
345 1494 437 1534 dixi)
454 1495 540 1525 viros
556 1496 588 1524 et
604 1494 759 1530 seminas,
776 1494 831 1531 qui
848 1502 881 1523 se
898 1502 974 1523 con-

270 1542 416 1572 tInentes
438 1542 569 1578 dicunt,
585 1541 625 1570 ab
650 1540 793 1570 invicem
819 1548 971 1577 separes:

271 1587 305 1617 et
324 1587 479 1624 feminas,
505 1586 638 1625 quidem
664 1593 736 1614 cun]
761 1584 834 1613 aliis
861 1584 911 1613 sui
940 1585 974 1613 et

269 1640 385 1669 sexus,
403 1632 435 1661 et
450 1632 517 1661 voti
531 1631 649 1669 degere
663 1638 772 1668 cogasg
784 1629 872 1658 viros
883 1637 972 1667 aeque

271 1686 346 1708 cum
372 1677 519 1714 ejusdem
543 1677 699 1715 propositi
720 1675 811 1704 viris.
831 1675 891 1704 Per
913 1675 974 1704 hoc

273 1723 359 1753 enim
383 1724 565 1753 consultum
583 1723 645 1752 erit
660 1723 872 1758 utrorumque
898 1721 973 1750 voto

271 1770 365 1799 simul
385 1770 418 1798 et
435 1768 544 1806 famae,
557 1776 630 1797 cum
643 1765 852 1797 continentiae
864 1774 928 1796 suae
941 1767 974 1796 et

268 1816 368 1845 testes
391 1814 586 1851 habuerint,
608 1814 641 1843 et
664 1812 823 1843 custodes.
839 1812 928 1849 Quod
946 1812 972 1842 si

268 1870 332 1891 non
361 1859 734 1898 sustinent,justissime
758 1859 975 1888 eliminabun-

269 1909 323 1937 tur
351 1907 391 1937 de
420 1906 559 1936 Ecclesia
577 1928 586 1944 ,
612 1913 708 1944 quam
736 1904 973 1943 scandalizant,

271 1961 336 1983 non
360 1953 464 1982 solum
480 1952 636 1990 notabili,
652 1951 708 1981 sed
733 1951 830 1981 etiarn
860 1951 972 1980 illicita

269 1999 522 2028 cohabitatione.
545 1999 625 2036 Ergo
646 1997 706 2027 ista
732 1996 894 2026 sufficiant
916 2005 973 2034 pro

269 2044 550 2082 deprehendendis
565 2044 680 2073 harum
697 2043 846 2080 vulpium
873 2043 971 2081 dolis,

268 2090 309 2120 ad
324 2089 460 2119 dandam
485 2089 655 2120 scientiam
685 2089 719 2119 ct
740 2089 900 2118 cautelam
925 2089 991 2117 ‹ii-1

268 2135 360 2164 lectae
377 2136 409 2165 et
425 2136 568 2173 gloriosae
584 2143 707 2173 sponsae
720 2134 850 2164 Domini
870 2134 972 2164 nostri
990 2135 992 2150 ¹

269 2179 344 2208 Jesu
360 2181 496 2218 Christi,
512 2181 566 2219 qui
584 2182 633 2210 est
648 2188 746 2218 super
762 2180 870 2210 omnia
886 2180 973 2210 Deus

270 2225 464 2256 benedictus
479 2227 511 2255 in
526 2227 642 2257 saecula
653 2249 662 2265 ,
678 2235 783 2256 amen.

437 2334 608 2367 smnio
634 2336 781 2368 LXVII
788 2357 796 2366 .

269 2404 311 2428 De
324 2403 448 2427 mirabili
465 2404 568 2427 affectu
585 2405 737 2429 dilectionis
752 2411 871 2436 sponsae,
886 2412 972 2436 quem

315 2441 425 2463 eructat
437 2442 550 2470 propter
563 2446 690 2463 amorem
706 2442 810 2466 Christi
823 2443 922 2473 sponsi.

311 2495 343 2524 Ι.
370 2495 536 2526 Βιιεςτυε
566 2504 650 2525 meus
672 2497 766 2533 milti,
787 2499 816 2527 et
841 2507 893 2536 eqo
917 2499 971 2528 illi.

271 2540 433 2570 Hactenus
448 2541 546 2570 verba
570 2541 697 2579 Sponsi.
719 2542 809 2571 Adsit
831 2543 899 2580 ipse
911 2565 920 2580 ,
937 2543 973 2573 ut

271 2585 368 2624 digne
384 2586 424 2615 ad
438 2586 572 2624 gloriam
587 2586 689 2625 ipsius
702 2586 735 2616 et
755 2588 896 2617 nostram
922 2589 974 2626 ip-

272 2640 381 2661 sorum
407 2632 563 2670 salutem,
578 2641 701 2672 sponsae
718 2632 789 2669 ejus
813 2633 972 2671 possimus

273 2679 468 2717 investigare
483 2687 657 2710 sermones.
671 2679 780 2718 Neque
792 2679 879 2709 enim
892 2680 971 2710 tales

766 249 1011 280 BERNARDI
1035 251 1230 278 ABBA'ris

1011 304 1102 341 sunt,
1118 304 1175 342 qui
1189 312 1207 333 a
1222 303 1314 336 nobis
1326 306 1524 337 considerari
1539 307 1572 338 et
1583 307 1712 345 discuti,

1010 350 1107 386 prout
1119 350 1253 389 dignum
1268 351 1384 391 fuerit,
1400 353 1550 391 valeant,
1562 353 1626 383 nisi
1641 353 1710 391 ipse

1011 392 1111 424 fuerit
1126 395 1193 425 dux
1208 395 1312 425 verbi.
1330 396 1410 427 Sunt
1422 399 1509 428 enim
1532 406 1627 436 quam
1640 406 1713 427 sua-

1010 446 1068 469 ves
1083 440 1123 470 ad
1137 440 1291 479 gratiam,
1303 441 1370 471 tam
1380 443 1523 473 foecundi
1537 443 1576 473 ad
1588 444 1711 481 sensus,

1010 483 1076 513 tam
1104 485 1206 515 etiam
1229 486 1383 524 profundi
1405 488 1445 517 ad
1472 489 1638 527 mysteria.
1654 488 1712 517 Cui

1010 529 1160 561 similabo
1183 532 1255 562 eos?
1271 532 1333 562 Uni
1355 533 1489 563 interim
1511 534 1609 564 alicui
1633 542 1714 571 epu-

1010 576 1133 615 larum,
1159 586 1230 616 quae
1257 579 1380 616 triplici
1408 580 1544 617 quadam
1570 579 1714 609 emineat

1010 623 1131 660 gratia,
1160 623 1314 654 deliciosa
1343 625 1383 654 ad
1411 633 1558 663 saporem
1572 647 1581 662 ,
1611 625 1713 654 solida

1010 667 1050 696 ad
1061 669 1299 699 nutrimentum
1308 691 1318 708 ,
1328 670 1445 700 efficax
1454 670 1494 700 ad
1503 669 1712 700 medicinam.

1010 713 1061 743 Sic
1071 736 1079 752 ,
1093 715 1224 753 inquam
1236 737 1244 753 ,
1261 716 1307 746 sic
1320 717 1465 754 singulus
1475 716 1610 754 quisque
1621 724 1715 754 spon-

1010 767 1051 788 sae
1067 769 1190 799 sermO,
1204 763 1291 792 etex
1305 771 1343 792 eo
1355 763 1441 800 quod
1456 763 1600 792 suaviter
1610 761 1714 800 sonat,

1011 805 1164 836 affectum
1179 808 1320 845 mulcet3
1336 809 1368 838 et
1383 808 1422 837 de
1438 816 1590 837 sensuum
1615 808 1715 837 uber-

1010 851 1076 880 tate
1102 853 1249 882 mentem
1275 853 1459 892 impinguat
1485 854 1519 883 et
1544 853 1664 890 nutrit3
1681 854 1714 882 et

1010 895 1049 925 de
1071 897 1245 929 altitudine
1267 900 1496 937 mysteriorum
1517 899 1594 928 dum
1616 899 1714 928 intel-

1009 941 1130 972 lectum
1153 952 1215 982 quo
1236 945 1311 983 plus
1336 946 1488 982 exercet,
1504 945 1578 982 plus
1592 944 1712 981 terret,

1010 987 1091 1018 miro
1125 989 1220 1018 modo
1255 992 1417 1019 tumorem
1448 991 1538 1019 sanat
1570 989 1714 1019 inflantis

1010 1033 1165 1064 scientiae.
1182 1035 1309 1064 Etenim
1332 1036 1358 1065 si
1382 1044 1466 1065 unus
1490 1035 1650 1073 quispiam
1671 1043 1713 1065 ex

1010 1077 1060 1107 his
1083 1079 1185 1117 forte,
1198 1081 1255 1118 qui
1277 1081 1339 1110 sihi
1362 1081 1452 1110 scioli
1473 1080 1643 1118 videntur,
1659 1089 1713 1110 cu—

1009 1124 1125 1154 riosius
1150 1134 1220 1156 sese
1245 1126 1374 1156 dederit
1398 1126 1554 1156 scrutinio
1580 1126 1712 1163 horum,

1009 1178 1081 1198 cum
1114 1171 1236 1202 viderit
1269 1172 1391 1210 ingenii
1420 1172 1470 1202 sui
1500 1172 1712 1202 succumbere

1009 1216 1113 1254 vires,
1128 1218 1161 1247 et
1175 1217 1277 1255 redigi
1291 1218 1325 1246 in
1341 1217 1564 1255 captivitatem
1580 1225 1711 1246 omnem

992 1263 993 1267 ’
1009 1261 1213 1293 intellectum
1235 1264 1450 1302 persenserit,
1468 1271 1574 1292 nonne
1604 1263 1714 1292 humi-

1009 1308 1105 1338 liatus
1126 1310 1165 1339 ad
1185 1310 1273 1340 illam
1289 1319 1403 1340 vocem
1419 1310 1650 1348 compelletur,
1673 1312 1711 1340 ut

1009 1353 1115 1385 dicat:
1132 1357 1282 1386 Illirasz‘s
1297 1358 1382 1395 facta
1403 1359 1445 1387 est
1459 1358 1584 1386 scientia
1597 1359 1651 1386 tua
1672 1367 1712 1387 ex

1008 1410 1055 1430 me
1064 1423 1073 1439 ,
1090 1403 1263 1440 confortata
1275 1405 1317 1433 est
1326 1424 1336 1439 ,
1349 1405 1377 1432 et
1388 1411 1448 1431 non
1457 1404 1560 1440 potero
1572 1404 1611 1432 ad
1621 1402 1712 1433 eam?

1010 1447 1046 1476 Et
1070 1456 1156 1478 nunc
1172 1448 1303 1486 quidem
1319 1448 1516 1486 principium
1537 1449 1711 1478 verborum

1009 1493 1080 1529 ejus
1093 1495 1223 1531 quantae
1239 1495 1407 1524 suavitatis
1424 1495 1549 1532 insigne
1562 1494 1713 1532 przefert?

991 1538 1085 1566 ¹Nam
1115 1539 1191 1568 vide
1221 1540 1316 1577 quale
1349 1539 1552 1577 principium
1571 1540 1710 1570 dederit.

1007 1584 1140 1614 Dilectus
1153 1606 1163 1621 ,
1186 1585 1308 1623 inquit,
1324 1594 1408 1615 incus
1434 1585 1528 1621 milii,
1545 1587 1573 1615 et
1587 1594 1639 1623 eqo
1655 1586 1710 1616 illi.

1009 1628 1155 1667 Simplex
1174 1639 1238 1660 vox
1259 1631 1407 1667 videtur,
1423 1631 1576 1668 quoniam
1604 1632 1709 1661 suavi-

1008 1675 1058 1703 ter
1070 1676 1182 1705 sonat:
1200 1675 1256 1706 sed
1269 1676 1307 1705 de
1323 1677 1383 1705 hoc
1400 1676 1566 1706 videbitur
1586 1678 1709 1714 postea.

1047 1720 1078 1749 2.
1094 1721 1183 1751 Nunc
1197 1730 1275 1751 vero
1297 1730 1314 1751 a
1330 1721 1504 1751 dilectione
1521 1721 1655 1760 incipit,
1671 1723 1711 1753 de

1008 1764 1128 1796 dilecto
1139 1767 1364 1805 prosequitur,
1380 1766 1464 1796 nihil
1477 1767 1565 1796 aliud
1581 1776 1614 1797 se
1628 1767 1711 1797 scire

1009 1809 1154 1840 indicans
1179 1811 1243 1840 nisi
1279 1811 1447 1840 dilectum.
1471 1812 1562 1841 Patet
1584 1811 1624 1841 de
1648 1820 1711 1850 quo

1008 1864 1113 1886 sermo
1127 1865 1134 1885 :
1148 1865 1220 1886 cum
1241 1865 1304 1895 quo
1319 1865 1383 1886 non
1410 1856 1466 1886 ita.
1479 1857 1547 1886 Non
1566 1858 1655 1886 enim
1676 1859 1711 1887 ut

1008 1911 1082 1932 cum
1098 1903 1167 1942 ipso
1180 1903 1293 1932 eodem
1307 1902 1405 1932 fuerit
1417 1903 1537 1932 sentire
1551 1903 1712 1940 permitti-

1008 1949 1079 1987 tur,
1092 1958 1164 1978 cum
1183 1949 1251 1987 ipse
1267 1949 1334 1986 jam
1356 1956 1421 1977 non
1437 1948 1580 1978 affuerit.
1601 1950 1711 1987 Neque

1007 1994 1041 2024 id
1054 1994 1201 2024 dubium.
1220 1996 1342 2033 'Nempe
1364 2002 1440 2023 mox
1456 2003 1534 2023 eum
1556 2002 1710 2024 revocare

1008 2041 1139 2070 videtur
1150 2063 1158 2079 ,
1175 2041 1208 2070 et
1218 2041 1309 2078 quasi
1322 2041 1394 2078 post
1408 2040 1532 2077 tergum
1547 2041 1708 2070 clamare:

1006 2088 1184 2124 never-tere,
1215 2087 1388 2124 inquiens,
1414 2087 1516 2116 dilecte
1540 2087 1592 2115 mi.
1620 2085 1711 2116 Unde

1007 2133 1198 2163 adducimur
1223 2141 1287 2163 non
1313 2132 1401 2162 aliud
1425 2140 1501 2162 sane
1527 2131 1710 2168 conjicere,

1007 2179 1068 2208 nisi
1089 2179 1174 2217 quod
1189 2179 1288 2208 finitis
1303 2179 1413 2208 verbis
1436 2177 1502 2206 suis
1517 2177 1574 2206 ille
1591 2177 1710 2205 iterum

1007 2233 1064 2254 suo
1089 2233 1178 2254 more
1200 2233 1233 2254 se
1260 2223 1500 2260 absentaverit,
1520 2222 1554 2252 et
1578 2221 1635 2250 illa
1658 2229 1710 2251 re-

1007 2271 1162 2300 manserit
1184 2269 1399 2299 nihilominus
1423 2268 1462 2297 de
1490 2275 1528 2297 eo
1553 2267 1709 2305 loquens,

1007 2315 1063 2354 qui
1081 2323 1256 2353 numquam
1278 2314 1392 2344 absens
1410 2315 1457 2343 est
1474 2312 1548 2342 sibi.
1568 2313 1616 2341 lta
1638 2313 1708 2343 est:

1008 2361 1040 2390 in
1067 2369 1121 2390 ore
1143 2360 1304 2398 retinuit,
1326 2359 1382 2398 qui
1408 2367 1474 2389 non
1496 2358 1670 2388 recedebat
1693 2366 1710 2387 a

1008 2406 1102 2436 corde
1113 2428 1122 2443 ,
1142 2414 1201 2436 nec
1216 2406 1343 2444 quando
1363 2404 1547 2435 recedebat.
1564 2403 1654 2441 Quod
1668 2403 1710 2434 de

1008 2460 1061 2481 ore
1079 2451 1167 2489 exit,
1183 2451 1223 2480 de
1247 2450 1343 2480 corde
1364 2450 1474 2487 venit,
1493 2449 1526 2479 et
1545 2457 1588 2478 ex
1607 2449 1712 2479 abun-

1008 2498 1116 2527 dantia
1133 2497 1237 2527 cordis
1251 2505 1286 2526 os
1297 2496 1451 2534 loquitur.
1468 2496 1547 2533 Ergo
1564 2494 1710 2532 loquitur

1008 2544 1047 2573 de
1061 2543 1179 2573 dilecto
1190 2564 1199 2581 ,
1215 2543 1251 2573 ut
1265 2550 1341 2572 vere
1363 2541 1482 2571 dilecta
1494 2540 1528 2570 et
1542 2548 1621 2570 vere
1633 2540 1710 2570 dili-

1007 2589 1127 2627 genda,
1150 2588 1305 2627 quoniam
1326 2587 1433 2625 diligit
1451 2585 1602 2615 multum.
1615 2584 1709 2621 Quae-

1008 2635 1109 2664 rimus
1125 2642 1198 2664 cum
1211 2633 1295 2672 quo?
1311 2641 1386 2663 nam
1398 2632 1437 2662 de
1454 2639 1535 2669 qu0,
1546 2630 1709 2661 novimus.

1008 2681 1043 2709 Et
1060 2688 1122 2709 non
1145 2679 1300 2714 occurrit,
1316 2678 1378 2708 nisi
1395 2677 1475 2707 forte
1493 2684 1565 2705 cum
1583 2675 1709 2706 adoles-
