1846 3078
583 238 627 265 IN
648 237 848 265 CANTICA
870 236 1023 265 SERMO
1047 238 1172 266 LXIX.

163 291 289 330 accepit
311 291 446 328 Petrus,
467 298 527 320 nec
542 290 674 322 inflatus
696 291 737 321 de
759 290 864 321 scien-

161 338 208 367 tia
226 360 234 375 ,
261 346 321 367 nec
348 336 605 375 praecipitandus
635 337 674 367 de
703 336 864 375 potentia.

161 384 266 420 Quare
275 383 288 412 ἓ
297 382 376 419 Quia
388 381 423 411 in
434 383 550 412 neutra
564 382 694 412 extollit
706 391 739 412 se
749 382 865 412 adver-

161 438 214 458 sus
239 427 413 458 scientiam
442 427 526 466 Dei,
557 429 613 466 qui
639 429 723 458 nihil
748 428 863 457 horum

159 475 278 511 praeter
300 473 361 502 Dei
382 473 557 503 scientiam
573 474 740 504 affectavit
756 481 764 502 ε
781 473 864 503 sicut

159 519 215 548 ille
230 519 286 556 qui
307 519 414 549 dolose
442 519 508 557 egit
523 520 557 549 in
576 520 752 557 conspectu
775 518 863 555 ejus,

157 565 194 594 ut
215 565 403 594 inveniatur
424 565 581 604 iniquitas
597 566 667 601 ejus
682 565 723 594 ad
740 565 861 594 odium.

157 610 325 646 Quomodo
355 610 499 648 denique
538 611 658 648 praeter
691 609 862 639 scientiam

158 656 241 692 Dei,
274 656 331 694 qui
357 665 391 685 se
420 655 538 685 scribit
565 655 752 693 Apostolum
785 656 862 684 Jesu

156 701 274 731 Christi
288 701 465 731 secundum
477 701 718 739 praescientiam
733 700 791 730 Dei
804 701 863 729 Pa-

155 745 241 777 tris?
255 748 293 776 Et
309 748 378 777 lime
394 747 480 777 dicta
495 747 561 777 sint
575 755 632 785 pro
649 754 687 776 eo
703 746 792 783 quod
812 746 863 775 in—

157 794 240 825 cidit
269 794 309 823 de
340 794 409 823 zelo
437 793 516 830 Dei,
540 801 637 830 quem
659 792 802 821 intendit
826 792 860 821 in

156 837 411 878 praevaricantes
426 837 583 874 Angelum
606 837 838 875 hominemque
851 859 859 875 ,

156 885 255 925 (nam
271 884 304 913 in
315 882 471 912 ambobus
480 882 604 920 reperit
615 882 811 921 pravitatem
829 881 858 922 :)

154 931 297 969 qualiter
316 929 475 959 videlicet
501 929 536 958 in
559 929 607 958 ira
630 929 664 959 et
693 929 726 958 in
750 929 860 959 furore

155 985 213 1007 suo
236 975 438 1006 destruxerit
461 984 591 1005 omnem
629 975 859 1014 altitudinem,

156 1023 370 1053 extollentem
383 1030 417 1052 se
431 1021 587 1052 adversus
599 1022 768 1052 scientiam
786 1022 858 1052 Dei.

195 1069 226 1098 6.
242 1069 332 1098 Nunc
345 1068 412 1105 jam
432 1068 662 1098 recurrendum
691 1067 730 1097 ad
752 1068 858 1097 zelum

156 1113 411 1151 misericordia),
428 1113 462 1143 id
483 1114 531 1143 est
550 1114 604 1152 qui
628 1121 691 1143 non
714 1113 860 1143 intendi-

153 1161 226 1196 tur,
248 1158 306 1188 scd
320 1159 377 1196 qui
393 1158 584 1188 immittitur
601 1166 609 1187 :
629 1158 781 1196 quoniam
802 1158 858 1196 qui

155 1204 340 1234 intenditur
370 1202 426 1243 (ut
452 1204 518 1240 jam
545 1202 712 1243 diximus)
740 1204 857 1241 judicii

155 1251 224 1288 est,
241 1251 276 1280 et
297 1249 376 1280 satis
390 1259 454 1280 non
474 1250 593 1281 terruit
609 1259 650 1280 ex
670 1250 858 1280 memoratis

154 1297 318 1335 exemplis
363 1298 430 1326 tam
472 1296 614 1335 graviter
656 1296 856 1334 punitorum.

153 1344 329 1381 Propterea
345 1344 399 1373 ibo
416 1351 474 1381 ego
488 1342 572 1371 mihi
588 1342 629 1371 ad
643 1343 749 1371 locum
771 1342 859 1371 resu-

152 1388 195 1425 gii
222 1396 240 1418 a
266 1388 350 1418 facie
376 1388 494 1418 furoris
520 1387 673 1425 Domini,
700 1387 739 1416 ad
763 1387 856 1417 illum

153 1435 268 1473 utique
285 1435 420 1473 pietatis
443 1435 547 1464 zelum
577 1435 721 1464 suaviter
741 1435 859 1464 arden-

152 1482 240 1519 tem,
263 1481 441 1511 efficaciter
462 1480 664 1519 expiantem.
694 1480 856 1517 Numquid

152 1536 216 1556 non
239 1528 353 1565 expiat
374 1526 511 1556 caritas?
526 1527 564 1556 Et
589 1525 753 1564 potenter.
780 1526 856 1563 Legi

152 1571 240 1608 quod
265 1573 391 1610 operiat
422 1572 668 1602 multitudinem
709 1572 858 1609 peccato-

150 1626 234 1647 rum.
261 1618 325 1648 Sed
349 1618 421 1647 dico
441 1618 625 1655 :numquid
650 1625 714 1646 non
740 1617 856 1646 idonea

150 1666 200 1695 est
221 1673 278 1694 seu
300 1664 465 1694 sufficiens
481 1664 521 1693 ad
538 1663 758 1701 dejiciendam
771 1684 779 1700 ,
797 1663 858 1692 hu—

150 1709 406 1747 miliandamque
452 1718 582 1739 omnem
625 1709 855 1739 extollentiam

149 1755 316 1784 oculorum
338 1753 371 1783 et
392 1754 517 1784 cordis?
533 1756 570 1784 Et
594 1754 755 1792 maximez,
781 1762 855 1783 nam

149 1809 212 1830 nen
226 1800 408 1838 extollitur,
424 1808 486 1829 non
503 1800 646 1830 inflatur.
658 1799 691 1829 Si
704 1807 777 1836 ergo
793 1799 856 1828 Do-

149 1848 257 1877 minus
271 1847 364 1876 Jesus
378 1846 530 1884 dignetur
541 1846 656 1876 venire
672 1845 711 1874 ad
724 1853 789 1882 me,
803 1847 855 1875 vel

149 1893 256 1932 potius
270 1893 303 1921 in
316 1900 387 1930 me,
403 1900 466 1922 non
483 1893 517 1922 in
528 1893 597 1922 zelo
613 1891 750 1929 furoris,
767 1892 800 1921 et
815 1900 855 1921 ne

147 1940 182 1968 iu
197 1939 245 1968 ira
256 1938 388 1977 quidem
398 1960 407 1976 ‚
424 1939 480 1968 sed
495 1939 528 1968 in
542 1938 676 1968 caritate
689 1937 722 1967 et
737 1938 855 1975 spiritu

148 1983 425 2021 mansuetudinis,
439 1985 594 2014 aemulans
608 1992 661 2013 me
677 1984 736 2014 Dei
754 1992 856 2014 aemu-

146 2030 268 2060 latione
286 2029 383 2068 (quid
399 2030 486 2059 enim
503 2030 547 2059 ita
569 2031 650 2067 Dei,
666 2031 703 2060 ut
715 2029 855 2060 caritas?

146 2084 265 2113 nempe
281 2078 314 2107 et
328 2077 413 2107 Deus
430 2075 498 2115 est)
512 2076 539 2106 si
550 2098 558 2114 ,
575 2075 707 2114 inquam
718 2098 727 2115 ,
743 2076 778 2105 in
793 2075 854 2105 ista

147 2121 297 2159 venerit,
318 2123 351 2151 in
370 2123 431 2152 hoc
454 2130 659 2159 cognoscam,
681 2121 768 2159 quod
788 2130 852 2151 non

146 2167 306 2205 sitsolus,
322 2168 379 2198 sed
395 2167 526 2198 venerit
541 2167 640 2197 etiam
656 2168 751 2197 Pater
776 2176 851 2196 suus

147 2220 222 2241 cum
251 2220 300 2242 eo.
330 2214 408 2242 Nam
434 2212 512 2251 quid
536 2220 627 2250 aeque
653 2211 853 2249 paternum?

144 2257 280 2295 Propter
303 2258 364 2288 hoc
385 2267 521 2297 nempe,
546 2267 614 2288 non
635 2259 730 2288 Pater
751 2257 851 2287 Verbi

144 2304 292 2340 tantum,
313 2304 369 2333 sed
387 2304 420 2333 et
434 2305 529 2334 Pater
553 2303 850 2334 misericordiarum

146 2349 196 2378 est
225 2349 429 2387 appellatus,
450 2350 537 2388 quod
561 2350 710 2380 innatum
733 2349 852 2379 habeat

145 2395 295 2424 misereri
321 2403 450 2433 semper
478 2396 510 2425 et
534 2403 681 2434 parcere.
707 2396 742 2425 S1
771 2403 849 2426 SEN-

146 2447 232 2470 seno
258 2441 378 2478 aperiri
394 2441 476 2470 mihi
498 2450 628 2471 sensum
641 2463 650 2479 ,
665 2441 704 2471 ut
722 2441 851 2472 intelli—

146 2494 217 2521 gam
229 2485 411 2524 Scripturas
424 2495 433 2524 3
446 2487 502 2516 aut
520 2495 704 2517 sermonem
719 2487 851 2525 sapien-

146 2532 200 2561 tiae
223 2532 313 2570 quasi
334 2532 473 2562 ebullire
495 2540 537 2562 ex
559 2532 702 2571 intimis,
724 2534 779 2563 aut
801 2534 851 2564 in-

146 2576 215 2605 fuso
230 2577 352 2607 lumine
369 2577 509 2615 desuper
523 2578 663 2608 revelari
679 2579 848 2618 mysteria,

147 2622 204 2651 aut
219 2623 307 2653 certe
323 2623 465 2661 expandi
481 2623 563 2653 mihi
577 2624 670 2662 quasi
689 2624 848 2663 quoddam

147 2668 361 2705 largissimum
378 2669 451 2700 coeli
472 2670 628 2708 gremium
643 2693 651 2709 ,
669 2671 700 2701 et
721 2671 847 2701 uberio-

1539 250 1597 277 379

899 300 950 322 res
966 292 1133 322 desursum
1149 291 1286 322 influere
1298 294 1405 325 animo
1416 298 1599 331 meditatio-

898 345 978 367 num
1011 338 1154 375 imbres;
1187 345 1252 366 non
1288 339 1413 376 ambigo
1448 351 1600 380 sponsum

899 383 1022 413 adesse.
1040 383 1140 414 Verbi
1153 383 1315 421 siquidem
1332 384 1380 413 hae
1394 387 1491 423 copiae
1504 393 1578 421 sunt
1591 414 1600 429 ,

900 430 932 458 et
952 429 991 458 de
1013 429 1219 467 plenitudine
1241 428 1312 466 ejus
1332 429 1393 458 ista
1412 432 1598 469 accipimus.

897 474 994 511 QUOD
1019 481 1049 504 si
1077 483 1110 504 se
1132 475 1256 513 pariter
1284 473 1445 504 infuderit
1470 477 1604 510 humilis

898 519 1063 558 quaedam,
1089 520 1147 549 sed
1173 519 1303 558 pinguis
1328 519 1453 550 intimae
1474 523 1606 560 adsper-

897 565 996 594 sionis
1012 565 1154 602 devotio,
1171 567 1208 595 ut
1223 574 1313 595 amor
1327 566 1444 604 agnitae
1455 569 1607 600 veritatis

896 612 1115 641 necessarium
1137 611 1298 649 quoddam
1319 611 1431 641 odium
1446 613 1603 644 vanitatis

896 656 930 685 in
942 665 993 686 me
1009 658 1143 694 generet
1160 658 1193 687 et
1208 657 1443 695 contemptum,
1459 667 1501 689 ne
1518 659 1604 690 sorte

895 702 950 731 aut
962 703 1097 732 scientia
1112 703 1217 741 inflet,
1228 703 1284 733 aut
1296 703 1481 742 frequentia
1493 706 1607 737 visita-

894 747 1019 778 tionum
1039 749 1176 779 extollat
1189 757 1241 778 me
1264 758 1272 778 ε
1296 749 1374 779 tunc
1396 758 1526 787 prorsus
1545 760 1605 790 pa-

894 791 987 823 terne
998 794 1103 823 sentio
1117 794 1168 832 agi
1179 802 1320 831 mecum,
1331 795 1363 823 et
1374 795 1503 825 Patrem
1516 797 1607 827 ades-

894 847 928 869 se
944 847 1007 869 non
1027 839 1151 870 dubito.
1174 839 1207 869 Si
1225 840 1334 869 autem
1348 848 1605 878 perseveravero

894 885 970 915 huic
986 886 1165 923 dignationi
1184 885 1288 923 dignis
1304 894 1434 924 semper
1449 885 1557 926 (quod
1569 889 1603 918 in

894 939 946 959 me
959 930 1021 969 est)
1035 931 1203 961 affectibus
1213 932 1246 961 et
1257 932 1383 961 actibus
1391 933 1604 972 respondere,

894 976 927 1005 et
942 977 1043 1014 gratia
1059 977 1119 1006 Dei
1131 977 1218 1015 apud
1229 986 1281 1007 me
1294 985 1396 1007 vacua
1406 986 1471 1007 non
1484 977 1603 1010 fuerit:

894 1022 993 1052 etiam
1014 1024 1216 1053 mansionem
1239 1023 1327 1061 apud
1341 1032 1393 1053 me
1414 1023 1516 1055 saciet
1535 1026 1602 1056 tam

892 1069 986 1099 Pater
1016 1070 1203 1108 enutriens,
1230 1078 1327 1108 quam
1354 1070 1500 1100 Verbum
1525 1079 1601 1101 eru-

893 1114 998 1144 diens.

933 1160 963 1190 7.
981 1161 1105 1198 Quanta
1118 1161 1214 1200 putas
1227 1169 1269 1191 ex
1284 1161 1344 1191 hac
1365 1161 1534 1192 mansione
1549 1162 1602 1192 in-

892 1205 943 1235 ter
965 1205 1107 1236 animam
1137 1207 1170 1237 et
1198 1206 1340 1236 Verbum
1365 1206 1602 1238 familiaritatis

892 1251 994 1288 gratia
1017 1252 1141 1282 oriatur
1154 1274 1162 1289 ,
1179 1253 1298 1290 quanta
1320 1252 1360 1282 de
1376 1251 1601 1283 familiaritate

891 1297 1046 1335 sequatur
1062 1296 1201 1327 fiducia?
1225 1298 1293 1327 Non
1315 1298 1364 1327 est
1380 1296 1437 1336 (ut
1457 1298 1597 1338 opinor)

891 1343 974 1380 quod
988 1343 1056 1380 J'am
1072 1344 1145 1373 talis
1167 1343 1274 1373 anima
1289 1343 1398 1373 dicere
1421 1344 1579 1374 vereatur
1592 1367 1599 1381 ,

890 1389 1025 1419 Dilectus
1040 1397 1125 1419 meus
1139 1389 1234 1427 mem,-
1252 1397 1323 1426 quae
1340 1397 1384 1418 ex
1402 1396 1440 1418 eo
1462 1389 1550 1426 quod
1564 1399 1598 1419 se

891 1434 1025 1471 diligere
1036 1457 1044 1472 ‚
1058 1435 1092 1464 et
1103 1435 1318 1464 vehementer
1328 1429 1468 1472 diligere
1484 1435 1599 1473 sentit,

891 1480 988 1509 etiam
1020 1480 1112 1517 diligi
1140 1480 1354 1510 nihilominus
1381 1480 1600 1516 vehementer

889 1533 954 1554 non
971 1526 1125 1565 ambigit,
1142 1534 1178 1555 ac
1195 1525 1234 1555 de
1251 1534 1308 1555 sua
1319 1526 1475 1564 singulari
1489 1526 1599 1557 inten-

889 1571 978 1602 tione
990 1594 998 1609 ,
1015 1572 1253 1610 sollieitudine,
1268 1580 1342 1602 cura
1356 1594 1364 1610 ‚
1378 1581 1476 1610 opera
1490 1595 1499 1611 ,
1517 1574 1598 1603 dili-

889 1617 1015 1654 gentia,
1039 1617 1229 1655 studioque,
1251 1625 1315 1655 quo
1335 1617 1538 1647 incessanter
1564 1620 1597 1649 et

890 1661 1040 1691 ardenter
1055 1662 1223 1700 invigilat,
1238 1662 1511 1699 quemadmodum
1527 1665 1597 1701 pla-

889 1707 961 1736 ceat
986 1708 1071 1744 Deo,
1104 1716 1196 1745 aeque
1226 1707 1295 1737 haec
1325 1707 1434 1736 omnia
1462 1707 1497 1737 in
1523 1708 1595 1746 ipso

888 1752 1113 1783 indubitanter
1140 1752 1300 1790 agnoscit,
1326 1752 1497 1782 recordans
1521 1762 1595 1792 pro-

889 1797 1050 1828 missionis
1077 1798 1170 1835 ejus:
1192 1800 1228 1828 1η
1245 1808 1307 1836 qua
1326 1807 1473 1829 mensura
1498 1802 1599 1831 mensi

887 1842 1005 1880 fucri'tis
1016 1865 1025 1880 ,
1040 1845 1217 1874 remetietur
1231 1844 1327 1874 vobis.
1343 1844 1409 1873 Nisi
1422 1844 1507 1882 quod
1520 1845 1596 1875 red-

888 1889 1081 1919 hibitionem
1107 1889 1218 1927 gratiae
1242 1889 1388 1927 prudens
1413 1898 1528 1928 sponsa
1553 1891 1594 1920 ad

887 1944 977 1964 suam
998 1936 1100 1973 magis
1115 1935 1209 1964 cauta
1229 1935 1277 1964 est
1292 1935 1422 1965 trahere
1443 1937 1570 1974 partem
1583 1958 1593 1974 ‚

885 1980 991 2011 sciens
1013 1989 1046 2010 se
1070 1981 1178 2019 potius
1202 1981 1402 2018 praeventam
1418 1989 1436 2010 a
1458 1981 1592 2013 dilecto.

886 2026 963 2055 Inde
987 2027 1035 2056 est
1057 2027 1142 2065 quod
1162 2026 1253 2056 illius
1270 2034 1401 2064 operam
1424 2027 1557 2065 praefert
1583 2036 1592 2056 :

884 2074 1031 2110 Dilectus,
1056 2073 1227 2111 inquiens,
1253 2082 1338 2103 meus
1363 2073 1458 2109 milti,
1484 2075 1513 2103 et
1534 2083 1591 2112 eqo

885 2120 938 2150 illi.
957 2121 1037 2158 Ergo
1059 2128 1101 2149 ex
1129 2119 1269 2158 propriis
1291 2128 1363 2157 quae
1386 2120 1461 2149 sunt
1489 2128 1593 2157 penes

886 2166 989 2195 Deum
1017 2166 1162 2204 agnoscit
1178 2174 1186 2195 t
1203 2174 1264 2195 nec
1284 2165 1412 2195 dubitat
1430 2173 1464 2195 se
1485 2165 1591 2195 amari

884 2221 956 2250 quae
973 2214 1070 2242 amat.
1088 2213 1135 2242 Ita
1155 2212 1215 2241 est.
1242 2211 1346 2241 Amor.
1364 2212 1427 2240 Dm
1443 2219 1589 2241 amorem

884 2258 1000 2288 animae
1012 2258 1116 2296 parit,
1129 2258 1161 2287 et
1172 2257 1260 2287 illius
1272 2264 1473 2295 praecurrens
1484 2257 1593 2286 inten-

883 2304 928 2334 tio
953 2303 1116 2334 intentam
1142 2303 1283 2333 animam
1307 2302 1406 2340 facit,
1433 2302 1592 2333 sollicitu-

883 2349 987 2388 doque
1013 2349 1198 2380 sollicitam.
1215 2348 1330 2379 Nescio
1356 2348 1445 2378 enim
1461 2356 1523 2386 qua
1538 2347 1591 2377 vi-

884 2396 1018 2425 cinitate
1044 2396 1191 2432 naturae,
1216 2403 1290 2424 cum
1311 2394 1413 2424 semel
1443 2393 1590 2423 revelata

883 2441 967 2472 facie
982 2442 1117 2481 gloriam
1129 2441 1189 2471 Dei
1201 2440 1362 2479 speculari
1375 2439 1481 2468 anima
1497 2437 1588 2474 pote-

882 2488 943 2526 rit,
957 2496 1035 2518 mox
1047 2488 1096 2517 illi
1109 2496 1143 2518 se
1159 2485 1351 2517 conformari
1368 2490 1502 2513 necesse
1518 2482 1586 2518 est,

883 2534 979 2572 atque
1002 2534 1038 2564 iu
1064 2533 1212 2564 eamdem
1233 2531 1407 2569 imaginem
1431 2527 1587 2557 transfor-

883 2581 976 2609 mari.
1000 2580 1102 2618 Igitur
1124 2579 1253 2618 qualem
1269 2578 1300 2606 te
1316 2573 1480 2613 paraveris
1496 2573 1584 2610 Deo,

882 2626 957 2656 talis
977 2625 1105 2664 oportet
1126 2622 1280 2662 appareat
1298 2620 1359 2650 tibi
1381 2620 1479 2648 Deus.
1503 2619 1580 2648 Cum

884 2674 991 2701 sancto
1008 2671 1136 2701 sanctus
1156 2668 1237 2705 erit,
1256 2666 1287 2697 ct
1310 2673 1382 2697 cum
1398 2665 1466 2696 viro
1488 2664 1584 2693 inno-v
