1846 3078
254 238 317 269 592

255 293 354 325 debat
379 293 519 333 populus
545 294 661 325 videns
693 295 816 332 Deum,
840 293 875 323 id
904 293 953 322 est

253 341 392 379 populus
403 341 519 379 Israel,
535 340 666 371 dicente
682 341 845 377 Scriptura
857 360 866 376 ,
878 338 952 376 quia

253 387 435 426 ubicumque
444 388 539 418 Israel
552 389 631 422 erat,
641 388 696 416 lum
706 386 790 415 erat:
806 383 852 413 sic
868 384 954 413 inter

255 432 339 463 filios
353 432 624 470 tenebrarum,in
640 431 723 461 tetra
740 430 852 459 mortis
874 428 954 459 cali-

255 478 332 516 gine
347 478 519 517 fulgebunt
544 477 641 516 justi,
659 477 692 505 et
710 475 888 512 videbunt,
916 483 954 504 eo

254 524 367 563 utique
399 524 518 554 clarius
529 545 537 560 ‚
564 530 627 560 quo
666 521 758 551 exuti
787 529 955 559 corporum

253 569 388 599 umbris.
397 571 473 598 Nam
487 570 519 598 et
534 568 568 597 hi
581 567 635 604 qui
651 566 725 595 ante
740 574 804 595 non
818 566 956 604 respira-

251 615 372 650 §rerunt
383 614 454 653 (nec
463 614 549 643 enim
561 611 758 650 quaesierunt
768 611 956 650 inspirantis

254 660 322 690 diei
332 660 440 689 lumen
450 680 458 696 ,
469 660 500 688 et
516 658 566 687 Sol
578 657 713 695 justitiae
724 664 788 686 non
802 657 890 686 ortus
908 657 957 686 est

252 704 340 744 eis:)
354 705 386 734 hi
398 727 407 742 ,
428 705 578 742 inquam,
592 703 688 733 ibunt
708 703 747 733 de
762 703 905 733 tenebris
923 703 956 732 in

252 751 404 780 tenebras
422 749 606 788 densiores,
621 750 658 779 ut
682 749 738 787 qui
763 748 796 778 in
812 748 957 779 tenebris

253 797 344 834 sunt,
387 796 616 826 tenebrescant
660 795 786 834 adhuc;
822 795 856 826 et
899 795 955 834 qui

252 840 367 871 vident
377 841 522 878 ,videant
537 841 652 879 magis.

293 888 343 917 10.
370 887 432 916 Ubi
447 895 512 916 non
534 886 808 916 inconvenienter
823 885 957 915 forsitan

251 932 433 962 adducetur
449 931 547 961 etiam
569 939 674 961 sermo
698 929 846 968 Domini,
861 939 957 968 quem

252 977 356 1015 dixit,
364 977 441 1016 quia
450 976 575 1007 habenti
581 976 717 1013 dubitur,
729 977 757 1006 et
768 975 957 1014 abundabit,-

251 1025 281 1053 εἰ
294 1026 396 1054 autem
417 1023 470 1062 qui
489 1031 553 1053 non
567 1022 679 1059 habet,
692 1023 721 1051 et
734 1022 813 1060 quod
840 1022 959 1051 videtur

252 1069 384 1108 habere,
411 1069 570 1107 auferetur
585 1068 623 1098 ab
639 1076 685 1097 co.
703 1067 751 1096 Ita
767 1067 816 1097 est
833 1075 841 1095 :
858 1066 891 1096 et
905 1066 959 1095 ad-

255 1115 344 1145 ditur
358 1114 394 1145 in
406 1114 511 1144 morte
522 1113 712 1143 videntibus
727 1112 760 1142 et
770 1120 835 1142 non
843 1111 959 1142 viden-

253 1160 343 1190 tibus
368 1160 522 1190 demitur.
548 1159 618 1196 Quo
634 1158 722 1189 enim
747 1158 782 1188 hi
803 1158 912 1188 minus
927 1159 959 1188 et

252 1207 378 1244 minus,
395 1214 432 1237 eo
455 1206 505 1236 illi
533 1206 633 1243 magis
647 1204 813 1243 magisque
826 1204 957 1242 vident,

253 1253 356 1282 donec
370 1253 402 1282 et
416 1252 476 1282 hos
493 1251 637 1289 excipiat
649 1250 815 1288 suspirans
829 1258 911 1288 noX,
927 1252 959 1280 et

254 1299 329 1328 illos
357 1297 523 1336 adspirans
548 1296 636 1335 dies,
656 1305 728 1335 quae
748 1296 824 1326 sunt
848 1295 960 1325 novis-

251 1345 338 1374 sima
363 1344 595 1382 utrorumque,
626 1343 775 1372 extrema
805 1341 960 1371 videlicet

255 1389 408 1428 caecitas,
432 1390 466 1419 et
493 1396 643 1427 suprema
663 1387 803 1417 claritas.
827 1388 875 1416 Ex
899 1387 960 1416 hoc

255 1437 394 1472 jamnon
403 1435 451 1465 est
460 1434 545 1472 quod
553 1434 702 1463 dematur
710 1433 841 1462 omnino
849 1433 960 1462 vacuis

255 1489 321 1510 non
331 1481 379 1510 est
386 1480 471 1518 quod
483 1479 618 1508 addatur
625 1478 732 1516 plenis
743 1487 750 1505 τ
760 1478 822 1507 nisi
832 1478 916 1515 quod
926 1478 959 1507 hi

255 1526 368 1556 nescio
391 1525 469 1564 quid
488 1525 586 1563 pleno
604 1523 743 1561 amplius
758 1531 791 1552 se
808 1524 961 1560 acceptu-

254 1579 309 1602 ros
316 1571 516 1610 praesumunt
528 1567 961 1605 secundum-promissionem

257 1617 299 1646 ad
319 1625 354 1647 se
380 1616 509 1646 factam.
525 1615 564 1644 Et
583 1613 810 1652 promissionis
829 1613 959 1651 quidem

257 1662 396 1692 verbum
411 1661 476 1691 tale
493 1660 543 1690 est
560 1669 568 1689 :
589 1661 766 1690 Mensarum
794 1659 918 1694 bonam,
934 1660 962 1687 et

257 1709 430 1746 confertam
440 1729 450 1744 ,
458 1709 485 1737 et
494 1707 678 1745 coaqitutam
689 1727 698 1741 ,
707 1707 734 1734 el
742 1704 963 1742 supereffluen-

257 1757 319 1784 tem
328 1753 444 1783 dabunt
453 1754 484 1783 in
493 1753 594 1783 sinum
604 1753 750 1781 vestrum.
761 1751 808 1779 An
816 1757 880 1779 non
890 1750 963 1787 plus

257 1801 354 1839 pleno
371 1798 507 1837 quodam
530 1797 624 1826 modo
646 1796 708 1825 tibi
736 1803 805 1825 esse
832 1794 963 1825 videtur

257 1845 345 1884 quod
360 1843 585 1882 supereffluit?
602 1843 698 1871 Porro
711 1840 838 1879 placide
852 1839 964 1869 audies

258 1893 393 1930 plenum
410 1891 443 1920 et
460 1890 606 1928 plenius,
624 1888 650 1918 si
666 1889 698 1917 te
713 1887 829 1925 legisse
846 1886 962 1915 memi-

258 1936 365 1973 neris,
377 1937 409 1966 in
421 1937 570 1965 oeternum
581 1935 609 1963 et
620 1934 713 1963 vltra.
724 1934 803 1970 Ergo
816 1931 842 1961 is
852 1940 964 1961 cumu—

260 1983 311 2011 lus
327 1980 522 2019 adspiranlis.
539 1979 601 2009 erit
615 1978 692 2008 diei.
707 1978 794 2015 Ipsa,
814 1977 944 2015 inquam
955 1999 963 2015 ,

260 2027 392 2063 adjiciet
412 2026 453 2055 ad
474 2032 657 2054 mensuram
678 2022 843 2061 inspiratae
858 2023 965 2060 pleni-

259 2072 400 2110 tudinis,
410 2072 450 2101 ad
464 2070 650 2108 inspirantis
665 2069 728 2099 erit
742 2069 808 2098 diei
822 2068 944 2106 copiam
955 2091 963 2107 ‚

261 2126 358 2156 supra
372 2118 502 2147 modum
515 2117 548 2146 in
563 2116 702 2147 sublime
717 2115 843 2153 pondus
855 2115 965 2151 gloriae

263 2172 417 2202 operans,
442 2164 489 2193 ita
515 2164 554 2193 ut
579 2162 743 2192 redundet
768 2161 802 2190 in
833 2169 965 2197 corpora

263 2210 500 2248 supereffluens
534 2206 774 2238 clarificationis
813 2206 963 2243 adjectio.

261 2256 331 2285 Hac
353 2255 392 2284 de
418 2263 513 2284 causa
539 2255 626 2284 enim
651 2262 712 2283 non
739 2252 886 2291 spirans,
909 2252 966 2282 sed

262 2301 430 2338 adspirans
453 2300 537 2329 dicta
553 2302 617 2337 est,
633 2300 720 2338 qnod
742 2299 839 2328 addat
860 2298 899 2327 ad
917 2298 966 2327 in-

262 2346 460 2385 spirantem,
498 2346 559 2375 hoc
601 2346 803 2383 significante
842 2344 966 2382 Spiritu

264 2393 375 2423 sancto
399 2399 459 2430 per
484 2391 661 2428 adjectam,
688 2392 745 2427 ml,
762 2389 966 2428 praepositio-

265 2446 366 2468 nem:
389 2437 464 2475 quia
489 2444 566 2474 quos
588 2436 643 2464 illa
670 2436 756 2466 intus
781 2435 965 2473 illuminat,

266 2484 326 2513 hos
350 2483 411 2512 ista
439 2481 573 2511 adornat
587 2480 683 2517 soris,
697 2481 729 2510 et
760 2481 839 2510 stola
859 2481 966 2518 gloria:¹

269 2528 379 2559 induit
395 2535 459 2557 eos.

311 2577 360 2606 11.
376 2576 481 2614 Atque
498 2575 530 2604 id
554 2575 629 2604 satis
652 2582 709 2612 pr«)
725 2573 827 2602 (landa
842 2574 966 2603 ratione

270 2622 437 2659 vocabuli,
453 2620 538 2660 quod
554 2620 601 2650 est
615 2620 784 2658 adspirans.
802 2619 839 2647 Et
854 2619 880 2648 si
895 2620 969 2648 vul-

728 239 757 268 S.
780 237 1008 268 BERNARDI
1027 238 1222 266 ABBATis

986 293 1037 323 tor
1051 301 1149 331 quem
1165 291 1409 332 exspectamus,
1424 293 1480 332 qui
1495 293 1687 324 reformabit

987 346 1102 376 corpus
1133 338 1328 368 humilitatis
1353 341 1485 378 nostrae,
1512 340 1687 377 configura·

987 384 1056 413 tum
1089 385 1215 422 corpori
1245 385 1399 416 claritatis
1417 386 1512 416 'suae-
1542 386 1621 415 Nam
1652 385 1687 415 et

988 428 1146 466 inspirans
1170 429 1384 459 nihilominus
1404 431 1495 460 'idem
1519 430 1590 468 ipse
1619 429 1687 467 est,

987 475 1164 505 secundum
1180 476 1418 513 operationem,
1434 485 1497 514 qua
1510 485 1568 506 nos
1583 475 1689 514 respi-

988 529 1058 550 rare
1070 521 1160 559 prius
1171 520 1249 551 facit
1259 521 1294 550 in
1304 521 1430 551 lumine
1441 522 1526 560 quod
1537 521 1688 560 inspirat,

988 567 1024 596 ut
1038 566 1138 596 simus
1154 567 1188 597 et
1202 575 1259 597 nos
1282 567 1352 597 dies
1367 568 1531 605 respirans
1545 567 1580 596 in
1596 567 1666 605 ipso
1677 588 1687 604 ,

989 612 1167 642 secundum
1191 612 1278 650 quod
1301 612 1437 642 interior
1458 612 1570 641 noster
1594 611 1690 641 homo

989 659 1162 688 renovatur
1174 659 1214 688 de
1231 658 1283 688 die
1299 658 1334 687 in
1349 658 1435 688 diem
1445 680 1454 695 ‚
1468 658 1502 687 et
1513 658 1690 687 renovatur

990 703 1023 732 in
1037 703 1155 741 spiritu
1166 703 1286 733 mentis
1299 711 1364 732 suae
1377 702 1417 732 ad
1429 702 1604 739 imaginem
1619 702 1690 740 ejus

989 749 1045 786 qui
1059 757 1094 778 se
1120 748 1260 786 creavit,
1277 748 1381 778 factus
1402 747 1540 786 proinde
1563 747 1632 777 dies
1648 755 1690 777 ex

990 794 1061 832 die,
1077 793 1112 824 et
1135 794 1249 823 lumen
1270 802 1312 823 ex
1335 793 1474 823 lumine.
1491 794 1571 823 Cum
1592 793 1692 831 igitur

990 839 1052 869 duo
1079 840 1114 869 in
1140 839 1234 869 nobis
1266 839 1456 877 praecedant
1487 839 1575 877 dies,
1606 846 1693 868 unus

990 884 1122 922 quidem
1154 884 1315 922 inspirans
1349 892 1408 923 pro
1436 885 1580 922 corporis
1603 884 1691 921 vita,

991 930 1074 958 alter
1087 938 1166 959 vero
1188 930 1352 967 respirans
1367 930 1402 958 in
1427 929 1692 960 sanctificationis

991 973 1112 1011 gratia,
1127 982 1222 1011 porro
1236 974 1357 1003 tertius
1371 974 1514 1011 supersit
1529 975 1692 1012 adspirans

994 1020 1025 1048 in
1039 1019 1292 1049 resurrectionis
1305 1019 1422 1056 gloria:
1437 1019 1537 1048 claret
1547 1019 1693 1057 profecto

992 1065 1166 1103 anquando
1191 1064 1404 1103 adimpletum
1430 1064 1472 1093 iri
1496 1064 1531 1093 in
1559 1072 1694 1102 corpore

991 1111 1076 1148 quod
1092 1110 1259 1149 praecessit
1274 1111 1309 1139 in
1325 1110 1451 1148 capite,
1463 1118 1615 1148 magnum
1629 1109 1695 1139 uti-

992 1165 1055 1195 que
1067 1157 1200 1195 pietatis
1211 1156 1449 1186 sacramentum
1459 1178 1468 1194 ‚
1481 1156 1515 1185 et
1525 1154 1694 1193 Prophetae

992 1201 1232 1239 testimonium,
1248 1201 1306 1240 qui
1331 1201 1378 1231 ait
1403 1210 1411 1230 :
1443 1200 1616 1239 Vivisicabit
1639 1208 1696 1230 nos

989 1250 1057 1287 post
1071 1249 1145 1278 duos
1156 1249 1216 1278 dies
1225 1269 1235 1285 ,
1247 1248 1280 1277 in
1294 1248 1340 1277 die
1352 1248 1443 1277 tertia
1456 1246 1613 1278 suscitabit
1625 1254 1694 1284 nos,

993 1296 1022 1324 et
1040 1295 1174 1325 vivemus
1202 1295 1237 1324 in
1262 1295 1421 1332 conspectu
1442 1293 1525 1331 ῥῖψε-,-
1550 1293 1692 1328 sciemus,

992 1348 1222 1378 sequemurque,
1232 1341 1267 1369 ut
1281 1347 1498 1377 cognoscamus
1511 1339 1693 1368 Dominum.

995 1385 1064 1423 Ipse
1093 1385 1141 1414 est
1171 1384 1207 1413 in
1239 1392 1337 1422 quem
1368 1383 1482 1421 Angeli
1508 1382 1695 1421 prospicere

995 1430 1247 1468 concupiscunt,
1268 1429 1408 1467 Sponsus
1429 1428 1582 1459 Ecclesiae
1603 1428 1696 1458 Jesus

993 1476 1137 1506 Christus
1151 1475 1307 1505 Dominus
1321 1476 1448 1513 noster,
1461 1475 1517 1514 qui
1536 1474 1585 1505 est
1598 1482 1696 1512 super

995 1522 1104 1551 omnia
1139 1522 1237 1559 Deus!
1262 1521 1456 1551 benedictus
1490 1521 1526 1551 in
1550 1520 1695 1558 saecula,

996 1574 1104 1596 amen.

1294 1608 1380 1617 —u

1152 1649 1321 1682 SEmlo
1356 1650 1538 1682 LXXIII.

998 1725 1127 1756 Qualiter
1148 1725 1277 1750 Christus
1297 1724 1331 1747 ad
1348 1724 1537 1754 judicandum
1560 1723 1654 1747 veniet
1668 1723 1698 1747 ln

1027 1761 1121 1784 fornia
1134 1760 1275 1789 humana,
1292 1762 1323 1783 ut
1341 1760 1432 1783 suavis
1445 1761 1570 1790 appareat
1589 1758 1698 1787 electis;

1027 1799 1052 1819 et
1082 1796 1225 1826 quomodo
1255 1796 1350 1819 minor
1384 1795 1512 1826 Angelis,
1543 1794 1699 1825 iisdemque

1026 1832 1187 1856 sublimior.

1039 1887 1068 1915 1.
1082 1887 1291 1915 REVERTERE
1299 1907 1308 1923 ,
1321 1886 1428 1916 similis
1439 1887 1500 1916 esto
1508 1906 1519 1922 ,
1529 1886 1631 1916 dilecte
1641 1887 1699 1923 mi,

999 1941 1115 1971 capreoe
1127 1932 1313 1970 hinnuloque
1326 1940 1496 1961 cervorum,
1513 1930 1617 1968 Quid?
1631 1931 1698 1961 Mo-

1000 1979 1038 2007 ‹lo
1059 1979 1104 2015 it,
1121 1978 1216 2008 modo
1232 1976 1391 2007 revocas?
1405 1977 1490 2013 Quid
1505 1976 1650 2006 subitum
1665 1976 1700 2006 in

1001 2025 1063 2053 tam
1087 2023 1181 2052 brevi
1205 2021 1361 2052 emersit?
1383 2021 1534 2051 ObIItane
1554 2020 1702 2059 aliquid?

1000 2069 1103 2098 Etiam
1118 2068 1219 2098 oblita
1244 2068 1348 2097 totum
1364 2066 1450 2105 quod
1473 2074 1538 2096 non
1560 2066 1616 2096 ille
1632 2066 1700 2104 est,

1000 2123 1033 2144 se
1049 2123 1176 2153 quoque
1201 2114 1315 2152 ipsam.
1334 2112 1483 2150 Denique
1499 2121 1573 2142 cum
1588 2113 1631 2142 sit
1650 2120 1699 2142 ra⁴

1001 2160 1098 2190 tionis
1109 2168 1174 2190 non
1187 2168 1322 2198 expers,
1335 2166 1398 2188 non
1413 2159 1524 2188 tamen
1538 2158 1632 2188 modo
1643 2180 1652 2196 ,
1664 2158 1700 2187 ut

1000 2206 1147 2244 videtur,
1172 2205 1307 2235 rationIs
1323 2205 1371 2234 est
1397 2212 1536 2242 compos,
1554 2204 1616 2233 Sed
1639 2212 1702 2234 nec

1000 2253 1034 2282 in
1050 2261 1146 2282 sensu
1158 2252 1206 2281 illi
1220 2251 1383 2281 ullatenus
1396 2250 1532 2288 apparet
1546 2257 1702 2279 verecun-

1000 2299 1052 2329 dia
1068 2306 1136 2328 esse
1147 2320 1156 2336 ,
1168 2305 1266 2336 quam
1282 2296 1364 2326 forte
1380 2296 1482 2326 habet
1496 2296 1530 2324 in
1545 2295 1702 2325 moribus.

1001 2346 1096 2374 Amor
1114 2345 1334 2381 intemperans
1351 2342 1430 2372 facit
1445 2342 1518 2371 hoc.
1535 2342 1660 2379 Nempe
1677 2341 1704 2370 is

1001 2392 1049 2422 est
1065 2390 1121 2429 qui
1137 2398 1266 2419 omnem
1282 2388 1316 2417 in
1331 2396 1364 2418 se
1381 2387 1588 2424 triumphans
1603 2385 1704 2424 capti-

1001 2444 1143 2475 vansque
1156 2434 1290 2474 pudoris
1304 2442 1452 2471 sensum,
1466 2432 1702 2462 convenientiae

1002 2483 1150 2519 modum,
1167 2479 1416 2510 deliberationis
1443 2478 1634 2514 consiliu1n3
1652 2477 1705 2507 to-

1002 2529 1068 2558 tius
1094 2527 1282 2563 modestiae,
1309 2526 1345 2556 et
1371 2523 1621 2563 opportunitatis
1646 2530 1703 2552 ne-

1002 2573 1143 2611 glectum
1169 2571 1341 2610 quemdam
1357 2571 1391 2600 et
1412 2569 1585 2608 quamdam
1608 2567 1703 2596 incu-

1003 2619 1085 2649 riam
1109 2618 1207 2656 parit.
1231 2618 1309 2646 Nam
1334 2615 1410 2646 vide
1432 2622 1519 2644 nunc
1542 2612 1702 2651 quomodo

270 2670 313 2700 tis
327 2668 428 2706 scire,
445 2667 512 2698 (lies
529 2667 689 2705 adspirans
710 2665 779 2704 ipse
796 2664 843 2695 est
858 2663 967 2694 Salva-
981 2654 988 2699 Ι
1004 2665 1116 2701 illum,
1150 2671 1232 2702 ponc
1260 2662 1363 2693 adhuc
1399 2659 1608 2698 incipientem
1635 2658 1701 2694 ire,
