1810 3073
535 211 579 238 IN
604 207 802 238 CANTch
827 206 974 234 SERMO
1000 206 1126 233 XXXI.

113 269 233 309 gralia,
251 265 466 306 negligentem
480 263 660 303 ignorantia
675 270 739 292 non
756 270 816 291 ex-

117 315 219 345 cuset.
236 314 354 343 Verum
376 310 438 340 hoc
454 318 556 348 genus
580 308 712 339 videndi
729 314 817 336 com—

116 367 226 389 mune.
256 358 292 387 111
324 357 478 394 promptu
507 354 595 384 enim
629 354 694 391 est,
721 352 817 390 juxta

115 403 298 442 Apostolum
308 423 319 440 ,
329 401 415 431 omni
428 400 533 430 utenti
547 399 669 429 ratione
678 421 688 436 ,
704 395 818 427 invisi-

115 448 193 478 bilia
209 448 267 477 Dei
284 455 343 485 per
358 455 395 477 ea
410 454 480 485 quae
504 445 588 475 facta
602 445 693 482 sunt,
718 442 818 472 intel-

114 495 197 523 lecta
213 493 413 531 conspicere.

153 538 185 568 lt.
203 539 291 568 Alius
309 537 522 575 proculdubio
536 536 592 565 ille
607 532 735 572 modus,
754 541 817 571 quo

111 584 274 622 quondam
287 584 436 613 Patribus
447 582 559 612 crebra
572 581 626 610 illa
639 581 737 617 atquc
751 586 818 607 am—

113 630 230 659 bitiosa
258 630 376 659 divinae
398 626 581 666 praesentiae
613 623 818 654 familiaritas

113 675 284 713 dignanter
306 674 431 703 indulta
455 672 525 708 est,
543 678 736 708 quamquam
756 676 816 697 nec

112 721 192 757 ipsis
206 721 300 749 sicuti
312 721 371 755 est,
382 718 438 748 sed
447 718 532 747 sicut
545 716 673 754 dignata
683 714 817 744 est.Nec

113 766 177 795 11110
189 765 336 795 omuibus
346 763 449 800 modo,
459 762 526 800 sed,
535 762 572 791 ut
581 761 626 790 ait
635 760 816 798 Apostolus,

113 813 279 848 multifaric
293 811 453 846 mutusque
471 809 584 843 sinodis,
598 815 671 836 cum
691 806 760 844 ipse
784 806 816 833 in

113 864 146 885 sc
156 855 198 884 sit
210 863 302 892 unus,
311 853 439 883 dicente
450 854 517 891 ipso
528 852 569 881 ad
582 852 677 881 lsrael
689 860 697 880 1
710 852 817 881 Domi-

112 909 170 930 nus
192 902 274 930 Deus
299 902 386 935 taus,
412 901 494 929 Deus
513 907 592 928 unus
613 900 667 927 est.
690 898 728 927 Et
749 897 816 925 haec

111 946 362 982 demonstratio,
378 953 442 974 non
458 944 591 982 quidem
615 943 796 972 communis
810 951 816 980 3

112 992 168 1021 sed
184 993 291 1020 tamen
307 991 384 1020 toris
400 990 485 1019 facta
505 990 571 1026 est,
587 988 746 1018 nimirum
762 997 818 1017 ex-

113 1038 217 1066 hibita
242 1045 298 1075 per
313 1037 472 1073 imagines
497 1035 703 1064 extrinsecus
718 1042 818 1072 appa-

112 1083 239 1119 rentes,
270 1091 328 1111 scu
363 1090 458 1111 voces
487 1081 650 1110 sonantes.
680 1079 743 1109 Sed
771 1080 817 1109 cst

112 1129 222 1157 divina
240 1128 414 1166 inspectio,
428 1135 465 1156 co
481 1127 683 1156 differentior
699 1125 737 1154 ab
754 1125 817 1163 his,

112 1182 176 1211 quo
192 1174 344 1209 interior,
362 1181 435 1202 011111
451 1180 510 1210 per
536 1172 679 1209 seipsum
707 1171 819 1208 (ligna-

113 1222 166 1248 tur
190 1219 333 1247 invisere
350 1219 436 1247 Deus
453 1218 594 1246 animam
620 1218 817 1254 quaerentem

113 1273 165 1300 se,
181 1273 251 1301 quae
276 1265 385 1292 tamen
410 1263 449 1292 ad
465 1262 677 1300 quaerendum
701 1262 768 1291 toto
784 1271 817 1291 se

114 1309 273 1338 desiderio
289 1310 322 1338 et
344 1317 451 1338 amore
468 1307 611 1337 devovit.
627 1308 663 1336 Et
678 1307 739 1336 hoc
755 1308 818 1345 sig-

113 1363 191 1385 num
209 1355 388 1384 istiusmodi
405 1354 562 1383 adventus
576 1353 663 1390 ejuS,
680 1353 763 1383 sicut
778 1354 817 1383 ah

115 1409 154 1431 eo
175 1401 231 1439 qui
257 1401 413 1438 expertus
436 1402 486 1429 est
511 1400 685 1429 edocemur
711 1401 818 1438 :lqnz's

114 1449 185 1476 ante
200 1448 296 1484 ipsum
320 1447 484 1484 praecedet,
506 1447 533 1474 et
555 1444 762 1481 inflammabit
786 1446 818 1473 in

113 1493 240 1522 circuita
253 1493 388 1521 sannices
399 1492 475 1528 ejus.
488 1490 621 1528 Oportet
632 1497 771 1527 namque
784 1490 819 1520 ut

113 1538 214 1567 sancti
231 1537 383 1567 desiderii
400 1537 493 1566 ardor
508 1535 686 1574 praeveniat
702 1535 817 1565 faciem

114 1583 184 1620 ojus
198 1583 236 1612 ad
263 1591 392 1611 omnem
408 1582 568 1619 animam,
593 1581 633 1611 ad
657 1590 754 1619 quam
771 1583 819 1611 est

114 1630 182 1667 ipse
207 1631 385 1665 venturus,
412 1628 468 1665 qui
495 1636 626 1657 omnem
653 1628 819 1657 consumat

113 1674 297 1712 rubiginem
323 1674 498 1710 vitiorum,
524 1674 557 1702 et
582 1673 627 1702 sic
658 1674 819 1710 praeparet

114 1721 221 1749 locum
235 1720 385 1748 Domino.
398 1720 437 1747 Et
450 1721 528 1748 tunc
544 1718 605 1748 scit
617 1719 723 1747 anima
739 1726 820 1755 quo—

114 1765 201 1794 niam
226 1764 318 1801 juxta
336 1764 384 1793 est
399 1764 573 1800 Dominus,
589 1771 661 1792 cum
687 1771 721 1792 58
746 1771 819 1792 sen-

115 1810 194 1840 serit
219 1810 275 1838 illo
310 1810 383 1847 igne
408 1817 615 1846 succensam,
641 1809 674 1837 et
699 1808 820 1838 dixerit

114 1864 189 1886 cuin
205 1855 363 1893 Propheta
380 1863 389 1883 =
413 1856 459 1884 De
478 1856 594 1884 excelso
618 1855 699 1884 misit
720 1856 820 1892 {quem

113 1903 146 1932 in
164 1901 279 1931 ossibus
294 1902 385 1938 meis,
401 1903 428 1930 et
440 1901 568 1930 erudivit
583 1909 643 1929 me.
660 1900 697 1928 Et
711 1900 792 1929 illud
809 1909 817 1929 :

115 1948 275 1979 Concaluit
290 1956 342 1977 cor
363 1955 465 1976 meum
482 1947 565 1975 intra
580 1955 646 1982 me,
660 1947 689 1976 et
710 1947 741 1976 in
756 1955 820 1976 me·

115 1995 260 2024 (litatione
275 2002 344 2023 mea
358 1993 533 2022 exardescet
549 1993 638 2030 iqm's.

155 2039 186 2069 5.
201 2039 270 2068 Tali
285 2038 401 2067 animae
417 2037 591 2075 suspiranti
613 2037 818 2075 frequenter,

116 2086 215 2114 immo
230 2085 298 2113 sine
321 2083 562 2113 intermissione
579 2083 702 2120 oranti,
726 2084 759 2113 et
773 2084 820 2113 af-

114 2129 251 2159 metanti
277 2137 311 2158 se
331 2137 397 2166 11138
423 2128 603 2166 desiderio,
620 2137 693 2158 cum
719 2128 819 2158 inter-

115 2175 193 2206 dum
209 2175 412 2205 desideratus
426 2174 501 2212 ille,
518 2174 573 2212 qui
592 2174 634 2203 ita
650 2174 818 2212 quaeritur,

115 2222 286 2253 miseratus
301 2220 456 2257 occurrit,
478 2221 556 2258 puto
573 2220 621 2249 illi
637 2220 676 2249 de
691 2220 818 2258 propria

117 2267 321 2306 experientia
352 2267 546 2304 convenire,
572 2267 610 2296 ut
634 2267 721 2296 dicat.
746 2275 818 2296 cum

117 2313 224 2344 sancto
236 2312 375 2342 Jeremia
393 2320 402 2340 ι
418 2314 520 2342 Bonus
533 2321 578 2348 es,
592 2313 722 2342 Domine
732 2335 741 2348 ,
754 2322 819 2351 spe-

117 2357 257 2389 rantibus
268 2358 300 2386 in
313 2358 358 2392 te,
375 2358 486 2386 animoe
498 2358 648 2395 quoerenli
662 2359 699 2387 te.
713 2357 775 2387 Sed
788 2359 819 2388 et

118 2403 260 2442 Angelus
276 2401 362 2439 ejus,
375 2402 430 2439 qui
446 2410 528 2431 unus
543 2403 593 2431 est
604 2402 644 2432 de
659 2402 820 2433 sodalibus

118 2449 224 2488 sponsi
236 2470 244 2485 ,
259 2448 289 2476 in
305 2447 365 2476 hoc
383 2447 487 2485 ipsum
504 2447 694 2485 deputatus,
710 2448 821 2478 minis—

119 2497 170 2525 ter
191 2493 335 2532 protecto
350 2494 383 2522 et
398 2493 520 2523 arbiter
535 2493 667 2523 secretae
684 2495 821 2525 1111111118·-

119 2550 182 2579 que
208 2538 430 2575 salutationis3
447 2539 492 2575 is,
517 2539 666 2577 inquam,
683 2540 821 2577 Angelus

118 2585 276 2625 quomodo
304 2584 477 2622 tripudiat,
501 2585 659 2622 quomodo
682 2586 820 2616 collaeta-

120 2634 174 2661 tur
196 2632 227 2661 01
252 2629 511 2678 condelectatur,
527 2631 559 2660 et
585 2638 757 2661 conversus
781 2631 820 2662 ad

270 2680 296 2698 0.

1497 200 1554 236 257

850 259 1024 289 Dominum
1046 257 1150 288 dicit:
1166 258 1293 288 Gratias
1319 268 1376 297 ago
1399 259 1556 299 tibime-

849 305 937 334 miue
952 303 1150 341 majestatis,
1166 303 1242 341 quia
1265 303 1465 335 desiderium
1486 315 1557 336 cor-

850 351 899 381 dis
915 351 986 388 eJus
997 349 1144 380 tribuisti
1161 349 1210 385 ei,
1227 349 1260 378 et
1273 349 1443 379 voluntate
1457 351 1559 380 labio-

851 405 922 427 rum
945 395 1015 433 ejus
1039 403 1107 425 non
1130 393 1287 424 fraudasti
1303 402 1387 423 eam.
1412 395 1482 432 lpse
1508 397 1558 427 est

851 442 906 479 qui
921 442 956 471 in
971 441 1059 471 omni
1073 441 1143 470 loco
1159 439 1293 469 sedulus
1308 438 1439 476 quidam
1454 440 1558 476 pedis-

851 495 969 525 sequus
1001 486 1118 515 animae
1152 492 1218 514 non
1253 484 1357 513 cessat
1382 483 1558 514 sollicitare

851 539 935 567 eam,
949 532 982 560 et
992 529 1128 560 assiduis
1139 528 1399 567 suggestionibus
1411 535 1558 565 monere,

851 576 986 605 dicens:
1014 576 1172 605 Delectat-e
1193 576 1226 604 in
1246 575 1400 609 Domino,
1423 575 1452 603 et
1475 574 1560 603 dabit

851 622 906 651 tibi
917 623 1072 658 petitiones
1089 621 1186 650 cordis
1199 621 1253 650 tui.
1267 619 1306 649 Et
1322 627 1448 649 rursum
1465 628 1472 647 ε
1492 620 1560 649 Ea:-

851 670 951 704 §pecta
977 669 1163 703 Donu'nmn,
1189 668 1218 696 et
1237 667 1354 697 custodi
1376 667 1461 695 ‘ciam
1482 666 1558 703 ejus.

850 714 948 749 item,
965 714 1000 742 Sa·
1018 721 1140 742 moram
1163 712 1284 749 fecertt,
1305 713 1446 749 aspecta
1471 720 1560 747 eum,

850 759 923 796 qaia
941 759 1066 788 veniens
1086 759 1203 794 veniet,
1220 759 1249 787 et
1271 766 1335 787 ‘non
1351 757 1496 786 tardabit.
1512 756 1559 785 Ad

850 804 1023 834 Dominum
1039 803 1149 833 autem
1167 812 1175 831 :
1193 804 1276 833 Sicut
1292 812 1413 839 cerrus,
1430 802 1557 841 inquit,

850 850 999 880 desiderat
1011 850 1051 879 ad
1062 849 1160 886 fontes
1167 857 1321 886 aquarum
1333 870 1342 884 ‚
1355 850 1399 878 ita
1411 849 1561 878 desiderat

850 896 959 925 anima
974 895 1036 924 ista
1051 896 1091 924 ad
1105 896 1132 924 te
1147 896 1241 924 Deus.
1255 893 1462 922 Desideravit
1476 894 1510 923 te
1526 893 1560 922 in

850 942 962 978 nocte,
980 941 1037 970 sed
1059 941 1092 970 et
1116 939 1250 978 spiritus
1272 939 1348 968 tuus
1374 939 1408 968 in
1424 947 1560 976 praecor-

851 986 913 1016 diis
933 987 1003 1024 ejus
1028 986 1068 1016 de
1092 993 1187 1015 mane
1210 984 1362 1022 vigilavit
1387 984 1427 1014 ad
1453 984 1498 1014 te.
1521 985 1560 1013 Et

851 1032 969 1062 iterum
987 1041 994 1061 ε
1008 1033 1087 1062 Tota
1102 1032 1155 1061 die
1171 1030 1329 1069 expandit
1344 1030 1385 1060 ad
1399 1030 1432 1059 te
1447 1038 1560 1060 manus·

852 1087 924 1108 suas
933 1101 942 1117 ,
955 1079 1084 1108 dimitte
1097 1078 1187 1107 illam
1199 1076 1276 1115 quia
1289 1075 1407 1105 clamat
1420 1077 1493 1114 post
1507 1077 1557 1107 te:

852 1126 1041 1155 convertere
1058 1123 1315 1161 aliquantulum,
1341 1122 1376 1151 et
1401 1121 1560 1159 depreca-

852 1171 927 1200 bilis
943 1170 1011 1200 esto
1027 1177 1125 1208 super
1140 1177 1224 1198 eam.
1240 1167 1379 1206 Respice
1401 1167 1441 1196 de
1458 1167 1558 1203 coelo,

853 1218 886 1246 et
914 1216 1008 1253 vide,
1034 1216 1068 1245 et
1098 1215 1195 1244 visita
1223 1214 1411 1243 desolatam.
1438 1213 1560 1242 Fidelis

853 1261 1111 1299 paranymphus,
1134 1259 1191 1297 (1111
1214 1257 1320 1288 mutui
1347 1257 1467 1287 amoris
1482 1265 1560 1286 con-

851 1307 952 1345 scius,
969 1306 1027 1337 sed
1042 1314 1107 1335 11011
1124 1305 1272 1342 invidus,
1284 1312 1348 1333 non
1364 1311 1456 1333 suam
1471 1311 1560 1340 (111113-

853 1353 910 1390 rit,
926 1352 983 1382 sed
998 1351 1129 1381 Domini
1146 1351 1282 1388 gratiam
1298 1358 1306 1378 ε
1324 1349 1478 1378 discurrit
1492 1356 1561 1377 me-

852 1399 923 1428 dius
948 1398 1035 1428 inter
1060 1397 1216 1426 dilectum
1242 1395 1275 1425 et
1297 1394 1468 1431 dilectam,
1484 1394 1560 1423 vota

852 1444 1006 1480 offerens,
1021 1442 1168 1472 referens
1189 1442 1283 1471 dona.
1299 1439 1430 1469 Excitat
1444 1439 1538 1469 istam
1549 1461 1559 1475 ,

851 1490 956 1527 placat
984 1489 1089 1518 illum.
1116 1487 1282 1517 Interdum
1306 1493 1454 1524 quoque,
1480 1485 1561 1515 licet

852 1544 922 1565 raro
933 1557 942 1572 ‚
957 1534 1171 1573 repraesentat
1186 1541 1240 1562 eos
1254 1532 1377 1570 pariter
1391 1531 1471 1569 sibi,
1487 1532 1560 1561 sive

853 1581 934 1610 lianc
954 1579 1102 1618 rapiens,
1118 1579 1188 1608 sive
1205 1578 1297 1607 illum
1314 1576 1491 1606 adducens.
1508 1576 1560 1606 Si-

852 1626 981 1663 quidem
997 1624 1195 1654 domesticus
1208 1624 1256 1652 est
1269 1624 1301 1652 et
1314 1623 1410 1651 notus
1422 1621 1456 1650 in
1471 1623 1561 1659 pala-

854 1671 916 1708 tio,
932 1678 993 1699 nec
1009 1670 1141 1699 veretur
1163 1668 1347 1706 repulsam,
1363 1667 1396 1696 et
1411 1667 1560 1704 quotidie

853 1716 944 1747 videt
959 1716 1076 1745 faciem
1100 1715 1215 1744 Patris.

892 1762 922 1791 6.
939 1761 1021 1790 Vide
1037 1761 1145 1790 autem
1161 1761 1198 1789 tu
1219 1768 1260 1788 ne
1277 1757 1357 1797 quid
1370 1766 1428 1788 nos
1449 1758 1483 1787 in
1498 1758 1561 1788 1130

853 1807 946 1838 verbi
972 1807 1153 1844 animaeque
1180 1805 1416 1834 commixtione
1447 1813 1561 1842 corpo-

853 1862 944 1884 reum
960 1861 1017 1883 seu
1033 1851 1294 1889 imaginatorium
1309 1850 1431 1880 sentire
1447 1850 1561 1880 existi-

853 1907 932 1929 mes.
947 1898 983 1928 Id
995 1898 1159 1936 loquimur
1173 1896 1258 1934 quod
1273 1896 1445 1934 Apostolus
1457 1895 1558 1925 dicit:

853 1944 1005 1983 quoniam
1020 1943 1074 1981 qui
1092 1943 1238 1972 adhaeret
1261 1942 1349 1978 Deo,
1364 1949 1448 1971 unus
1463 1941 1561 1979 spiri⁶

853 1992 905 2020 tus
941 1990 1000 2020 est.
1037 1990 1212 2018 Excessum
1247 1995 1339 2025 purae
1369 1986 1490 2017 mentis
1523 1987 1560 2016 in

854 2038 956 2066 Deum
967 2058 976 2074 ,
1002 2035 1072 2065 sive
1098 2031 1159 2064 Dei
1185 2034 1278 2071 pium
1309 2033 1501 2063 descensum
1526 2033 1560 2062 in

853 2083 1010 2120 animam,
1036 2080 1153 2110 nostris
1173 2079 1292 2117 quibus
1313 2087 1484 2116 possumus
1500 2087 1562 2108 ex-

853 2128 1024 2166 primimus
1049 2125 1177 2163 verhiS,
1209 2124 1436 2163 spiritualibus
1465 2123 1561 2162 spiri-

853 2174 954 2204 tualia
982 2171 1216 2210 comparantes.
1244 2171 1358 2208 ltaque
1382 2170 1417 2199 in
1442 2170 1561 2207 spiritu

852 2220 888 2250 fit
912 2219 975 2249 ista
1005 2216 1190 2254 conjunctio
1207 2237 1216 2254 ,
1244 2215 1323 2253 quia
1349 2215 1484 2253 spiritus
1512 2216 1562 2248 est:

852 2267 956 2303 Deus,
980 2264 1013 2294 et
1035 2261 1237 2300 concupiscit
1261 2261 1413 2291 decorem
1443 2261 1562 2292 animae

854 2311 958 2347 illius,
974 2317 1071 2348 quam
1091 2307 1174 2337 forte
1190 2307 1369 2336 adverterit
1388 2306 1422 2335 in
1443 2306 1561 2344 spiritu

854 2355 1091 2391 ambulantem,
1107 2353 1141 2383 et
1157 2360 1266 2382 curam
1283 2352 1388 2381 carnis
1408 2360 1472 2381 non
1487 2360 1561 2389 per-

854 2401 1016 2431 ficientem
1033 2400 1066 2429 in
1080 2398 1259 2435 desiderio,
1273 2397 1455 2436 praesertIm
1468 2397 1493 2426 si
1508 2397 1559 2426 sui

855 2455 962 2477 amore
975 2445 1164 2484 flagrantem
1171 2443 1392 2482 conspexerit.
1401 2443 1469 2472 Non
1482 2449 1559 2479 ergo

854 2493 900 2523 sic
916 2493 1030 2522 affecta
1046 2491 1079 2521 et
1099 2491 1146 2519 sic
1168 2489 1306 2526 dilecta,
1322 2488 1474 2518 contenta
1497 2486 1558 2516 erit

855 2539 984 2568 omnino
994 2537 1047 2566 vel
1064 2536 1119 2565 illa
1129 2544 1218 2573 ‚quae
1232 2533 1345 2563 multis
1360 2540 1419 2569 per
1433 2538 1471 2559 ea
1486 2539 1558 2568 quae

855 2584 938 2614 facta
966 2582 1060 2619 sunt,
1080 2581 1152 2618 vel,
1182 2580 1239 2609 illa
1267 2586 1339 2616 quae
1366 2575 1477 2614 paucis
1499 2583 1559 2613 per

854 2630 923 2661 visa
945 2629 978 2660 et
1002 2628 1126 2660 somnia
1153 2626 1237 2656 sacta
1263 2623 1313 2654 est
1336 2621 1557 2689 manifestatio
