1830 3073
535 245 592 282 1⁴31}
618 245 830 280 nivensm
851 242 1003 277 §Ennio
1025 249 1123 277 vm.

112 303 194 339 mihi
214 315 288 340 cum
311 314 423 338 eorum
448 304 613 344 laudibus,
639 304 757 343 quibus
769 303 817 341 ig—

113 356 208 385 notus
221 352 311 385 sum?
328 352 420 390 Quod
434 351 462 382 si
477 352 531 382 vel
553 352 623 390 ipse
637 350 694 389 qui
711 350 745 379 in
759 349 818 378 ho-

112 398 201 429 mine
226 398 277 429 est
295 397 428 437 spiritus
453 396 561 426 omnia
580 404 653 435 quae
679 394 818 425 hominis

114 444 189 474 sunt
207 450 302 474 nosse
329 442 458 482 posset,
480 441 626 481 profecto
653 440 817 471 sufficeret

113 489 336 519 testimonium
351 488 433 525 ejus.
449 488 539 518 Nunc
556 486 665 517 autem
679 493 817 524 pravum

112 534 163 564 est
199 542 255 565 cor
282 533 424 564 hominis
435 555 446 572 ,
470 534 505 563 et
533 530 816 570 imperscrutabile

112 578 209 610 etiam
218 578 364 617 sibiipsi,
374 579 453 609 adeo
461 579 497 609 ut
507 576 679 616 praesentia
687 584 816 615 quoque

112 632 225 663 magna
236 632 279 655 ex
293 626 385 663 parte
393 623 520 662 ignoret
529 644 538 661 ,
550 622 659 652 futura
670 630 749 653 vero
760 629 816 651 sua

111 669 241 699 omnino
265 677 359 700 nosse
385 676 451 699 non
474 667 587 706 possit.
609 666 692 705 Quia
705 667 816 697 tamen

111 715 316 753 aliquatenus
328 714 421 745 novit
431 713 605 752 praesentia
615 735 625 751 ,
643 713 671 743 si
683 720 749 743 non
763 720 818 742 re-

111 760 292 797 prehendat
306 768 364 790 nos
382 759 581 790 conscientia
604 758 713 789 nostra
725 779 736 796 ,
750 766 815 788 non

109 805 241 843 quidem
265 805 398 843 gloriam
412 826 421 842 ,
436 804 493 835 sed
505 805 649 842 fiduciam
669 803 817 834 habemus

110 851 245 888 adeum,
259 849 343 880 sicut
357 851 470 880 beatus
486 850 648 880 Johannes
663 849 720 879 ait.
737 849 815 879 Cum

110 896 220 926 autem
234 895 381 926 veritatis
396 895 508 934 ipsius,
516 903 613 934 quam
623 894 707 925 nihil
722 894 814 933 latet,

110 941 303 971 sententiam
313 941 352 971 de
360 941 453 971 nobis
461 941 574 972 tenere
585 940 813 979 meruerimus,

110 985 144 1014 in
160 994 197 1015 ea
211 986 306 1024 plane
318 986 462 1017 securius
476 985 655 1024 poterimus
669 986 812 1024 gloriari.

150 1032 181 1061 5.
199 1031 331 1061 Interim
353 1040 430 1062 vero
445 1032 538 1062 nolite
549 1033 620 1061 ante
636 1032 815 1069 tempusju-

112 1078 212 1107 dicare
227 1099 237 1114 ‚
257 1078 302 1107 ait
317 1077 502 1115 Apostolus,
520 1078 612 1106 donec
628 1077 731 1106 veniat
749 1078 815 1106 Do-

111 1124 212 1152 minus
220 1144 230 1159 ,
243 1123 333 1160 quiet
347 1122 533 1151 illwm'nabit
544 1121 720 1151 abscondita
731 1122 816 1151 tenc-

113 1166 253 1195 brarum.
269 1166 327 1195 Illa
343 1166 430 1194 enim
444 1165 588 1203 perfecta
603 1164 735 1194 omuino
751 1165 815 1195 erit

112 1211 144 1239 et
159 1218 271 1240 secura
286 1209 434 1247 gloriatio
444 1230 454 1245 ,
470 1217 544 1238 cum
559 1209 622 1238 erit
636 1209 813 1247 unicuique

111 1257 179 1285 laus
196 1263 214 1284 a
226 1255 305 1284 Deo.
322 1255 411 1284 Nunc
424 1261 550 1293 quoque
571 1254 650 1284 licet
663 1262 727 1284 non
742 1256 812 1292 ple-

110 1301 200 1330 narie
211 1322 221 1338 ,
246 1299 324 1330 licet
338 1307 402 1329 non
417 1300 487 1329 sine
511 1299 629 1329 timore
645 1299 678 1329 et
692 1300 814 1330 solliei-

109 1347 222 1377 tudine
235 1346 338 1375 multa
349 1367 358 1383 ,
373 1345 579 1384 aliquatenus
588 1346 696 1375 tamen
707 1345 740 1375 in
751 1346 814 1376 Do-

110 1392 198 1422 mino
225 1392 418 1430 gloriamur,
452 1391 676 1421 testimonium
703 1392 813 1430 perhi-

111 1438 208 1468 bente
237 1437 361 1476 Spiritu
389 1437 498 1467 sancto
522 1436 652 1475 spiritui
685 1438 811 1477 nostro,

109 1483 195 1522 quod
217 1483 277 1512 filii
301 1482 361 1513 Dei
384 1491 505 1513 sumus.
531 1482 614 1512 Hine
630 1482 718 1512 enim
734 1492 812 1514 vere

110 1537 278 1567 possumus
297 1528 446 1568 gloriari,
462 1528 548 1567 quod
569 1529 696 1559 tantum
711 1529 812 1560 habe-

110 1583 180 1604 mus
202 1575 347 1612 Patrem,
370 1574 457 1612 quod
471 1573 632 1611 majestati
654 1573 811 1604 ineffabili

110 1627 186 1650 cura
201 1619 252 1651 est
275 1620 314 1650 de
330 1619 435 1649 nobis.
458 1619 550 1649 Unde
567 1620 601 1649 et
625 1620 786 1657 Propheta
802 1629 810 1650 ε

109 1667 239 1695 Domine
250 1687 260 1703 ,
272 1665 396 1704 inquit,
408 1665 531 1703 quidest
542 1665 632 1695 homo
642 1666 713 1703 quia
725 1674 812 1705 maq-

108 1711 213 1747 m'ficas
223 1719 304 1747 eum,
313 1711 367 1740 aut
378 1711 449 1748 quid
460 1710 586 1748 apponis
596 1718 670 1748 crya
680 1719 749 1740 eum
760 1719 813 1740 cor

110 1755 221 1786 cuum?
235 1756 346 1793 ltaque
358 1755 414 1793 qui
429 1755 585 1792 gloriatur
594 1775 603 1792 ,
615 1754 683 1791 jam
697 1763 763 1784 non
778 1755 812 1786 in

111 1801 235 1831 meritis
249 1801 316 1831 suis
331 1801 497 1838 glorietur.
511 1800 596 1837 Quid
610 1800 699 1829 enim
714 1800 814 1831 habet

111 1846 195 1884 quod
209 1854 273 1876 non
288 1844 471 1884 acceperit?
482 1845 515 1875 Si
536 1845 646 1874 autem
664 1846 792 1884 accepit
802 1867 811 1883 ,

110 1891 187 1929 quid
200 1890 355 1929 gloriatur
377 1890 467 1928 quasi
492 1898 556 1920 non
580 1891 762 1928 acceperit?
776 1893 812 1921 ln

111 1944 149 1966 co
172 1943 248 1974 ergo
266 1944 284 1965 a
299 1944 362 1974 quo
376 1935 503 1974 accepit
515 1957 525 1973 ,
552 1936 727 1975 glorietur,
746 1945 811 1967 non

107 1981 199 2020 quasi
215 1981 284 2020 ipse
303 1989 438 2020 magnus
453 1981 512 2018 sit,
528 1981 585 2011 sed
598 1982 674 2020 quia
688 1984 811 2021 magni-

109 2027 184 2057 ficet
197 2027 386 2057 eumDeus:
404 2027 465 2057 hoc
479 2027 547 2066 est,
559 2027 645 2057 utin
659 2027 725 2058 illis
739 2037 810 2067 quae

110 2071 289 2111 acceperit,
304 2080 369 2102 non
390 2072 480 2111 quasi
497 2080 535 2102 ea
550 2080 616 2102 non
627 2074 809 2113 acceperit,

110 2118 165 2147 sed
187 2118 279 2157 quasi
299 2117 356 2156 qui
371 2125 410 2148 ea
434 2118 616 2156 acceperit,
637 2118 807 2157 glorietur.

109 2163 216 2202 Neque
238 2163 327 2193 enim
355 2163 402 2193 ait
430 2164 598 2202 Apostolus
609 2186 618 2202 ‚
639 2164 673 2194 Si
700 2166 809 2196 autem

107 2209 260 2248 accepisti
273 2231 282 2248 ,
294 2208 374 2248 quid
387 2209 533 2249 gloriaris
545 2209 559 2240 ἐ’
570 2211 626 2241 sed
635 2232 645 2249 ,
659 2213 737 2251 Quid
748 2214 810 2252 qlo-

106 2257 216 2292 rt'aris,
239 2255 365 2294 inquit,
394 2257 484 2295 quasi
504 2264 569 2287 ‘non
583 2258 732 2296 acceperis
745 2259 759 2288 ἓ
773 2258 810 2290 ut

107 2307 171 2330 non
184 2301 373 2339 prohibeat,
388 2301 445 2332 sed
456 2301 570 2332 doceat
584 2302 727 2340 gloriari.

145 2344 176 2375 [4.
192 2346 256 2376 Sed
279 2346 359 2385 quid
379 2345 443 2377 sibi
466 2347 539 2377 vult
559 2347 644 2385 quod
660 2348 722 2386 ait,
738 2350 808 2380 Non

106 2391 188 2420 enim
201 2393 255 2429 qui
265 2393 395 2430 seipsum
406 2392 614 2429 commendat,
637 2394 685 2423 ille
693 2395 809 2432 proba-

107 2437 155 2466 tus
165 2438 224 2473 est,
237 2437 286 2467 sed
307 2445 396 2475 quem
410 2439 493 2469 Deus
504 2440 717 2470 commendat?
731 2440 808 2476 Quis

106 2482 154 2512 est
169 2482 256 2511 enim
270 2489 367 2520 quem
381 2482 416 2512 in
435 2482 498 2513 hoc
512 2484 628 2514 saeculo
644 2493 808 2516 commen-

106 2527 159 2556 dat
171 2526 277 2557 Deus?
299 2528 464 2564 Quomodo
489 2530 729 2561 commendabit
743 2533 807 2562 Ve-

105 2573 182 2602 ritas
207 2580 281 2602 eum
291 2593 301 2609 ‚
324 2572 381 2610 qui
406 2572 511 2603 adhuc
538 2575 807 2612 reprehensibilis

105 2617 290 2647 invenitur?
311 2617 460 2656 Denique
482 2628 534 2657 eqo
544 2641 553 2656 ,
579 2620 708 2660 inquit,
732 2632 807 2661 quos

106 2671 279 2708 amem-(1130
288 2685 296 2700 ,
305 2665 333 2694 ct
344 2666 467 2702 caslz'qo.
482 2665 633 2696 Haeccine
645 2674 806 2698 cominen-

1514 253 1552 283 {7

851 301 937 332 datio
953 303 1001 332 est
1016 302 1107 333 tota?
1125 302 1275 339 Prorsus,
1298 303 1452 340 quantum
1473 309 1554 339 mihi

851 347 992 385 videtur,
1009 347 1078 385 ipsa
1095 347 1154 376 est.
1171 347 1248 382 Quae
1269 347 1318 376 est
1332 348 1420 377 enim
1435 353 1552 382 melior

851 392 883 422 et
893 391 1054 422 efficacior
1062 391 1298 422 commendatio
1309 412 1319 427 ,
1331 399 1426 429 quam
1436 394 1554 427 divinae

851 445 926 476 erga
949 446 1007 468 nos
1028 437 1193 468 attestatio
1210 435 1375 466 caritatis?
1388 438 1563 471 Temnum.

850 491 940 514 NIUM
953 491 1032 514 vero
1047 483 1166 513 amoris
1181 482 1251 520 ejus
1272 482 1400 512 nullum
1414 484 1562 514 creditu--

850 528 929 566 lius,
945 529 1073 559 nullum
1087 528 1211 559 certius
1224 527 1259 557 in
1280 528 1341 558 hac
1353 527 1422 558 vita
1433 549 1442 566 ,
1458 537 1555 566 quam

849 574 934 612 quod
948 574 1110 605 desiderat
1124 573 1304 612 Propheta,
1320 572 1378 603 ubi
1393 573 1438 603 ait
1454 582 1462 603 :
1482 576 1557 605 Cor-

848 620 937 658 ripiet
949 629 998 650 me
1006 621 1110 659 justus
1130 622 1163 650 in
1182 620 1403 656 misericordia,
1418 621 1447 649 et
1458 620 1558 650 incre-

846 665 931 703 pabit
944 674 1004 695 me.
1029 666 1106 697 Haec
1119 673 1261 704 namque
1276 664 1475 703 increpatio,
1492 674 1558 703 qua

845 710 967 749 jugiter
990 710 1084 741 nobis
1098 710 1242 749 suggerit
1265 710 1299 740 iu
1313 711 1440 740 occulto
1456 711 1558 749 Spiri-

848 756 900 786 tus
914 756 1063 787 veritatis
1087 757 1167 796 quid
1194 755 1280 786 desit
1304 755 1415 793 nobis,
1442 764 1558 794 super-

848 801 933 831 biam
942 803 1190 841 ,negligentiam
1202 823 1210 839 ,
1220 801 1557 840 ingratitudinemque

847 847 987 885 repellit.
1003 849 1072 885 Quo
1096 847 1221 886 triplici
1234 846 1316 877 vitio
1341 855 1437 876 omne
1458 847 1557 884 paulo

847 893 954 923 minus
967 894 1193 932 religiosorum
1204 892 1373 923 hominum
1389 900 1488 930 genus
1499 900 1556 930 pe-

846 938 983 969 riculose
997 940 1141 977 laborat,
1157 947 1215 978 pro
1231 947 1269 969 eo
1284 939 1370 977 quod
1384 939 1491 968 minus
1508 941 1556 968 at-

846 983 934 1014 tenta
950 984 1054 1015 cordis
1065 992 1143 1015 aure
1158 984 1361 1023 percipiant,
1374 983 1453 1022 quid
1467 983 1556 1013 intus

846 1029 1051 1067 loquaturis,
1068 1030 1124 1068 qui
1148 1029 1317 1060 neminem
1338 1029 1467 1068 palpat,
1483 1029 1557 1067 Spi-

846 1074 928 1105 ritus
950 1075 1113 1105 veritatis.
1131 1075 1225 1112 Quod
1245 1074 1410 1105 nonnullis
1433 1074 1556 1104 exinde

847 1119 1043 1159 provenit,(
1067 1119 1132 1150 nisi
1158 1119 1277 1160 fallor)
1303 1120 1390 1159 quod
1414 1120 1558 1158 propria·-

846 1165 954 1202 gloriae
976 1166 1106 1204 cupidi,
1125 1167 1215 1196 nulla
1239 1166 1365 1196 ratione
1386 1166 1557 1204 quiescere

845 1212 997 1250 possunt,
1013 1220 1086 1241 cum
1109 1213 1144 1242 in
1169 1212 1285 1250 seipsis
1311 1211 1445 1250 penitus
1469 1211 1556 1240 nihil

847 1256 1035 1295 inveniunt,
1061 1257 1148 1287 unde
1181 1257 1308 1296 possint
1345 1257 1556 1294 aliquatenus

844 1302 986 1339 gloriari.
1004 1303 1152 1333 Perfecta
1167 1304 1277 1333 autem
1294 1302 1328 1333 et
1350 1310 1464 1332 secura
1487 1302 1556 1340 glo-

844 1346 938 1378 riatio
956 1347 1022 1386 est,
1049 1356 1123 1378 cum
1151 1355 1307 1379 veremur
1331 1347 1438 1378 omnia
1454 1355 1555 1386 opera

844 1393 972 1432 nostra,
1001 1394 1086 1424 sicut
1114 1395 1253 1425 testatur
1277 1394 1393 1425 heatus
1420 1393 1480 1423 Joh
1512 1394 1555 1422 de

844 1438 950 1477 seipso
966 1447 975 1470 :
992 1442 1026 1470 et
1040 1448 1114 1470 cum
1139 1441 1221 1470 Isaia
1235 1440 1395 1478 Propheta
1407 1461 1416 1476 ‚
1440 1447 1553 1469 omnes

842 1482 984 1519 justitias
994 1486 1118 1515 nostras
1129 1493 1194 1515 non
1203 1485 1294 1515 aliud
1301 1492 1397 1524 quam
1411 1492 1554 1522 pannunr

845 1530 1052 1560 menstruatae
1075 1531 1273 1569 reputandas
1299 1538 1369 1561 esse
1388 1529 1553 1567 cognosci-

844 1584 926 1606 mus.
955 1576 1174 1606 Nihilominus
1213 1577 1325 1607 tamen
1361 1575 1554 1605 confidimus

845 1621 944 1651 etiam
970 1623 1004 1652 et
1027 1622 1205 1660 gloriamur
1229 1622 1265 1652 in
1290 1621 1446 1659 Domino,
1461 1621 1554 1658 cujus

844 1667 1067 1698 misericordia
1092 1667 1186 1698 tanta
1208 1667 1370 1706 estsuper
1391 1675 1467 1706 nos,
1482 1668 1519 1698 ut
1534 1675 1554 1696 a

844 1713 1045 1751 gravioribus
1056 1713 1190 1752 quidem
1200 1735 1209 1751 ,
1225 1713 1258 1743 et
1271 1722 1343 1753 quae
1358 1713 1399 1743 ad
1412 1714 1552 1744 mortem

844 1758 975 1795 peccata
985 1759 1080 1797 sunt,
1097 1759 1256 1789 custodiat
1268 1767 1325 1789 nos
1335 1781 1344 1797 ,
1365 1759 1398 1789 et
1412 1759 1478 1789 tam
1493 1760 1552 1789 be-

846 1802 942 1840 nigne
951 1803 1019 1842 ipsa
1027 1804 1284 1842 imperfectionis
1292 1805 1407 1835 nostrae
1414 1805 1532 1835 delicta
1541 1826 1551 1842 ,

845 1849 878 1878 et
912 1850 1168 1880 conversationis
1204 1850 1430 1888 impuritatem
1457 1849 1552 1880 nobis¹

844 1895 1049 1925 manifestare
1060 1917 1069 1934 ,
1082 1897 1115 1926 et
1130 1896 1272 1935 agnitam
1287 1896 1466 1926 condonare
1480 1895 1552 1934 dig-

843 1941 958 1979 netur,
975 1942 1135 1980 quatenus
1156 1942 1190 1971 in
1204 1941 1391 1972 humilitate
1407 1942 1441 1971 et
1461 1941 1552 1971 solli-

843 1986 989 2016 citudine
1011 1987 1045 2018 et
1067 1987 1242 2024 gratiarum
1267 1987 1394 2017 act10ne
1413 1986 1551 2017 firmiter

842 2032 976 2062 radicati
990 2032 1077 2070 ,jam
1091 2040 1158 2062 non
1184 2032 1219 2063 iu
1233 2033 1326 2063 nobis
1360 2033 1418 2064 sed
1438 2033 1472 2062 in
1485 2033 1550 2062 Do·-

842 2078 930 2108 mino
952 2077 1139 2116 gloriemur.

1031 2186 1201 2220 SERMO
1235 2187 1350 2221 VIII.

842 2256 882 2281 De
894 2255 1007 2281 diversis
1019 2257 1232 2288 affectionibus,
1245 2259 1289 2283 vel
1299 2258 1432 2289 statibus,
1442 2260 1549 2290 quihus

1051 2295 1144 2318 anima
1154 2296 1191 2318 est
1203 2295 1255 2318 sub
1268 2295 1338 2320 Deo.

881 2349 912 2379 11.
934 2348 1029 2387 QUOD
1052 2349 1190 2381 diversis
1206 2350 1393 2382 nominihus
1421 2351 1547 2390 Deum,

841 2402 926 2425 nunc
939 2396 1071 2434 quidem
1086 2396 1232 2435 Patrem,
1253 2406 1339 2428 nunc
1360 2398 1546 2435 Magistrum

842 2450 1002 2480 vocamus,
1018 2442 1074 2472 aut
1088 2443 1276 2481 Dominum,
1290 2452 1355 2473 non
1371 2445 1458 2473 illius
1470 2446 1547 2474 sini-

840 2487 1545 2525 plicissimaeetomninoinvariabilisnaturae

841 2532 1013 2564 diversitas
1033 2535 1101 2564 ulla
1121 2535 1156 2564 in
1171 2543 1267 2565 causa
1283 2536 1352 2572 θεῖς
1369 2535 1425 2565 sed
1442 2535 1545 2565 assec-

839 2578 965 2609 tionum
996 2581 1179 2611 nostrarum
1206 2582 1381 2619 multiplex
1406 2581 1543 2611 variatio

840 2625 1016 2655 secundum
1030 2626 1174 2656 diversos
1185 2626 1348 2665 profectus
1360 2625 1475 2656 animae
1488 2627 1540 2656 vol

839 2670 995 2701 defectus.
1010 2672 1168 2702 Videntur
1190 2672 1276 2701 enim
1298 2671 1444 2711 quaedam
1468 2672 1542 2702 ani-

1375 2717 1393 2745 2
