1846 3078
526 239 570 267 IN
595 237 797 268 CANTICA
821 236 970 265 SERMO
994 237 1080 266 LVI.

87 301 150 332 que
159 293 303 334 quamdiu
309 301 413 324 sam-us
420 292 453 322 in
461 291 515 322 hoc
523 301 660 331 corpore,
669 290 786 330 inquit,

84 339 492 379 pereqrinamuraDomino.
506 338 657 377 Nonquia
670 338 705 367 in
721 345 788 368 cor-

85 393 164 422 pore
174 406 183 422 ‚
198 385 253 416 sed
262 384 338 422 quia
349 383 383 412 in
398 391 530 421 corpore
543 384 603 413 hoc
613 383 716 422 ‚quod
724 382 788 412 uti-

85 438 149 468 que
164 430 203 460 de
218 429 351 468 peccato
367 430 433 467 est,
447 429 480 460 et
493 429 563 459 sine
578 428 712 467 peccato
722 436 786 458 non

87 476 147 506 est.
170 475 209 506 Et
229 476 267 505 ut
292 475 375 505 scias
399 475 555 513 quoniam
577 474 707 504 obstant
722 482 787 503 non

86 528 219 559 corpora
229 542 238 558 ‚
248 520 305 551 sed
316 521 449 559 peccata
458 543 467 558 ‚
477 521 553 550 audi
562 520 762 558 scripturam
777 527 785 547 z

85 567 217 596 Peccata
239 569 366 603 nostra,
390 567 515 605 inquit,
534 566 679 604 separant
707 566 787 594 inter

83 620 139 641 nos
152 612 180 641 et
194 613 305 642 Deam.
321 612 360 641 Et
374 612 500 642 utinam
517 619 601 642 unus
615 610 698 640 mihi
713 611 786 640 tan-

82 658 154 687 tum
182 658 288 688 obstet
310 658 419 696 paries
443 657 601 695 corporis,
617 657 785 693 solumque

84 703 211 733 obicem
225 704 330 742 patiar
342 703 375 734 id
390 703 475 741 quod
487 702 536 733 est
548 703 582 731 in
601 709 696 731 carne
709 709 787 739 pec—

83 749 210 786 catum,
222 750 255 779 et
269 756 332 778 non
346 749 457 778 multae
471 747 621 777 intersint
636 746 786 775 maceriae

83 793 251 823 vitiorum.
266 794 387 823 Vereor
398 793 485 822 enim
497 800 538 822 ne
555 792 654 822 etiam
668 791 786 830 praeter

84 838 166 868 illud
177 839 261 877 quod
274 839 309 868 in
320 840 434 868 natura
450 838 517 874 θεῖ,
533 845 629 875 quam
644 837 786 875 plurima

83 883 123 912 de
148 883 276 921 propria
299 883 473 921 iniquitate
489 883 690 921 adjecerim,
705 890 786 921 quo—

82 937 155 958 rum
169 937 187 958 a
199 936 251 958 me
268 929 443 965 interjectu
457 928 599 958 nimium
611 929 786 966 elongave-

83 975 145 1004 rim
167 983 336 1013 sponsum,
354 974 399 1004 ita
419 974 474 1012 ut,
491 974 518 1004 si
534 982 650 1004 verum
676 974 785 1004 dicere

83 1021 202 1058 velim,
218 1021 290 1058 post
304 1020 447 1058 parietes
469 1020 572 1058 magis
593 1019 677 1050 mihi
694 1019 786 1050 illum

84 1066 167 1095 stare
179 1066 299 1101 fatear,
315 1073 379 1094 non
392 1064 465 1103 post
478 1065 650 1103 parietem.

123 1109 156 1140 lt.
173 1111 236 1140 Sed
250 1111 322 1140 dico
335 1111 397 1140 hoc
410 1111 548 1148 planius.
560 1110 701 1148 Sponsus
715 1110 787 1149 qui-

85 1156 159 1186 dem
169 1156 336 1195 aequaliter
342 1156 439 1194 atque
450 1156 678 1186 indifferenter
690 1164 788 1194 praes-

85 1203 118 1231 to
134 1202 256 1240 ubique
272 1202 339 1240 est,
356 1201 476 1231 divinae
489 1202 603 1240 utique
615 1202 787 1240 praesentia

84 1248 262 1285 majestatis
270 1270 279 1286 ‚
289 1249 321 1278 et
329 1248 553 1285 magnitudine
564 1248 697 1279 virtutis
709 1257 785 1278 suae.

85 1294 203 1324 Gratiae
223 1295 333 1324 tamen
351 1293 557 1324 exhibitione
581 1302 640 1324 seu
665 1293 788 1324 inhibi-

85 1339 174 1369 tione
216 1339 409 1377 quibusdam
447 1340 541 1378 longe
552 1361 561 1376 ‚
593 1339 787 1377 quibusdam

85 1392 185 1423 prope
208 1393 278 1415 esse
307 1385 447 1422 dicitur,
469 1385 665 1423 Angelorum
694 1384 787 1414 dum-

83 1430 177 1460 taxat
198 1431 231 1460 et
246 1430 434 1468 hominum,
450 1430 483 1460 id
509 1431 559 1460 est
580 1430 787 1460 rationalium

85 1476 318 1506 creaturarum.
335 1477 484 1514 Denique
498 1477 593 1514 longe
606 1484 624 1505 a
639 1477 788 1514 peccato-

84 1522 174 1552 ribus
189 1523 284 1552 salus.
301 1523 340 1552 Et
353 1523 482 1552 sanctus
499 1522 603 1551 David
618 1522 788 1552 nihilomi—

82 1575 144 1597 nus
171 1568 274 1598 dicit:
295 1570 331 1599 Ut
355 1569 444 1607 qnid,
472 1569 621 1606 Domine,
641 1570 789 1599 recessisti

84 1613 192 1652 lonae?
208 1614 366 1644 Caeterum
389 1622 407 1643 a
418 1614 536 1643 sanctis
551 1614 605 1652 pia
621 1613 787 1652 dispensa-

84 1660 174 1689 tione
194 1659 234 1689 ad
257 1660 404 1698 tempus,
428 1659 461 1689 et
477 1667 544 1689 non
567 1667 609 1689 ex
628 1660 713 1697 toto,
731 1661 787 1690 sed

82 1705 175 1742 juxta
191 1705 315 1742 aliquid
329 1705 501 1742 aliquando
516 1705 612 1743 longe
633 1713 667 1734 se
692 1705 784 1735 facit.

84 1750 311 1780 Peccatoribus
331 1750 440 1780 autem
459 1750 498 1780 de
514 1750 633 1788 quibus
648 1750 786 1788 dicitur,

86 1796 235 1835 Superbia
250 1805 355 1825 eoram
371 1797 424 1834 qui
444 1798 472 1826 te
486 1797 616 1826 oderunt
628 1817 638 1832 ,
654 1798 788 1827 ascendit

84 1851 218 1880 semper,·
235 1843 266 1871 et
282 1842 378 1880 item,
394 1843 569 1880 Inquinatae
583 1844 656 1872 sant
671 1844 728 1872 vz'oe
751 1843 789 1872 il-

88 1889 186 1918 loram
201 1888 234 1917 in
249 1889 334 1917 omni
348 1889 480 1926 tempore
494 1897 504 1918 .·
520 1888 789 1926 semper‚valde-

86 1941 150 1971 que
167 1934 259 1972 longe
273 1933 338 1970 est,
355 1934 453 1972 atque
470 1933 505 1962 in
520 1933 568 1963 ira
583 1934 643 1963 hoc
654 1955 663 1971 ‚
677 1934 710 1964 et
723 1942 787 1964 non

86 1980 121 2010 in
149 1981 384 2012 misericordia.
409 1981 626 2018 Quamobrem
651 1982 722 2012 orat
749 1982 788 2012 ad

86 2030 189 2060 Deum
206 2031 352 2067 sanctus,
367 2031 400 2060 et
419 2030 481 2068 ait,
500 2032 546 2060 Ne
558 2031 684 2061 declines
695 2032 728 2060 in
740 2032 789 2060 ira

87 2085 107 2105 a
119 2085 202 2106 sere-0
229 2078 280 2105 tuo
297 2086 306 2105 :
322 2076 427 2105 sciens
441 2075 518 2114 quia
546 2075 579 2105 et
608 2075 644 2105 in
659 2075 789 2106 miseri-

87 2121 195 2151 cordia
219 2122 364 2160 potuerit
397 2121 575 2151 declinare.
602 2122 707 2159 Prope
739 2122 789 2151 est

87 2174 163 2205 ergo
186 2167 343 2197 Dominus
372 2166 492 2197 sanctis
511 2167 545 2197 et
565 2167 680 2197 electis
704 2167 787 2205 suis,

88 2212 187 2242 etiam
216 2221 288 2242 cum
311 2214 406 2251 longe
423 2221 492 2243 esse
508 2212 658 2251 videtur,
675 2213 708 2243 et
723 2221 788 2243 non

86 2258 256 2295 aequaliter
267 2259 432 2296 omnibus,
448 2258 505 2288 sed
521 2258 593 2288 aliis
607 2259 681 2297 plus
692 2281 701 2297 ,
717 2259 789 2289 aliis

87 2304 212 2341 minus,
221 2312 278 2340 pro
290 2304 480 2333 meritorum
493 2303 694 2334 diversitate.
709 2305 788 2334 Nam

88 2349 148 2379 etsi
165 2357 265 2387 prope
284 2350 332 2379 est
349 2349 505 2379 Dominus
521 2349 673 2379 omnibus
697 2349 789 2380 invo-

89 2394 237 2423 cantibus
259 2402 334 2423 eum
354 2394 390 2423 in
411 2394 569 2431 veritate,
585 2394 618 2423 et
630 2393 725 2431 juxta
741 2395 790 2425 est

88 2439 139 2469 his
150 2440 205 2478 qui
222 2440 374 2470 tribulato
388 2440 463 2470 sunt
476 2439 587 2477 corde3
600 2447 665 2469 non
679 2440 789 2470 tamen

89 2486 238 2516 omnibus
252 2485 385 2515 forsitan
395 2507 404 2523 ,
416 2485 462 2515 ita
475 2486 513 2516 ut
525 2485 635 2516 dicere
647 2486 788 2525 possint,

88 2531 166 2569 quia
199 2533 259 2570 ipse
288 2534 349 2563 stat
371 2533 440 2570 post
472 2533 633 2571 parietem.
658 2531 789 2570 Sponsae

89 2585 166 2607 vcro
180 2585 276 2615 quam
296 2585 397 2616 prope
423 2577 490 2615 est,
507 2577 563 2616 qui
584 2585 648 2608 uno
663 2577 789 2608 tantum

89 2622 213 2660 pariete
229 2623 398 2653 dividitur.
420 2623 594 2661 Propterea
608 2623 700 2661 cupit
724 2623 790 2654 dis—

90 2669 187 2708 solvi,
202 2670 234 2700 et
255 2670 350 2708 rupto
373 2669 479 2699 medio
495 2669 618 2708 pariete
641 2677 716 2700 cum
733 2670 789 2701 illo

1461 240 1516 270 552

822 297 909 329 esse,
939 298 1036 330 quem
1063 289 1136 328 post
1165 289 1324 328 parietem
1349 299 1418 323 esse
1444 302 1521 324 con-

820 335 902 366 fidit.

861 382 891 411 ὅ.
902 383 965 419 Ego
980 380 1089 412 autem
1098 403 1107 420 ,
1116 380 1268 419 quoniam
1279 381 1427 418 peccator
1438 389 1520 419 sum⁹

821 427 953 458 dissolvi
970 435 1035 458 non
1050 427 1146 465 cupio
1158 448 1167 464 ,
1179 426 1237 456 sed
1248 425 1385 455 formido
1394 447 1404 462 ,
1416 426 1522 456 sciens

820 474 897 512 quia
908 483 991 505 mors
1000 475 1195 513 peccatorum
1204 473 1348 511 pessima.
1358 471 1523 509 Quomodo

820 527 884 549 non
911 520 1053 558 pessima
1074 527 1177 556 mors,
1199 518 1257 548 ubi
1281 526 1347 548 non
1370 517 1524 548 subvenit

820 565 912 595 vita?
926 565 1075 595 Formido
1091 565 1200 602 exire,
1216 565 1250 595 et
1264 564 1379 602 inipso
1396 563 1524 593 contre-

820 610 920 640 misco
943 610 1055 648 portus
1079 610 1245 648 ingressu,
1261 609 1339 639 dum
1353 616 1419 638 non
1444 615 1524 638 con-

820 656 882 685 fido
896 664 995 694 prope
1009 656 1158 686 assistere
1172 656 1228 694 qui
1241 654 1386 693 excipiat
1397 661 1524 684 exeun-

821 702 898 731 tem.
915 701 999 738 Quid
1014 700 1122 731 enim?
1133 701 1295 731 Securene
1308 708 1406 738 exeo,
1421 699 1524 729 sinon

820 747 977 777 Dominus
987 747 1148 777 custodiat
1160 746 1287 776 exitum
1295 745 1424 776 meum?
1433 743 1522 776 Heu!

821 800 876 822 ero
888 793 1029 822 ludibrio
1045 793 1225 822 daemonum
1245 791 1525 829 intercipientium

820 846 872 868 me
886 846 894 866 ε
910 846 975 867 non
989 838 1161 868 assistente
1177 837 1233 875 qui
1249 836 1405 874 redimat,
1417 844 1525 874 neque

820 883 875 921 qui
896 884 1020 914 salvum
1044 883 1153 913 faciat.
1177 883 1229 911 Nil
1254 883 1318 912 tale
1343 881 1523 913 verendum

821 931 891 960 erat
904 930 1020 959 animae
1034 929 1137 966 Pauli,
1150 929 1203 959 cui
1215 928 1254 957 ab
1268 928 1400 966 aspectu
1412 928 1445 958 et
1458 935 1526 957 am—

820 977 921 1014 plexu
935 976 1047 1006 dilecti
1066 983 1150 1005 unus
1170 974 1393 1005 tantummodo
1416 973 1526 1012 paries

821 1022 997 1052 obsistebat
1009 1043 1019 1059 ,
1030 1021 1186 1052 videlicet
1196 1021 1252 1050 lex
1267 1019 1414 1058 peccati,
1426 1027 1524 1058 quam

821 1067 1015 1097 inveniebat
1040 1067 1076 1096 in
1097 1066 1254 1096 membris
1283 1066 1360 1096 suis.
1385 1066 1456 1103 Ipsa
1477 1065 1526 1095 est

821 1112 928 1142 carnis
949 1110 1232 1149 concupiscentia,
1244 1119 1307 1149 qua
1329 1118 1440 1140 carere
1455 1117 1526 1139 om-

821 1158 899 1187 nino
919 1165 983 1187 non
999 1157 1122 1196 potuit,
1144 1155 1246 1186 donec
1268 1156 1302 1186 in
1327 1164 1423 1186 carne
1447 1155 1522 1186 fuit.

823 1204 888 1233 Hoc
913 1212 989 1234 sane
1010 1211 1075 1233 uno
1106 1202 1278 1239 interjecto
1306 1201 1433 1240 pariete
1457 1210 1522 1231 non

822 1249 916 1288 longe
938 1249 1208 1288 peregrinabatur
1232 1256 1250 1277 a
1265 1247 1413 1277 Domino.
1429 1247 1521 1277 Unde

822 1296 855 1325 et
866 1296 999 1334 optabat
1013 1296 1152 1326 clamans
1165 1303 1172 1323 ε
1187 1296 1261 1334 Quis
1274 1303 1321 1324 me
1335 1293 1475 1324 liberabit
1489 1293 1524 1323 de

822 1351 946 1380 corpore
967 1343 1075 1372 mortis
1099 1340 1212 1378 hujus?
1235 1341 1342 1371 sciens
1363 1347 1396 1369 se
1412 1338 1525 1369 mortis

822 1388 1012 1426 compendio
1038 1388 1191 1418 continuo
1206 1387 1247 1416 ad
1267 1386 1370 1417 vitam
1384 1392 1526 1423 perven-

822 1436 943 1464 turum.
971 1435 1038 1464 Hac
1065 1442 1140 1471 ergo
1161 1433 1280 1463 Paulus
1305 1440 1339 1462 se
1364 1431 1527 1461 fatebatur

822 1486 884 1509 una
894 1480 965 1518 lege
977 1479 1082 1509 teneri
1094 1501 1103 1516 ,
1113 1478 1241 1509 scilicet
1249 1475 1527 1514 concupiscentia,

821 1534 917 1563 quam
943 1525 1032 1555 carni
1058 1533 1125 1554 suae
1154 1523 1369 1553 immobiliter
1393 1521 1526 1552 insitam

822 1571 981 1600 tolerabat
1004 1570 1145 1607 invitus;
1162 1569 1202 1598 de
1224 1567 1342 1598 caetero
1364 1567 1461 1604 nihil,
1477 1566 1527 1597 in—

822 1616 908 1655 quit,
921 1625 949 1645 m
956 1616 998 1645 ihi
1011 1617 1146 1646 conscias
1160 1623 1229 1645 sam

862 1661 892 1690 6.
909 1662 1028 1690 Verum
1044 1660 1116 1698 quis
1131 1658 1248 1689 similis
1262 1657 1379 1695 Paulo,
1395 1656 1526 1695 quinon

821 1706 976 1736 videlicet
986 1705 1064 1736 huic
1076 1704 1242 1735 interdum
1254 1703 1436 1734 consentiat
1451 1710 1526 1732 con-

822 1751 1030 1789 cupiscentiae
1055 1751 1097 1781 ad
1124 1751 1345 1781 obediendum
1372 1747 1527 1788 peccato?

823 1797 955 1828 Noverit
975 1797 1111 1836 proinde
1126 1797 1154 1827 is
1168 1796 1224 1835 qui
1240 1796 1374 1834 peccato
1388 1803 1526 1826 consen-

822 1843 919 1881 serit,
935 1844 969 1874 et
980 1843 1120 1874 alterum
1142 1843 1204 1873 sibi
1220 1850 1254 1872 se
1269 1841 1456 1880 opposuisse
1472 1848 1528 1879 pa-

823 1890 940 1920 rietem
949 1912 958 1928 ,
970 1890 1078 1928 ipsum
1089 1889 1200 1928 utique
1210 1896 1348 1927 pravum
1360 1887 1527 1917 illicitum-

822 1944 885 1974 que
901 1943 1092 1966 consensum
1108 1943 1116 1964 :
1132 1943 1194 1964 nec
1205 1933 1311 1973 potest
1326 1931 1457 1970 gloriari
1469 1933 1527 1970 qui

823 1980 1007 2018 hujusmodi
1033 1982 1097 2019 est,
1113 1980 1189 2019 quia
1215 1979 1280 2009 stet
1295 1978 1357 2008 sibi
1382 1978 1454 2016 post
1468 1985 1528 2015 pa-

823 2028 940 2058 rietem
965 2035 1116 2066 sponsus,
1137 2025 1264 2064 quando
1287 2025 1356 2062 jam
1384 2023 1529 2061 parietes

823 2073 992 2111 intersint,
1007 2081 1073 2103 non
1093 2073 1213 2111 paries.
1238 2071 1339 2101 Multo
1366 2070 1475 2099 minus
1498 2070 1527 2100 si

823 2128 996 2150 consensus
1010 2118 1201 2158 pervenerit
1215 2117 1255 2147 ad
1269 2116 1421 2147 effectum
1432 2138 1441 2154 ,
1452 2124 1526 2146 cuin

823 2166 938 2196 tertius
952 2173 1080 2203 quoque
1093 2165 1159 2202 jam
1174 2163 1280 2202 paries
1292 2162 1402 2200 sponsi
1417 2162 1528 2192 arceat

822 2211 1044 2249 impediatque
1061 2217 1245 2246 accessum,
1261 2210 1352 2238 actus
1367 2207 1530 2238 videlicet

822 2257 892 2295 ipse
905 2256 1043 2295 peccati.
1053 2256 1138 2293 Quid
1149 2255 1176 2285 si
1185 2255 1218 2285 et
1229 2253 1429 2285 consuetudo
1444 2253 1528 2283 sorte

822 2303 993 2342 peccatum
1013 2303 1049 2332 in
1064 2310 1177 2339 usum,
1190 2300 1247 2331 aut
1270 2308 1349 2331 usus
1371 2300 1471 2329 etiam
1493 2299 1528 2328 in

823 2348 1046 2387 contemptum
1073 2346 1292 2387 perduxerit?
1315 2346 1402 2376 sicut
1424 2345 1530 2382 scripn

823 2395 892 2424 tum
917 2395 966 2424 est
981 2402 989 2423 :
1005 2395 1122 2433 Impius
1137 2402 1207 2423 cum
1223 2393 1340 2424 venerit
1353 2393 1385 2421 in
1400 2390 1529 2429 prosun-

823 2441 896 2470 dam
916 2440 1071 2470 'malorum
1080 2461 1091 2477 ‚
1117 2439 1293 2470 contemnit.
1310 2437 1420 2466 Nonne
1434 2435 1461 2464 si
1481 2434 1527 2463 ita

824 2486 962 2525 exieris,
976 2485 1099 2516 millies
1110 2485 1187 2515 ante
1201 2492 1220 2514 a
1231 2481 1434 2521 rugientibus
1445 2488 1527 2518 prat·-

823 2532 942 2571 paratis
954 2532 994 2562 ad
1003 2539 1108 2562 escam
1119 2530 1240 2570 poteris
1250 2526 1417 2563 devorari,
1429 2532 1527 2562 quain

825 2578 998 2616 pervenire
1013 2577 1053 2608 ad
1067 2584 1220 2616 sponsum
1231 2597 1240 2612 ,
1256 2581 1320 2604 non
1338 2579 1402 2602 uno
1424 2570 1526 2608 siqui-1

824 2624 898 2654 dem
921 2624 987 2662 jam
997 2646 1006 2662 ‚
1021 2623 1079 2654 sed
1092 2623 1183 2654 tanta
1198 2630 1216 2651 a
1230 2622 1261 2650 te
1278 2617 1438 2657 parietum
1462 2624 1527 2645 nu*

826 2670 1009 2701 merositate
1036 2664 1269 2699 interclusum?
1290 2663 1412 2693 Primus
1446 2670 1526 2692 cona
