1846 3078
691 217 934 248 PARABOLA
950 217 994 244 Η.

127 278 266 317 effigies3
284 286 301 307 a
317 275 409 307 nobis
425 275 534 305 tamen
550 275 606 306 ille
621 283 685 305 non
701 273 820 305 exivit.

125 326 259 354 Necesse
273 323 320 353 est
335 323 388 352 eat
406 321 461 360 qui
478 321 677 360 interrogare
694 319 823 350 noverit

125 377 199 398 eum
215 377 222 396 ε
239 368 350 397 Noster
366 375 416 404 es,
434 374 474 395 an
492 363 770 396 adversariorum?

164 415 194 443 5.
221 415 313 443 Porro
337 413 425 450 Rex,
448 412 543 449 cujus
571 411 715 440 animum
747 416 823 439 cura

124 466 253 497 semper
273 457 426 488 sollicitat
440 458 638 493 animarum,
655 455 734 485 duos
751 462 824 484 con-

123 504 262 535 siliarios
287 512 360 533 suos
385 503 526 540 emittit,
554 501 765 531 Prudentiam
791 499 824 528 et

123 549 394 588 Temperantiam.
420 549 562 585 Quarum
595 545 823 584 Temperantia

122 595 256 634 quidem
278 602 360 633 equo
385 593 513 622 frenum
530 591 740 621 Discretionis
766 591 823 619 im-

123 641 248 679 posuit,
271 641 305 670 et
326 640 423 677 Spem
449 637 647 667 moderatius
670 636 823 666 incedere

123 685 292 724 persuasit.
308 683 482 714 Prudentia
496 691 574 712 vero
596 682 760 711 Timorem
775 681 825 710 in-

123 739 258 769 crepans
287 732 320 761 et
348 737 487 768 arguens
521 726 756 766 improbitatis,
783 726 823 756 de

123 776 232 807 futuro
248 775 447 806 commonuit
462 783 470 804 :
487 775 520 804 et
535 781 617 812 equo
633 773 744 802 sellam
761 772 824 801 cir-

123 822 377 860 cumspectionis
390 820 557 859 apposuit,
570 819 680 848 utnon
693 817 825 848 caderet

122 876 272 898 ascensor
293 869 363 903 ejus
393 868 481 896 retro
509 874 517 894 ε
539 864 596 895 sed
624 865 712 894 retro
740 872 823 902 prae-

121 914 211 943 teriti
227 913 421 943 confessioni
437 911 581 950 peccati,
598 910 672 940 ante
688 909 825 939 medita-

123 958 203 988 tioni
216 958 352 996 judicii,
367 966 384 986 a
399 957 540 987 sinistris
555 955 722 994 patientiae
741 954 824 984 inni-

122 1005 266 1041 teretur,
294 1012 312 1033 a
341 1003 466 1033 dextris
501 1001 695 1032 humilitati.
726 1002 824 1030 Porro

123 1049 202 1088 Spes
218 1051 251 1079 et
264 1049 373 1078 Timor
389 1048 509 1077 dedere
525 1047 679 1083 calcaria,
695 1046 774 1084 Spes
790 1046 823 1074 in

123 1096 240 1125 dextro
263 1095 347 1133 pede
372 1093 653 1131 exspectationem
678 1091 823 1130 praemii,

123 1142 231 1171 Timor
246 1142 279 1171 in
292 1141 421 1171 sinistro
437 1138 588 1177 supplicii
604 1139 741 1168 metum.

162 1187 193 1217 [ε.
210 1188 247 1217 Et
263 1187 345 1216 facta
367 1194 456 1215 mora
478 1194 551 1215 cum
575 1185 824 1222 advesperasce-

122 1234 192 1271 ret,
209 1234 243 1263 et
258 1233 411 1263 inclinata
427 1232 511 1262 esset
523 1232 591 1268 jam
608 1231 695 1267 dies;
713 1238 824 1259 rursus

124 1279 307 1317 congregati
324 1280 399 1308 sunt
416 1278 525 1307 hostes
540 1278 573 1307 in
592 1276 823 1314 multitudine,

122 1324 158 1355 ut
173 1325 331 1354 dimicent
359 1326 469 1354 contra
485 1331 549 1353 eos.
577 1323 674 1352 Pavet
695 1322 822 1358 Timor,

121 1369 201 1409 Spes
215 1370 374 1400 accelerat
389 1378 397 1398 ε
414 1369 470 1399 sed
484 1370 539 1398 vix
554 1368 683 1398 tandem
694 1368 733 1397 ad
749 1375 825 1397 con-

122 1415 234 1446 silium
248 1424 302 1446 eos
312 1415 486 1445 Prudentia
498 1437 507 1452 ,
529 1413 822 1452 Temperantiaque

123 1462 299 1492 revocavit.
313 1462 351 1491 Et
366 1461 421 1491 illa
438 1469 447 1489 z
463 1460 606 1497 Videtis,
619 1459 735 1497 inquit,
748 1459 823 1497 quia

122 1506 191 1537 dies
206 1507 383 1546 praecessit,
400 1507 433 1537 et
447 1515 512 1536 nox
525 1505 799 1543 appropinquavit
813 1513 821 1533 :

123 1553 224 1590 etqui
241 1553 386 1582 ambulat
400 1552 434 1581 in
449 1551 611 1589 tenebris,
636 1550 742 1581 nescit
761 1558 823 1588 quo

121 1598 218 1628 vadat
232 1598 245 1627 ἓ
259 1600 356 1628 Ροιτο
371 1598 463 1628 vobis
479 1597 608 1635 grandis
635 1597 736 1627 restat
750 1597 802 1626 via
813 1618 822 1634 ‚

121 1654 181 1676 nec
203 1653 304 1683 parva
329 1644 377 1674 est
392 1643 533 1673 hostium
561 1642 747 1672 multitudo.
771 1642 824 1671 Est

122 1692 231 1721 autem
245 1690 339 1719 miles
348 1688 479 1727 quidam
495 1687 574 1725 Regi
588 1688 695 1717 nostro
704 1687 824 1716 fidelis-

121 1736 240 1772 simus,
256 1742 353 1773 quem
369 1741 427 1770 ego
439 1732 533 1769 novi,
547 1733 685 1762 castrum
701 1732 824 1761 habens

122 1789 221 1819 prope
243 1789 300 1810 nos
314 1780 455 1818 positum
466 1801 475 1817 ,
491 1779 523 1808 et
539 1779 758 1809 firmissimum
776 1780 824 1809 est

122 1827 367 1857 habitaculum:
385 1825 461 1863 quia
476 1825 511 1854 in
531 1824 622 1862 petra
644 1824 751 1862 posuit
772 1825 824 1854 ni-

122 1871 198 1902 dum
225 1880 331 1901 suum.
361 1870 567 1900 Divertamus
591 1869 630 1898 ad
659 1869 751 1900 illum
761 1892 770 1908 ,
797 1871 824 1900 si

121 1918 246 1956 placet,
261 1917 338 1955 quia
353 1917 472 1946 bonum
488 1916 536 1946 est
551 1915 618 1945 illic
635 1923 716 1945 esse.
733 1916 825 1953 Quod

122 1971 196 1992 cum
211 1962 386 2000 placuisset
399 1960 566 1997 omnibuS,
589 1960 622 1990 et
637 1960 752 1990 ducem
770 1961 824 1991 iti-

121 2008 209 2038 neris
223 2008 433 2047 quaesissent,
450 2007 496 2037 ait
506 2006 681 2036 Prudentia
695 2015 703 2035 ι
720 2007 825 2037 Armi-

120 2061 179 2092 ger
193 2062 285 2084 meus
300 2053 393 2083 Ratio
408 2052 571 2091 praecedet
582 2060 652 2082 nos.
666 2053 721 2082 Est
735 2053 823 2083 enim

121 2107 238 2137 gnarus
253 2099 382 2129 viarum
394 2121 403 2137 ,
419 2099 451 2128 et
470 2099 566 2128 notus
590 2098 749 2137 Justitiae,
772 2099 825 2129 ut-

120 2146 196 2184 pote
225 2145 483 2183 consanguineus
510 2144 590 2181 ejus.
617 2145 824 2175 Praecedente

119 2190 230 2229 itaque
256 2191 392 2221 Ratione
406 2212 414 2228 ,
441 2190 567 2220 caeteris
595 2190 826 2229 subsequenti-

119 2236 198 2275 bus,
213 2237 380 2267 antevenit
395 2236 488 2266 Ratio
504 2245 512 2265 ε
531 2236 563 2266 et
574 2236 712 2266 salutata
726 2237 825 2267 Justi-

119 2281 178 2318 tia,
193 2282 356 2312 nuntiavit
370 2282 515 2320 hospites
530 2281 718 2312 adventare.
732 2283 826 2320 Quae-

120 2327 164 2357 rit
179 2328 234 2357 illa
247 2327 302 2366 qui
318 2328 400 2356 sint:
417 2328 519 2365 unde,
532 2327 573 2357 ad
586 2328 665 2365 quid
678 2328 823 2367 veniant,

121 2373 315 2404 sciscitatur.
328 2375 365 2404 Et
381 2382 455 2403 cum
471 2374 592 2411 Regem
608 2374 822 2412 cognovisset,

121 2418 219 2448 hilari
231 2419 325 2448 vultu
334 2427 466 2456 surgens
474 2418 676 2456 fugientibus
683 2420 824 2450 occurrit

125 2471 196 2494 eum
222 2465 378 2503 panibus,
409 2465 442 2494 et
467 2465 613 2494 obviavit
640 2465 706 2494 illis
731 2466 822 2503 quasi

124 2509 226 2539 mater
238 2510 447 2539 honorificata
458 2532 467 2548 ‚
484 2510 731 2548 susceptamque
746 2511 824 2540 Ani-

121 2564 206 2586 mam
223 2555 262 2584 ab
275 2563 356 2593 equo
370 2555 538 2594 deposuit,
555 2556 588 2585 et
599 2555 633 2585 in
647 2556 823 2594 penetrali-

122 2601 181 2632 bus
193 2601 305 2631 domus
321 2600 415 2631 avida
428 2601 611 2632 collocavit.

163 2647 193 2676 5.
224 2647 409 2686 Insequitur
431 2647 558 2678 hostilis
579 2647 762 2687 exercitus,
789 2648 821 2679 et

1489 223 1547 253 447

857 272 998 302 castrum
1013 271 1164 301 obsidens
1174 293 1183 309 ,
1195 274 1336 313 undique
1358 278 1511 318 inquirit,
1523 281 1551 309 si

856 318 928 356 quis
937 317 1018 347 forte
1030 317 1156 355 pateret
1167 317 1337 358 ingressus,
1346 329 1381 352 ac
1391 325 1551 362 tamquam

856 364 907 393 leo
923 363 1040 394 circuit
1058 371 1207 402 quaerens
1219 372 1314 401 quem
1332 366 1475 399 devoret.
1490 370 1554 400 Sed

857 418 929 439 cum
945 410 1090 447 undique
1100 409 1183 439 illud
1198 410 1361 439 munitum
1374 411 1555 450 inveniunt,

859 455 997 485 tentoria
1018 455 1140 493 figunt,
1158 455 1190 485 et
1212 454 1368 484 excubias
1383 457 1553 488 ordinant:

857 510 897 531 ne
914 502 985 540 quis
1001 502 1148 541 ingredi,
1170 501 1228 531 aut
1248 500 1360 539 egredi
1374 501 1481 530 valeat
1493 525 1502 540 ‚
1520 504 1557 533 ut

857 555 950 577 mane
966 547 1049 578 facto
1066 547 1233 578 instructis
1244 546 1404 576 machinis
1417 546 1558 585 diruant,

857 594 888 622 et
904 593 1032 623 irruant
1049 601 1145 631 super
1160 601 1227 623 eos.
1244 592 1377 622 Interim
1389 599 1490 629 pavor
1504 600 1558 629 pa-

857 638 993 668 viditate
1010 639 1043 668 et
1055 638 1275 669 sollicitudine
1289 646 1353 667 non
1373 637 1484 676 piger,
1498 644 1560 666 nec

858 692 1011 722 umquam
1041 693 1190 722 securus,
1213 683 1451 714 commilitones
1473 682 1562 712 exci-

858 730 921 766 tat,
937 730 1102 760 Justitiam
1120 729 1294 767 convenit,
1310 729 1350 759 de
1375 727 1561 758 munitione

857 774 916 802 loci
929 797 937 811 ,
954 775 994 804 de
1009 775 1244 813 praeparatione
1257 783 1418 804 armorum
1431 772 1560 812 quaerit,

857 819 1013 856 adjiciens
1025 820 1058 850 et
1073 819 1166 858 illud,
1177 828 1216 850 ne
1233 819 1314 850 forte
1330 819 1561 849 sustentationi

857 864 1008 895 deficiant
1023 866 1188 896 alimenta.
1202 865 1249 896 Ad
1266 866 1336 896 haec
1358 865 1490 895 Justitia
1507 872 1561 895 re-

857 911 987 948 spondit
1009 920 1018 941 ι
1044 912 1132 942 Situs
1147 912 1228 947 loci,
1249 913 1286 941 ut
1300 911 1562 941 animadvertere

857 957 992 994 potestis
1004 980 1014 996 ,
1043 966 1176 988 saxosus
1193 958 1225 988 et
1240 957 1476 987 inaccessibilis
1489 955 1561 994 est,

858 1056 926 1076 rum
950 1048 1047 1078 timet
1068 1049 1238 1079 insultum.
1262 1049 1325 1079 Sed
1350 1048 1425 1086 quia
1451 1047 1560 1078 aridus

858 1094 923 1131 est,
940 1103 1058 1132 paucos
1076 1094 1459 1132 habeti11digenas,quos
1468 1093 1559 1123 arido

858 1139 1029 1169 hordeacei
1045 1140 1138 1178 panis
1153 1140 1226 1170 cibo
1242 1141 1417 1178 utcumque
1433 1140 1559 1169 susten-

857 1185 914 1214 tat.
940 1186 976 1215 Et
998 1194 1083 1215 nunc
1106 1187 1280 1224 supersunt
1297 1186 1391 1216 nobis
1415 1185 1559 1224 quinque

858 1239 955 1268 panes
972 1231 1163 1270 hordeacei,
1186 1233 1219 1262 et
1236 1233 1299 1262 duo
1318 1231 1434 1270 pisces.
1452 1232 1490 1261 Et
1503 1231 1560 1260 Ti-

858 1284 946 1306 mor:
963 1277 1047 1314 Quid
1063 1277 1149 1316 haec,
1166 1278 1374 1316 inquit‚sunt
1389 1277 1476 1307 inter
1488 1277 1560 1307 tan-

858 1321 929 1352 tos?
950 1323 1054 1361 Coepit
1070 1323 1168 1362 igitur
1182 1323 1283 1361 magis
1308 1331 1427 1361 pavere
1449 1323 1482 1352 et
1503 1322 1561 1352 tae-

857 1368 933 1398 dere
959 1377 966 1397 :
995 1370 1027 1399 et
1051 1377 1188 1407 arguens
1217 1369 1366 1398 Animam
1377 1390 1386 1406 ,
1412 1368 1499 1407 quod
1519 1368 1559 1397 ab

857 1422 939 1452 equo
954 1414 1109 1444 desiderii
1126 1415 1366 1452 descendisset,
1392 1415 1476 1444 illud
1496 1423 1558 1444 sae-

857 1459 928 1497 pius
943 1461 1162 1498 memorabat,
1179 1469 1249 1490 esse
1265 1459 1439 1490 novissima
1452 1460 1559 1489 homi-

857 1505 905 1534 nis
920 1505 1009 1535 illius
1022 1505 1134 1543 pejora
1155 1506 1330 1544 prioribus.
1347 1507 1454 1544 Equus
1470 1505 1559 1535 enim

858 1551 912 1580 ille
927 1551 1063 1590 praepeti
1079 1560 1174 1582 cursu
1190 1552 1326 1582 festinus
1337 1551 1507 1581 advolabat
1519 1551 1560 1581 ad

857 1596 969 1626 urbem
981 1619 990 1634 ,
1004 1605 1091 1627 nunc
1108 1597 1207 1628 solius
1221 1597 1357 1627 rationis
1368 1597 1560 1627 commissus

856 1641 1001 1672 ducatui.
1024 1643 1115 1680 lpse,
1137 1642 1264 1681 inquit,
1287 1642 1430 1679 videris,
1449 1641 1477 1671 si
1493 1650 1558 1671 non

857 1687 973 1717 melius
987 1688 1210 1718 erattibitunc
1222 1688 1335 1726 magis,
1348 1696 1445 1726 quam
1457 1696 1556 1717 nunc.

895 1733 924 1762 6.
939 1734 1040 1772 Prope
1063 1734 1130 1771 jam
1150 1734 1219 1764 erat
1233 1734 1269 1764 ut
1290 1734 1443 1763 adversus
1459 1733 1556 1770 Spem

856 1780 1015 1809 contraria
1031 1780 1226 1810 sentientem
1234 1780 1342 1809 Timor
1354 1780 1555 1817 insurgeret;

856 1825 911 1855 sed
923 1826 1148 1864 Temperantia
1159 1825 1366 1855 Prudentiam
1375 1825 1558 1854 advocavit.

856 1872 1018 1902 Accersita
1043 1871 1218 1902 Prudentia
1240 1870 1482 1909 improbitatem
1505 1870 1559 1899 Ti-

856 1916 953 1947 moris
961 1916 1153 1955 objurgans:
1168 1916 1203 1945 1n
1216 1915 1428 1952 adversarios,
1438 1914 1558 1953 inquit,

858 1964 950 2001 tuus,
966 1971 984 1992 o
995 1963 1123 2000 Timor,
1138 1969 1250 1991 mucro
1265 1961 1431 1991 desaeviat.
1446 1960 1558 1990 Nescis

856 2009 930 2047 qnia
945 2010 1014 2039 Rex
1029 2008 1138 2038 noster
1148 2029 1157 2045 ,
1169 2016 1229 2037 rex
1241 2007 1401 2037 virtutum
1415 2006 1482 2044 est,
1496 2006 1560 2037 Do-

856 2055 963 2084 minus
979 2055 1070 2084 fortis
1085 2054 1118 2083 et
1129 2052 1429 2091 potens,Dominus
1443 2052 1560 2090 potens

857 2101 889 2129 in
904 2100 1016 2138 praelio
1031 2099 1044 2129 ’ἐ
1059 2100 1117 2129 Eat
1132 2098 1231 2137 igitur
1246 2097 1398 2135 nuntius,
1414 2097 1468 2135 qui
1483 2105 1558 2127 suo-

857 2155 927 2175 rum
951 2145 1162 2176 necessitates
1178 2144 1336 2182 exponat,
1361 2143 1559 2180 adjutorium

857 2191 997 2229 flagitet,
1013 2190 1243 2220 auxiliatorem
1259 2189 1408 2218 adducat.
1432 2189 1470 2218 Et
1484 2188 1558 2227 quis

857 2236 904 2267 ire
920 2237 1041 2274 poterit
1059 2235 1134 2266 ?ait
1156 2235 1276 2264 Timor.
1297 2234 1454 2264 Tenebrae
1479 2242 1558 2272 ope-

857 2282 945 2312 riunt
956 2283 1075 2312 terram
1085 2303 1095 2318 ,
1108 2281 1140 2311 et
1156 2288 1264 2310 muros
1275 2279 1402 2309 obsidet
1418 2280 1558 2309 hostium

856 2328 995 2367 pervigil
1010 2327 1204 2364 multitud03
1223 2327 1255 2356 et
1270 2326 1370 2364 ignari
1384 2325 1462 2362 viae,
1478 2326 1559 2354 tam-

856 2383 952 2412 quam
968 2375 1002 2404 in
1014 2374 1147 2412 regione
1163 2372 1349 2410 longinqua.
1373 2371 1556 2400 Advocave-

856 2421 933 2450 runt
954 2419 1054 2458 igitur
1078 2418 1239 2457 hospitem
1262 2425 1356 2447 suum
1379 2415 1553 2445 Justitiam.

855 2466 888 2494 Si
904 2466 1000 2504 quid,
1027 2465 1202 2503 inquiunt,
1227 2464 1337 2502 potes,
1353 2460 1469 2499 adjuva
1485 2467 1554 2489 nos.

855 2511 978 2548 Quibus
1006 2511 1062 2540 illa
1085 2520 1092 2539 :
1117 2511 1203 2539 Bono
1228 2508 1335 2537 animo
1363 2506 1475 2536 estote.
1503 2505 1555 2534 Est

857 2557 945 2586 enim
962 2557 1044 2586 mihi
1065 2555 1199 2586 nuntius
1225 2551 1431 2582 fidelissimus
1451 2550 1554 2587 Regi,

856 2603 939 2632 bene
964 2604 1059 2632 notus
1075 2601 1192 2636 curiae,
1214 2598 1322 2627 Oratio
1339 2596 1482 2633 scilicet,
1498 2595 1553 2634 qui

857 2649 889 2679 in
901 2649 1025 2678 secreto
1040 2646 1144 2677 noctis
1155 2643 1284 2676 silentio
1295 2650 1353 2681 per
1367 2641 1491 2681 ignotas
1506 2648 1556 2670 sc-
