1846 3078
593 249 635 276 11<
661 246 859 276 CANTICA
882 246 1032 274 SERMO
1054 246 1175 273 LXIX

162 306 197 335 in
214 305 303 335 nullo
325 304 382 334 illa
395 302 503 333 omnia
524 302 586 333 sibi
606 303 718 341 aptare
732 300 861 332 verebi-

160 353 225 380 tur.
241 351 288 381 De
302 357 365 380 una
373 348 480 378 anima
493 348 648 386 quaeritur
660 348 758 378 ctiam
767 347 810 385 ,si
821 346 862 376 sit

161 394 347 433 spiritualis·
363 393 396 424 et
419 393 700 431 sancta,liceatne
723 392 773 422 illi
794 392 861 421 ullo

159 441 254 470 inodo
277 439 398 469 audere
423 438 459 468 in
478 438 611 468 talibus.
633 439 746 476 Neque
773 437 861 467 enim

160 484 387 523 praerogativas
401 491 512 514 omnes
531 484 630 514 ‚unius
646 484 734 513 illius
750 482 862 512 catho-

160 529 230 560 licae
243 528 462 559 multitudinis
471 550 480 566 ,
493 528 533 558 ob
543 537 638 567 quam
651 527 759 558 omnia
768 527 860 564 fiunt,

160 583 223 605 una
232 575 271 605 de
280 575 493 605 multitudine
502 574 665 612 arrogabit
675 572 750 610 sibi,
759 580 863 611 quan-

156 621 276 651 talibet
289 620 434 651 emineat
455 619 637 650 sanctitate.
653 618 691 648 Et
705 618 780 648 ideo
798 617 862 648 dit-

160 666 278 696 ficilius
289 688 299 704 ,
313 667 352 696 ut
373 666 478 696 sentio
493 673 552 703 ego
565 687 574 703 ,
598 664 789 695 invenietur
811 662 862 702 (si

160 713 269 742 tamen
285 710 499 750 invenietur)
520 710 680 749 quomodo
698 709 801 747 possit
819 708 862 738 li-

160 766 246 787 cere.
259 757 351 787 Unde
365 756 583 787 necessarium
597 763 682 792 reor,
695 755 760 784 alio
774 753 862 784 istud

159 810 310 833 sermone
324 802 457 839 tentari,
470 809 532 831 nec
546 801 642 831 modo
653 799 781 838 ingredi
792 799 862 829 vias

160 849 355 887 scrupulosae
376 847 621 885 disputatIOnis,
637 854 775 884 quarum
804 845 861 875 ad—

159 894 222 923 huc
238 893 364 923 exitum
380 892 581 930 ignoramus,
592 891 656 921 nisi
665 891 755 930 prius
764 899 862 929 super

159 939 258 969 verbo
271 938 457 968 abscondito
469 939 595 968 oratum
610 937 710 967 suerit
723 937 762 966 ad
774 945 861 974 eum,

160 985 216 1022 qui
231 984 355 1023 aperit,
379 984 413 1014 et
431 991 527 1014 nemo
544 983 686 1020 claudit,
703 982 862 1021 Sponsum

160 1029 314 1060 licclesiae
346 1030 458 1059 Jesum
489 1029 652 1059 Christum
686 1028 862 1058 Dominum

160 1076 317 1113 nostrum,
331 1075 389 1113 qui
403 1076 452 1105 est
465 1083 564 1113 super
580 1074 687 1105 omnia
701 1075 789 1105 Deus
804 1071 862 1104 be-

161 1120 309 1151 nedictus
324 1121 357 1150 in
372 1121 500 1159 saecula,
515 1129 622 1151 amen.

337 1249 507 1283 SERMO
542 1249 681 1283 LXIX.

161 1331 291 1361 Qualiter
301 1330 393 1354 omnis
404 1329 523 1354 altitudo
531 1347 539 1360 ‚
549 1336 576 1354 se
589 1331 722 1355 extollens
732 1330 863 1355 adversus

190 1367 334 1391 scientiam
356 1367 424 1396 Dei,
447 1366 591 1396 dejicitur.
613 1367 654 1390 De
681 1364 809 1390 adventu'
836 1370 863 1391 et

189 1402 333 1426 mansione
346 1401 435 1426 Patris
448 1404 475 1425 et
489 1401 578 1425 Verbi
590 1402 665 1433 apud
680 1402 805 1426 animam
822 1402 863 1427 di·-

189 1439 325 1469 ligentern
334 1455 342 1468 ,
363 1440 390 1461 et
411 1437 446 1461 de
469 1437 660 1462 familiaritate
669 1456 677 1468 ,
700 1445 766 1469 quae
796 1439 862 1463 inde

189 1475 264 1498 inter
277 1473 369 1497 Deum
382 1475 408 1496 et
422 1473 545 1496 animam
558 1474 748 1498 contrahitur.

201 1537 231 1566 1.
247 1537 382 1567 Dilectus
389 1546 472 1567 meus
486 1537 581 1574 mihi,
596 1540 624 1568 et
635 1547 688 1576 eqo
702 1539 758 1568 illi.
771 1539 862 1568 Hanc

162 1590 273 1613 vocem
286 1581 464 1612 universali
476 1582 628 1614 Ecclesiae
643 1591 749 1614 sermo
764 1593 862 1623 supe-

158 1628 225 1658 rior
247 1628 444 1666 assignavit,
470 1630 606 1667 propter
633 1629 733 1659 factas
755 1631 819 1660 sibi
843 1639 862 1660 a

158 1675 226 1703 Deo
238 1674 468 1712 promiSsiones
482 1674 559 1704 vitae
575 1675 647 1711 ejus
658 1697 667 1712 ,
688 1684 761 1713 quae
774 1684 862 1706 nunc

159 1721 207 1748 est
216 1742 225 1757 ,
240 1719 363 1757 pariter
377 1719 411 1749 ct
423 1718 552 1749 futurae.
565 1720 612 1749 De
626 1720 734 1750 anima
744 1729 863 1760 propo-

158 1765 219 1795 sita
238 1764 376 1803 quaestio
398 1765 474 1795 est:
486 1765 564 1803 quia
586 1773 652 1795 non
672 1767 780 1804 potest
799 1767 861 1797 sibi

157 1819 306 1849 arrogare
323 1818 385 1840 una
397 1832 407 1848 ,
422 1811 509 1849 quod
520 1811 716 1842 universitas
730 1813 860 1851 audeat,

155 1865 218 1887 nec
240 1857 349 1895 aliquo
370 1857 466 1886 modo
489 1857 530 1886 ad
553 1865 588 1887 se
603 1857 735 1888 trahere
757 1859 860 1889 illam.

156 1902 190 1931 Si
205 1902 386 1940 nonlicet,
404 1902 584 1933 referamus
605 1903 743 1941 proinde
765 1912 862 1943 opor-

156 1948 207 1978 tet
224 1948 271 1978 ita
285 1948 326 1978 ad
343 1948 540 1987 Ecclesiam,
555 1948 594 1978 ut
617 1949 807 1980 nullatenus
821 1950 862 1981 ad

155 2001 347 2033 personam3
362 2002 422 2024 nec
433 1994 528 2024 modo
540 1994 624 2025 hanc
637 2017 647 2033 ,
662 1995 720 2025 sed
735 1996 768 2026 et
781 1997 862 2027 reli-

155 2047 236 2077 quas
265 2047 364 2069 voces
401 2039 528 2070 similes
558 2039 639 2070 huic
650 2062 660 2078 ‚
688 2041 862 2080 loquentes

155 2084 308 2122 grandia,
331 2084 426 2115 verbi
445 2084 546 2123 gratia
564 2093 572 2114 :
588 2087 784 2125 an-spectans
803 2096 861 2118 esc-

155 2131 286 2168 spectavi
298 2131 480 2167 Dominum,
495 2131 524 2160 et
538 2131 668 2161 intendit
675 2131 756 2162 ‘mihi
764 2141 774 2170 ς
788 2132 822 2162 et
833 2132 860 2163 si

155 2182 236 2213 quas
257 2175 337 2205 alias
357 2183 464 2205 sermo
481 2174 630 2213 superior
652 2177 859 2213 perstrinxit.

154 2219 246 2257 Quod
260 2219 287 2249 si
303 2218 376 2258 quis
390 2220 492 2250 licere
507 2220 624 2259 putat,
643 2229 704 2259 ego
723 2229 790 2251 non
806 2223 861 2252 ab·

155 2273 220 2294 nuo
236 2273 245 2294 ε
261 2265 320 2295 scd
333 2265 491 2304 interest,
506 2265 580 2304 cui3
596 2274 662 2296 non
683 2266 774 2297 enim
790 2267 862 2298 cui-

156 2318 309 2349 cumque.
334 2311 468 2341 Prorsus
494 2311 597 2341 habet
624 2313 771 2344 Ecclesia
798 2314 860 2344 Dei

156 2354 342 2392 spirituales
361 2363 436 2385 suos
449 2376 459 2392 ,
477 2356 534 2394 qui
550 2364 615 2386 non
635 2357 732 2387 modo
754 2357 861 2388 fideli-

155 2404 207 2430 ter
219 2422 229 2438 ,
258 2400 317 2430 sed
343 2400 378 2430 et
402 2400 601 2431 fiducialiter
627 2402 728 2440 agant
753 2402 789 2433 in
809 2411 860 2443 eo,

157 2453 232 2475 cum
253 2445 322 2474 Deo
336 2444 429 2483 quasi
450 2453 526 2475 cum
545 2445 650 2476 amico
672 2446 860 2487 loquentes,

157 2490 383 2521 testimonium
396 2490 463 2521 illis
476 2490 673 2530 perhibente
692 2493 862 2523 conscien-

157 2537 204 2566 tia
216 2536 325 2574 gloriae
340 2535 423 2574 ejus.
434 2536 578 2574 Quinam
589 2536 640 2567 illi
655 2537 734 2576 sint,
743 2538 778 2569 id
789 2540 863 2578 qui-

158 2582 234 2612 dem
253 2589 356 2620 penes
374 2582 480 2612 Deum
495 2590 504 2611 ε
518 2582 557 2613 tu
570 2590 651 2613 vero
665 2583 766 2622 audi,
781 2593 863 2623 qua-

157 2628 224 2656 lem
247 2627 281 2657 te
295 2635 366 2658 esse
383 2628 533 2666 oporteat
545 2649 555 2666 ,
570 2627 599 2658 si
614 2628 691 2659 talis
705 2629 756 2660 vis
775 2638 860 2661 esse.

159 2671 252 2711 Quod
265 2672 374 2705 tamen
387 2672 527 2705 dixerim
538 2695 548 2714 ,
562 2682 627 2705 non
637 2674 730 2713 quasi
743 2683 862 2715 exper-

1532 250 1589 260 ιιι-νη

1530 260 1563 279 o)
1574 262 1583 280 A

895 300 968 338 tus,
991 299 1049 331 sed
1073 300 1166 338 quasi
1195 298 1339 338 experiri
1369 303 1510 342 cupiens.
1536 307 1586 337 DA

894 353 977 376 mnu
1004 352 1154 376 Atrinum
1183 345 1268 375 nihil
1291 349 1450 378 amantem
1473 353 1591 388 praetffi·

895 392 1020 429 Deum,
1044 391 1079 421 et
1099 390 1186 430 quod
1206 391 1340 429 propter
1358 393 1459 423 Deum
1483 405 1592 429 aman-

896 437 974 467 dum
983 438 1047 475 est3
1059 437 1112 467 cui
1123 437 1236 467 vivere
1245 437 1389 468 Christus
1397 446 1461 468 non
1470 441 1590 473 tantum

896 483 958 520 sit,
973 483 1030 513 sed
1046 483 1080 512 et
1092 482 1148 512 diu
1161 482 1229 519 jam
1239 481 1362 519 fuerit3
1379 484 1432 513 cui
1449 485 1546 516 studii
1561 491 1593 518 et

895 528 956 558 otii
988 529 1032 559 sit
1059 528 1236 567 providere
1269 527 1442 558 Dominum
1461 529 1496 558 in
1522 539 1596 562 con-

896 574 1012 612 spectu
1026 583 1084 605 suo
1099 581 1247 612 semper3
1264 573 1318 603 cui
1333 573 1471 604 sollicite
1484 576 1596 606 ambu-

895 620 963 649 lare
983 627 1057 649 cum
1083 619 1221 649 Domino
1244 620 1314 649 Deo
1335 627 1414 657 suo,
1440 627 1505 650 non
1526 621 1597 651 dico

895 673 1011 703 magna
1023 688 1034 703 ,
1062 665 1120 695 sed
1147 673 1213 694 una
1240 665 1392 696 voluntas
1418 665 1462 696 sit
1490 666 1526 696 et
1550 667 1598 696 sa-

896 711 1001 741 cultas
1020 719 1086 741 non
1105 710 1191 741 desit
1211 718 1221 740 z
1238 710 1278 741 da
1290 733 1300 749 ,
1322 711 1475 750 inquam,
1498 712 1597 743 talem

895 756 1036 786 animam
1044 778 1053 794 ,
1062 756 1095 786 et
1106 764 1165 794 ego
1179 764 1244 786 non
1255 764 1338 795 nego
1346 757 1476 795 dignam
1485 757 1599 796 Sponsi

896 809 972 831 cura
985 823 995 840 ,
1016 802 1196 839 maiestatis
1213 802 1382 841 respectu,
1403 802 1601 835 dominantis

896 846 1027 885 favore,
1052 846 1275 878 sollicitudine
1297 848 1511 886 gubernantis
1532 857 1542 878 z
1564 851 1597 879 et

895 892 922 922 si
937 893 1080 923 voluerit
1094 893 1247 931 gloriari,
1258 901 1325 923 non
1339 893 1403 923 erit
1417 893 1596 932 insipiens:

896 938 1026 968 tantum
1050 939 1089 968 ut
1112 939 1170 977 qui
1198 938 1378 977 gloriatur,
1404 938 1440 969 in
1460 940 1599 971 Domino

895 983 1066 1020 glorietur.
1080 983 1128 1013 lta
1142 983 1176 1013 in
1190 992 1253 1022 quo
1265 984 1360 1014 multi
1376 984 1517 1023 audent,
1538 995 1597 1018 au-

897 1029 954 1059 det
969 1029 1003 1060 et
1015 1037 1100 1060 unus
1113 1052 1122 1067 ,
1134 1029 1193 1060 sed
1206 1029 1270 1059 alia
1285 1030 1425 1061 ratione.

951 1075 983 1105 2.
1019 1076 1143 1114 Nempe
1178 1076 1322 1105 sanctam
1354 1076 1597 1110 multitudinem

897 1128 1003 1151 causae
1037 1121 1230 1160 supradictae
1267 1121 1423 1152 fidentem
1456 1123 1596 1163 faciunt,

896 1167 1040 1197 sanctam
1053 1167 1195 1197 animam
1207 1167 1331 1206 duplex
1344 1168 1490 1206 quaedam
1500 1171 1596 1202 ratio.

896 1212 1004 1242 Primo
1020 1213 1154 1251 quidem
1174 1214 1261 1251 quod
1286 1214 1406 1245 habeat
1425 1215 1461 1245 in
1481 1216 1598 1247 natura

895 1258 1138 1297 simplicissima
1173 1259 1288 1298 Sponsi
1316 1259 1470 1291 divinitas
1507 1263 1599 1300 quasi

896 1312 997 1334 unum
1018 1305 1184 1343 respicere
1200 1304 1336 1343 multos,
1360 1305 1395 1335 et
1409 1306 1500 1344 quasi
1514 1309 1600 1337 mul-

895 1348 946 1379 tos
958 1357 1072 1379 unum.
1087 1350 1152 1379 Nec
1165 1349 1206 1379 ad
1219 1349 1465 1380 multitudinem
1478 1352 1600 1382 multus

897 1394 980 1433 erit,
994 1403 1057 1426 nec
1075 1395 1117 1425 ad
1135 1395 1333 1434 paucitatem
1349 1404 1462 1433 rarus3
1478 1405 1540 1427 nec
1559 1398 1600 1427 ad

896 1440 1122 1471 diversitatem
1137 1441 1261 1471 divisus
1272 1462 1281 1479 ,
1296 1448 1358 1470 nec
1373 1441 1545 1472 restrictus
1559 1444 1599 1472 ad

896 1493 1018 1523 unum3
1041 1493 1104 1515 nec
1121 1486 1241 1515 anxius
1255 1485 1296 1515 ad
1312 1494 1405 1516 curas
1417 1509 1427 1525 ,
1442 1495 1504 1517 nec
1524 1496 1599 1526 per-

896 1531 1045 1561 turbatus
1065 1539 1124 1562 seu
1145 1531 1354 1562 turbulentus
1375 1533 1417 1562 ad
1440 1533 1600 1564 sollicitu-

896 1577 1000 1607 dines.
1023 1577 1077 1607 Sic
1100 1585 1178 1608 sane
1200 1577 1259 1607 uni
1281 1577 1452 1617 intentus,
1473 1579 1511 1609 ut
1534 1588 1599 1610 non

896 1622 1065 1661 detentus3
1089 1623 1135 1652 sic
1155 1623 1323 1661 pluribus,
1338 1625 1376 1654 ut
1397 1632 1461 1654 non
1477 1624 1600 1655 disten-

896 1669 959 1698 tus.
981 1668 1108 1698 Deinde
1123 1669 1211 1707 quod
1231 1669 1269 1698 ut
1287 1669 1425 1706 probare
1446 1670 1600 1700 suavissi-

895 1722 1004 1753 mum,
1038 1714 1086 1744 ita
1112 1713 1315 1743 rarissimum
1341 1714 1495 1752 probasse
1528 1716 1599 1753 est,

895 1758 988 1790 tanta
1010 1759 1061 1789 est
1081 1758 1228 1798 dignatio
1247 1759 1371 1798 Verbi,
1392 1761 1483 1791 tanta
1499 1761 1601 1791 bene-

897 1804 1043 1835 volentia
1057 1806 1164 1836 Patris
1177 1805 1280 1836 Verbi
1302 1813 1378 1844 erga
1393 1806 1479 1836 bene
1501 1807 1600 1837 affec-

895 1850 962 1880 tam
993 1852 1028 1882 et
1060 1850 1148 1881 bene
1188 1851 1399 1889 compositam
1429 1852 1572 1882 animam
1590 1874 1599 1889 ,

897 1895 1006 1935 (quod
1020 1896 1152 1936 quidem
1170 1896 1278 1936 ipsum
1291 1897 1396 1927 Patris
1408 1905 1528 1928 munus
1538 1919 1548 1936 ,
1565 1900 1599 1928 et

895 1942 994 1972 Verbi
1009 1951 1090 1981 opus
1105 1943 1154 1973 est
1169 1953 1178 1972 ε
1197 1942 1207 1983 )
1224 1944 1368 1981 utquam
1390 1952 1448 1973 sua
1466 1943 1524 1973 tali
1545 1944 1603 1975 be-

894 1989 1081 2019 nedictione
1103 1990 1324 2028 praevenerint
1345 1990 1380 2020 et
1397 1998 1602 2028 praeparave-

894 2035 961 2066 rint
973 2036 1048 2074 sibi,
1060 2044 1116 2066 sua
1129 2044 1257 2074 quoque
1270 2035 1446 2075 dignentur
1461 2045 1602 2074 praesen-

894 2083 953 2121 tia,
971 2083 1004 2113 et
1014 2082 1073 2120 ita,
1085 2082 1201 2112 utnon
1216 2082 1311 2112 modo
1323 2081 1364 2112 ad
1375 2090 1447 2112 eam
1455 2082 1601 2121 veniant,

895 2129 952 2159 sed
961 2129 1060 2159 etiam
1070 2128 1271 2158 mansionem
1287 2127 1373 2166 apud
1384 2135 1457 2158 eam
1468 2127 1600 2159 faciant.

893 2174 963 2204 Non
983 2174 1071 2204 enim
1085 2173 1208 2204 sufficit
1221 2173 1373 2204 exhiberi
1387 2195 1397 2212 ,
1414 2174 1479 2204 nisi
1500 2174 1534 2205 et
1548 2182 1602 2204 co·

894 2218 981 2257 piam
994 2219 1045 2249 sui
1059 2219 1240 2257 praebeant.
1256 2219 1342 2256 Quid
1360 2219 1410 2249 est
1431 2218 1547 2249 venire
1562 2219 1601 2248 ad

894 2264 1035 2295 animam
1047 2265 1192 2295 Verbum
1204 2264 1218 2294 ἒ
1228 2264 1365 2294 Erudire
1377 2265 1412 2295 in
1426 2264 1600 2303 sapientia.

894 2311 980 2348 Quid
1005 2311 1054 2341 est
1080 2310 1209 2341 Patrem
1233 2310 1370 2341 venire?
1391 2310 1530 2341 Afficere
1557 2310 1599 2339 ad

895 2364 1038 2387 amorem
1063 2356 1252 2395 sapientiae,
1280 2357 1318 2387 ut
1338 2356 1447 2387 dicere
1476 2355 1594 2394 possit,

894 2401 971 2440 quia
995 2403 1136 2433 amatrix
1159 2401 1246 2433 faeta
1266 2411 1338 2434 sum
1356 2401 1466 2432 formae
1490 2401 1591 2430 illius.

894 2447 998 2479 Patris
1006 2448 1143 2486 diligere
1153 2449 1222 2480 est:
1236 2448 1271 2479 et
1285 2449 1358 2478 ideo
1365 2446 1467 2477 Patris
1476 2445 1598 2476 adven-

894 2493 948 2523 tus
962 2501 1006 2524 ex
1020 2494 1128 2525 infusa
1141 2494 1318 2525 dilectione
1333 2492 1498 2531 probatur.
1512 2491 1597 2528 Quid

895 2538 1018 2570 faceret
1033 2539 1175 2570 eruditio
1190 2540 1312 2577 absque
1328 2535 1526 2568 dilectione?
1543 2536 1597 2564 ln-

895 2584 1001 2616 flaret.
1013 2585 1099 2623 Quid
1113 2586 1233 2623 absque
1249 2582 1432 2614 eruditione
1445 2580 1597 2611 dilectio?

895 2631 1037 2661 Erraret.
1056 2631 1206 2669 Denique
1226 2628 1394 2665 errabant,
1413 2626 1453 2657 de
1475 2627 1595 2665 quibus

899 2676 1067 2708 dicebatur
1084 2685 1091 2705 τ
1107 2675 1324 2706 Testimonium
1347 2673 1406 2704 illis
1430 2672 1594 2712 perlitum„
