1830 3073
472 219 527 247 DE
552 214 762 246 DIVERSIS
787 213 932 242 SERMO
952 211 1074 238 LXVI.

1442 209 1499 239 107

77 282 187 312 mogus
196 286 254 318 per
264 274 437 307 utilitatem
448 268 770 310 proximorum.Sen-
783 271 787 314 Ι
802 273 877 303 ergo
892 263 1065 302 pretiosius
1086 261 1258 292 inveniens
1272 263 1414 302 unitate,
1437 273 1501 294 non

77 336 129 356 sus
141 326 212 364 pius
222 323 294 359 erit,
306 320 332 351 si
346 320 424 349 fides
437 319 544 348 nostra
556 318 660 346 Deum
671 312 770 345 sentit
802 310 912 348 parcat
933 309 1083 338 omnibus
1108 307 1235 337 caeteris
1256 307 1388 344 propter
1403 317 1473 338 eam
1492 319 1500 338 :

78 378 199 402 summe
212 366 376 407 potentem
387 387 397 403 ,
421 372 545 394 summe
567 361 768 400 sapientem,

78 423 199 447 summe
212 415 331 444 bonum
347 420 354 440 ε
372 411 408 441 ut
422 418 481 449 per
493 408 562 446 ejus
572 404 768 446 potentiam,

77 462 214 492 nostram
235 458 402 488 credamus
431 454 578 493 adjuvari
598 449 769 482 infirmita-

76 509 157 543 tem3
172 513 229 543 per
244 504 272 542 ej
279 513 315 534 us
330 502 535 541 sapientiam,
548 499 687 530 nostram
700 503 770 525 cre-

76 551 188 581 damus
214 549 330 587 corrigi
360 547 593 586 ignorantiam3
614 550 673 582 per
701 540 771 577 ejus

73 596 263 633 bonitatem,
275 596 416 625 nostram
431 593 597 623 credamus
613 587 692 619 dilui
709 586 771 616 ini-

74 641 244 678 quitatem.
260 641 333 670 Tria
349 640 423 669 sunt
437 646 510 676 quae
525 637 662 666 mortem
678 640 772 664 sanc-

77 689 182 716 torum
205 686 329 716 faciunt
349 684 543 724 pretiosam,
569 681 663 719 quies
684 687 701 708 a
724 678 772 707 la-

76 731 154 761 bore
168 754 177 769 ‚
192 732 345 770 gaudium
368 730 408 760 de
422 727 567 759 novitate
579 748 588 765 ,
614 724 771 757 securitas

73 779 113 807 (le
129 777 321 807 aeternitate.

259 880 428 914 SERMO
462 878 581 913 LXV.

74 959 112 983 De
134 960 285 983 connexione
310 959 420 989 triplicis
443 957 569 981 Parabozoe
591 955 658 986 apud
681 953 771 978 Matth.

105 993 202 1017 Simile
217 997 253 1017 est
268 1001 391 1024 regnum
410 994 548 1017 coelorum
568 992 700 1016 thesauro
712 991 774 1014 abs-

105 1030 217 1054 condito
229 1031 258 1053 in
273 1037 339 1061 agro
348 1047 356 1059 ,
368 1032 419 1054 etc.

116 1091 145 1120 1.
162 1091 353 1121 TmPchEM
368 1090 462 1120 nobis
477 1089 682 1121 commendat
704 1096 776 1126 gra-

75 1136 152 1166 dum
174 1138 323 1175 parabola
345 1137 468 1175 triplex
490 1136 640 1166 lectionis
666 1136 774 1165 unius.

75 1183 158 1219 Ager
175 1184 224 1213 est
250 1192 377 1221 corpus.
394 1183 477 1212 Huic
501 1183 578 1212 dum
595 1182 700 1212 adhuc
720 1181 777 1210 do-

74 1229 239 1258 minantur
249 1229 415 1266 passiones
430 1228 664 1257 desideriorum
675 1227 777 1265 ,jacet

75 1273 219 1303 incultus
228 1295 236 1311 ,
250 1274 283 1303 et
297 1272 457 1303 obnoxius
468 1273 640 1302 maledicto
651 1295 659 1309 ,
668 1273 777 1310 spinas

76 1320 109 1348 ct
124 1320 258 1349 tribulos
273 1320 451 1357 germinat3
477 1318 556 1357 quid
576 1318 663 1348 intus
678 1319 777 1349 lateat

75 1367 250 1404 ignoratur.
277 1366 355 1402 Quis
371 1366 459 1395 enim
476 1373 513 1394 eo
535 1365 684 1402 tempore
707 1365 777 1394 ido-

75 1420 176 1442 neum
199 1412 330 1449 reputet
346 1411 430 1441 serre
446 1411 558 1450 dignos
573 1411 777 1449 poenitentiae

76 1457 219 1488 fructus?
236 1458 320 1495 Quid
344 1458 409 1487 tam
432 1457 626 1495 insipienter
641 1457 777 1495 exponis

77 1505 182 1535 anima
194 1512 308 1542 corpus
319 1503 548 1534 tuum3Nescis
556 1503 634 1542 quid
647 1504 777 1533 abscon-

78 1551 180 1580 ditum
209 1550 251 1580 sit
276 1549 310 1579 in
335 1549 397 1580 eo?
424 1550 527 1587 Quid,
556 1549 619 1579 nisi
643 1557 776 1586 regnum

77 1596 255 1626 eoelorum?
279 1596 446 1626 Invenire·
461 1598 510 1626 est
539 1595 574 1625 in
603 1604 641 1626 eo
666 1596 778 1626 salutis

79 1651 175 1681 opera
184 1664 193 1679 ,
206 1643 322 1681 quibus
333 1649 469 1680 regnum
486 1642 642 1672 coelorum
657 1641 778 1680 poteris

78 1689 225 1727 adipisci.
242 1690 318 1719 Eme
336 1697 411 1727 ergo
427 1697 558 1726 agrum,
574 1689 608 1718 et
623 1696 641 1717 a
660 1696 779 1717 concu-

77 1735 247 1774 piscentiis
259 1735 323 1765 tuis
335 1734 394 1763 tibi
403 1734 535 1763 vindica
546 1742 661 1771 corpus
673 1734 779 1770 tuum,

78 1781 152 1811 dato
168 1780 323 1810 nimirum
344 1780 450 1817 pretio
466 1778 618 1809 fomentis
634 1778 667 1808 et
688 1787 781 1809 occa-

78 1826 224 1855 sionibus
242 1824 383 1861 ipsarum
399 1823 746 1862 concupiscentiarum.

118 1871 149 1900 2.
167 1870 227 1900 Ubi
242 1877 318 1899 vero
332 1870 521 1899 thesaurum
537 1869 698 1906 effoderis,
714 1870 781 1899 esto

76 1918 143 1956 jam
158 1916 356 1954 negotiator,
374 1916 405 1944 et
419 1915 578 1954 pretiosas
593 1916 781 1953 margaritas

79 1971 200 2002 quaere.
217 1961 250 1991 Si
271 1961 539 1999 pretiosissimam
563 1969 662 1990 unam
687 1961 781 1991 inve-

79 2010 168 2039 neris
180 2031 190 2047 ,
207 2008 306 2039 etiam
326 2008 404 2037 tunc
419 2007 527 2037 vende
551 2007 708 2045 quicquid
724 2007 781 2036 ha-

80 2056 138 2086 hes
151 2077 160 2093 ,
176 2057 209 2086 et
223 2063 295 2085 eme
320 2062 405 2084 eam.
421 2054 499 2091 Quae
522 2053 570 2083 est
594 2053 704 2082 tamen
718 2062 780 2083 una

79 2104 146 2132 tam
170 2099 332 2140 pretiosa?
354 2101 464 2137 Neque
491 2099 579 2129 enim
607 2099 727 2129 mirum
755 2100 781 2130 si

79 2157 137 2188 pro
157 2149 309 2178 thesauro
323 2146 472 2177 vendidit
491 2154 704 2184 quaecumque
724 2147 781 2176 ha-

81 2195 196 2233 bebat,
214 2194 248 2223 id
259 2195 308 2224 est
322 2201 380 2232 pro
392 2193 518 2222 divitiis
533 2191 645 2222 salutis
661 2192 694 2222 θῖ
707 2200 781 2230 pec·

81 2241 151 2270 cata
167 2263 176 2279 ,
190 2241 223 2271 et
237 2240 361 2279 pcccati
375 2239 517 2269 fomenta
532 2237 690 2268 deseruit.
706 2239 781 2268 Haec

81 2287 204 2325 quippe
226 2287 293 2316 sola
320 2286 413 2324 prius
436 2285 590 2314 habebat.
606 2285 696 2314 Nunc
725 2293 781 2314 au-

83 2333 149 2363 tem
160 2355 170 2371 ,
185 2332 245 2362 ubi
261 2332 450 2362 thesaurum
458 2331 544 2360 hunc
559 2331 782 2369 reperit,quo-

82 2378 178 2407 modo
198 2377 315 2415 quaerit
329 2376 428 2406 bonas
441 2375 629 2413 margaritas
640 2397 650 2413 ,
673 2376 706 2406 et
726 2384 783 2414 pro

83 2432 148 2453 uua
177 2423 285 2453 omnia
305 2421 477 2452 vendidit?
496 2422 560 2460 Ego
582 2429 679 2451 unam
700 2422 782 2451 hanc

85 2469 170 2498 nihil
206 2468 296 2498 aliud
330 2476 427 2506 quam
454 2467 617 2497 unitatem
646 2467 784 2497 arbitror

86 2522 168 2545 csse.
182 2514 305 2552 Quaerit
328 2513 438 2542 autem
460 2513 559 2542 bonas
573 2512 761 2549 margaritas
774 2534 783 2550 ,

84 2561 140 2597 qui
156 2560 189 2590 in
201 2568 298 2598 opere
314 2558 425 2589 salutis
440 2566 506 2588 suae
517 2566 581 2587 uon
593 2558 642 2588 est
655 2559 786 2588 conten-

86 2606 140 2635 tus
150 2605 358 2635 inferioribus
369 2604 461 2634 bonis
472 2626 482 2642 ,
497 2604 554 2633 sed
569 2612 692 2633 summa
701 2612 786 2641 quae-

87 2658 150 2689 que
180 2652 212 2681 et
237 2649 468 2681 excellentiora
498 2648 668 2687 perquirit.
698 2648 785 2678 Nihil

799 355 952 393 jejuniis,
967 354 1090 392 vigiliis
1101 375 1110 391 ,
1127 352 1327 383 orationibus
1349 353 1502 384 audacter

801 401 952 440 praeferat
967 400 1140 430 unitatem.

842 449 872 477 5.
889 448 968 477 Volo
985 448 1114 482 autem,
1132 444 1218 475 utin
1244 451 1283 474 ea
1304 451 1431 481 quoque
1457 443 1504 472 sic

801 494 950 532 maneat,
964 501 1030 522 non
1055 491 1148 530 quasi
1163 499 1248 521 unus
1273 497 1316 519 ex
1335 488 1504 525 omnibus,

803 540 858 570 sed
883 540 973 578 quasi
1000 548 1073 569 cum
1095 537 1245 568 omnibus
1272 543 1368 564 unus.
1391 535 1506 563 Latum

803 585 966 624 expandat
980 585 1089 615 sinum
1099 605 1108 621 ,
1122 592 1164 613 ex
1179 581 1267 612 omni
1281 585 1398 618 genere
1412 579 1507 609 affec-

803 632 929 661 tionum
944 632 1071 661 claudat
1088 630 1173 660 intra
1190 629 1314 659 viscera
1337 635 1412 664 sua,
1437 634 1507 655 om-

803 678 900 707 nibus
924 678 1032 707 omnia
1055 677 1109 706 fiat
1123 698 1131 714 ,
1148 676 1182 705 et
1197 673 1397 712 congaudere
1413 679 1508 709 patra-

803 725 874 762 tus,
890 725 923 754 et
935 724 1075 762 compati
1090 732 1098 752 z
1116 722 1256 760 gaudere
1273 728 1345 750 cum
1364 718 1508 757 gauden—

804 770 910 808 tibus,
936 770 1016 799 flere
1041 777 1116 799 cum
1139 766 1304 797 flentibus.
1323 765 1391 794 Erit
1419 763 1508 793 enim

805 825 877 846 cum
894 816 934 845 ad
956 816 1048 846 littus
1073 814 1228 849 veniens,
1246 812 1346 841 malos
1359 809 1465 848 pisces
1489 816 1508 838 a

806 870 923 900 sagena
948 861 1090 892 caritatis
1107 859 1281 895 excludet,
1297 857 1330 888 et
1350 854 1508 896 qmcquid

805 909 977 939 molestum
989 908 1055 945 est,
1068 907 1152 936 foras
1164 905 1326 936 mittetur.

985 1015 1044 1047 SE
1050 1014 1156 1046 mlo
1188 1011 1329 1044 LXVI.

830 1088 870 1112 De
890 1089 952 1112 octo
974 1085 1199 1110 beatitudinibus
1218 1083 1343 1115 oppositis
1365 1081 1484 1106 totidem

1095 1122 1220 1154 peccatis,

849 1182 878 1211 1.
891 1182 1013 1211 EODEM
1029 1178 1140 1209 ordine
1153 1185 1217 1216 quo
1230 1174 1394 1215 praecessit
1403 1174 1511 1212 culpa,

809 1228 980 1257 subsecuta
1009 1227 1059 1255 est
1083 1225 1182 1254 etiam
1208 1223 1311 1260 culpae
1336 1220 1509 1251 medicina.

808 1274 951 1303 Primum
972 1272 1143 1310 peccatum
1169 1270 1218 1299 est
1238 1268 1358 1297 factum
1380 1267 1414 1296 in
1431 1266 1513 1295 coelo

809 1328 867 1358 per
894 1318 1079 1357 superbiam
1100 1313 1357 1354 praevaricatoris
1382 1311 1512 1349 angeli,

809 1367 865 1406 qui
882 1365 968 1396 dixit
984 1365 1018 1394 in
1041 1363 1137 1393 corde
1153 1369 1210 1392 suo
1227 1369 1235 1389 z
1258 1362 1295 1390 1η
1314 1359 1422 1389 coetam
1442 1366 1514 1387 con-

808 1414 949 1444 scendam
957 1433 967 1448 ,
982 1419 1074 1448 super
1083 1411 1169 1439 astra
1179 1407 1237 1437 Dei
1247 1405 1392 1436 exaltabo
1403 1405 1514 1434 solium

808 1468 910 1490 meum
926 1468 935 1488 .·
956 1457 1061 1488 sedebo
1080 1457 1113 1485 in
1127 1455 1229 1484 monte
1262 1451 1456 1486 testamenti,
1482 1451 1514 1479 in

810 1505 955 1537 lateribus
974 1502 1157 1542 Aquilonis.-
1173 1499 1338 1530 ascendam
1355 1506 1445 1535 super
1467 1496 1516 1526 al-

811 1553 968 1583 titudinem
980 1549 1109 1579 nabz'am
1121 1568 1131 1584 ‚
1151 1555 1203 1576 ero
1215 1545 1322 1575 similis
1344 1543 1513 1573 Alassimo.

809 1599 844 1627 In
860 1597 965 1635 seipso
981 1593 1122 1630 tumuit,
1135 1594 1169 1622 et
1184 1591 1223 1620 de
1240 1591 1324 1621 sorte
1346 1589 1516 1618 beatorum

811 1643 986 1681 spirituum
1015 1641 1138 1678 eJectus
1149 1660 1158 1676 ,
1191 1637 1346 1667 coelorum
1381 1641 1516 1670 regnum

812 1688 930 1718 amisit.
955 1687 1074 1716 Contra
1101 1685 1163 1714 hoc
1190 1682 1360 1721 peccatum
1391 1679 1516 1709 dictum

813 1736 861 1764 est
887 1743 895 1763 ε
922 1734 1012 1764 Beati
1034 1738 1184 1771 pauperes
1213 1728 1344 1766 spirita,
1368 1725 1517 1764 quoniam

812 1781 949 1818 ipsorum
964 1780 1007 1808 est
1018 1784 1148 1815 requam
1159 1775 1318 1804 coeloram.
1332 1770 1516 1801 Secundum

812 1826 982 1863 peccatum
1011 1821 1219 1852 commissum
1245 1820 1294 1848 est
1319 1825 1379 1854 per
1403 1815 1517 1845 inobe-

813 1871 970 1901 dientiam
992 1867 1142 1897 mulieris
1158 1865 1192 1894 in
1214 1863 1375 1902 paradiso.
1392 1863 1439 1890 Ex
1456 1861 1517 1890 boc

813 1916 946 1955 peccato
962 1914 1046 1943 tacta
1062 1913 1112 1942 est
1128 1918 1201 1940 caro
1218 1909 1350 1939 rebellis
1365 1906 1493 1944 spiritui
1507 1927 1517 1943 ‚

814 1963 851 1992 ut
865 1961 1017 2000 quoniam
1034 1957 1167 1996 spiritus
1190 1955 1260 1992 ejus
1279 1962 1345 1983 non
1362 1952 1424 1983 suit
1441 1951 1518 1982 sub-

810 2008 918 2049 jectus
932 2005 1094 2041 Creatori,
1120 2011 1182 2033 nec
1208 2010 1281 2031 caro
1303 2001 1346 2030 sit
1370 1999 1518 2036 subjecta

814 2053 956 2092 spiritui.
973 2052 1088 2081 Contra
1104 2049 1164 2079 hoc
1187 2049 1236 2078 est
1254 2047 1381 2077 dictum
1398 2054 1406 2075 t
1430 2045 1520 2075 Beati

816 2100 900 2130 miles
912 2120 922 2135 ‚
939 2099 1086 2136 quomam
1101 2096 1158 2134 ipsi
1174 2093 1367 2132 possidebunt
1389 2095 1516 2121 terram.

815 2146 935 2174 Horum
961 2144 1098 2173 duorum
1129 2146 1337 2179 peccatorum
1371 2144 1520 2174 compre-

815 2191 930 2221 hendit
959 2189 1117 2219 Dominus
1140 2185 1360 2221 medicinam,
1381 2183 1518 2213 dicens:

813 2238 926 2268 Discite
941 2246 962 2266 a
986 2244 1034 2265 ‘me
1047 2236 1121 2273 qaia
1140 2234 1223 2263 ‘mitis
1237 2239 1324 2266 sum,
1347 2231 1375 2259 et
1398 2229 1522 2258 humilis·

815 2284 913 2313 corde.
927 2281 1072 2312 Tertium
1083 2278 1253 2319 peccatum
1264 2276 1339 2313 ruit,
1351 2275 1437 2314 quod
1452 2275 1520 2312 ipsa

815 2329 936 2359 mulier
950 2328 1059 2358 virum
1080 2333 1208 2365 quoque
1229 2331 1341 2353 secum
1364 2321 1466 2351 traxit
1487 2321 1521 2349 in

817 2376 958 2413 culpam.
977 2373 1099 2404 Debuit
1120 2371 1252 2410 quidem
1274 2369 1331 2398 illa
1349 2367 1522 2406 peccatum

817 2430 911 2451 suum
939 2419 1082 2457 deflere,
1108 2426 1169 2448 nec
1203 2415 1323 2446 addere
1351 2414 1522 2452 peccatum

816 2466 950 2506 peccato
967 2475 976 2496 ε
999 2465 1056 2496 sed
1075 2465 1110 2494 in
1125 2464 1186 2493 hoc
1205 2470 1238 2492 se
1254 2460 1384 2499 putavit
1398 2458 1520 2488 habere

818 2512 1082 2549 consolationem,
1095 2511 1122 2540 si
1137 2510 1244 2540 virum
1257 2506 1380 2537 faceret
1394 2501 1521 2542 peccati

819 2558 867 2588 sui
882 2556 1087 2596 participem.
1103 2551 1342 2592 Quodammodo
1358 2549 1446 2579 enim
1462 2554 1522 2576 na-

822 2603 924 2633 turale
939 2602 988 2632 est
998 2605 1265 2638 unumquemque
1280 2595 1367 2625 velle
1380 2614 1390 2630 ,
1402 2592 1471 2622 sive
1487 2591 1519 2619 in

821 2648 928 2686 vitiis,
944 2649 1013 2678 sive
1028 2648 1062 2677 in
1078 2644 1272 2680 virtutibus,
1286 2639 1442 2670 associare
1459 2636 1521 2667 sibi
