1810 3073
297 242 359 273 202

299 305 362 327 nec
383 296 449 327 suls
473 296 612 328 satietur
639 297 743 336 aquis.
766 298 839 327 Non
864 302 1000 326 PUDEAT

300 343 454 373 concham
474 351 540 373 non
565 352 634 374 esse
656 352 714 374 suo
734 343 823 372 fonte
843 342 1002 381 profusio-

298 396 379 418 rem.
395 389 542 428 Denique
558 389 627 427 ipse
642 390 724 419 Fons
738 390 814 419 vitae
830 389 945 427 plenus
967 387 1002 416 in

298 436 422 474 seips0‚
452 437 485 466 et
505 437 623 474 plenus
648 435 772 474 seipso,
802 443 908 464 nonne
933 433 1015 472 pri-¹

298 488 388 511 mum
412 481 544 519 quidem
575 480 738 510 ebulliens
766 483 800 509 et
823 480 942 509 saliens
966 479 999 508 in

295 527 446 564 proxima
471 527 597 556 secreta
613 527 768 555 coelorum
783 547 791 562 ,
808 526 916 555 omnia
939 524 1000 554 im-

296 574 401 611 plevit
415 573 578 610 bonitate3
595 573 629 602 et
642 572 720 601 tunc
733 572 864 601 demum
881 572 1000 609 imple-

295 619 338 648 tis
350 618 572 656 superioribus
584 618 879 656 secretioribusque
901 617 1001 656 parti-

296 665 356 694 bus
380 665 488 702 erupit
509 664 550 693 ad
571 666 697 701 terras,
722 671 758 693 ac
781 663 820 693 de
835 663 1000 702 superfluo

296 709 446 740 homines
460 710 493 740 et
505 709 654 746 jumenta
671 708 828 746 salvavit,
844 708 999 747 quemad-
1014 715 1016 724 ³

296 755 429 785 modum
469 754 704 793 multiplicavit
742 755 997 785 misericordiam

295 801 414 831 suam?
437 802 528 832 Prius
550 802 680 831 interna
700 801 843 839 replevit
865 809 873 829 :
895 801 929 831 et
953 801 998 831 sic

296 848 466 878 exundans
482 847 514 877 in
532 847 643 877 multis
655 846 920 876 miserationibus
931 847 999 877 suis

295 893 442 923 visitavit
472 894 616 930 terram,
641 893 675 922 et
702 892 878 922 inebriavit
905 900 996 931 eam,

296 939 530 976 multiplicavit
545 938 746 975 locupletare
763 946 846 967 eam.
863 938 944 975 Ergo
966 940 999 968 et

296 985 330 1012 tu
357 983 406 1012 fac
425 983 589 1013 similiter.
611 984 749 1020 Implere
772 983 884 1020 prius,
901 984 934 1013 et
953 983 998 1013 sic

295 1029 405 1058 curato
427 1029 605 1058 effundere.
622 1028 766 1066 Benigna
789 1028 997 1066 prudensque

295 1074 412 1104 caritas
426 1074 561 1104 affluere
572 1074 760 1110 consuevit„
770 1082 836 1103 non
850 1074 997 1104 effluere.

295 1121 357 1150 Fili
377 1122 442 1157 mi,
464 1129 501 1150 ‘ne
516 1121 680 1159 pereffluas
693 1141 703 1158 ,
719 1119 765 1150 ait
779 1120 930 1150 Salomon
941 1142 950 1158 ,
967 1122 1000 1151 et

295 1166 464 1204 Apostolus
481 1168 688 1205 τΡνοΡίω-εα,
713 1166 843 1204 inquit,
859 1167 999 1198 debemus

294 1213 452 1241 intendere
464 1212 510 1242 his
526 1221 592 1250 qaoe
610 1213 772 1248 dicantur,
788 1221 824 1242 nc
839 1212 917 1250 forte
930 1221 999 1250 per-

293 1258 470 1295 effluamus.
507 1257 592 1295 Quid
628 1257 740 1287 enim?
774 1258 864 1288 Tune
900 1258 998 1288 Paulo

296 1304 439 1334 sanctior
453 1326 462 1343 ‚
493 1302 671 1342 sapientior
696 1303 889 1334 Salomone?
910 1304 999 1333 Alio-

294 1350 374 1387 quin
388 1358 449 1380 nec
464 1350 546 1380 mihi
563 1349 654 1380 sedet
669 1349 765 1380 ditari
781 1358 823 1379 ex
838 1351 871 1380 te
884 1350 998 1380 exina-

294 1395 374 1425 nito.
392 1396 424 1425 Si
434 1396 520 1426 enim
534 1397 570 1426 tu
583 1396 643 1426 tibi
655 1404 793 1434 nequam
804 1418 813 1434 ,
827 1396 878 1426 cui
895 1397 998 1426 bonus

295 1441 380 1471 eris?
394 1443 441 1472 De
457 1443 605 1479 cumulo,
621 1442 649 1472 si
664 1443 754 1472 vales
766 1464 776 1480 ,
792 1443 910 1480 adjuva
924 1451 995 1484 ine:

292 1487 344 1516 sin
357 1489 482 1525 autem,
500 1488 625 1526 parcito
636 1488 712 1519 tibi.

334 1533 365 1562 5.
396 1533 458 1563 Sed
476 1534 544 1571 jam
564 1534 676 1563 audite
690 1555 698 1570 ‚
720 1542 792 1571 quae
814 1534 848 1564 et
875 1535 994 1572 quanta

292 1578 390 1609 saluti
410 1579 548 1618 propriae
568 1580 750 1610 necessaria
772 1579 854 1617 sint,
870 1589 941 1618 quae
964 1582 995 1610 et

294 1625 418 1662 quanta
439 1625 569 1655 infundi
599 1625 763 1663 oporteat,
783 1625 874 1662 prius
899 1635 994 1664 quam

292 1670 461 1701 effundere
475 1680 717 1708 praesumamus,
730 1679 801 1708 quae
817 1672 996 1701 tamenim-

292 1716 540 1754 praesentiarum
550 1717 695 1747 breviter
705 1717 857 1754 colligere
866 1718 993 1755 potero.

293 1763 377 1792 Hora
396 1762 556 1801 siquidem
575 1762 644 1799 jam
671 1763 811 1792 multum
832 1763 994 1802 ascendit,

294 1809 327 1839 ct
353 1809 511 1839 sermonis
535 1809 630 1847 urget
655 1809 696 1838 ad
724 1808 834 1839 finem.
864 1810 995 1839 Accedit

291 1855 439 1885 medicus
461 1855 501 1884 ad
529 1856 760 1893 vulneratum,
787 1855 922 1892 spiritus
956 1857 994 1886 ad

292 1901 446 1930 animam.
463 1901 567 1937 Quam
589 1900 676 1930 enim
693 1909 758 1930 non
772 1902 916 1939 reperiat
932 1903 995 1939 gla-

293 1946 347 1976 dio
374 1946 495 1975 diaboli
532 1946 758 1984 vulneratam,
792 1946 891 1976 etiam
925 1949 995 1985 post

292 1993 442 2022 sanatum
466 1992 586 2022 vulnus
607 1992 732 2030 antiqui
759 1992 870 2023 delicti
891 1994 995 2023 medi-

293 2039 442 2068 camento
476 2038 701 2077 baptismatis?
728 2040 809 2077 Ergo
835 2039 875 2069 ad
906 2039 994 2069 iliani

292 2084 433 2113 animam
444 2106 453 2122 ,
468 2093 539 2123 quae
555 2084 636 2114 dicit
650 2107 659 2123 2
681 2086 873 2116 Patraerant
889 2088 915 2116 et
930 2095 996 2116 cor-

292 2138 329 2158 ra
331 2131 390 2167 pioe
401 2132 473 2160 sant
488 2131 642 2160 cicatrices
652 2139 725 2160 nteoe
737 2140 755 2160 a
765 2132 842 2168 facie
852 2132 995 2170 insipien-

294 2176 342 2204 τίω
365 2185 458 2214 meoe3
484 2185 559 2206 cum
585 2176 713 2206 accedit
737 2177 893 2215 spiritus,
917 2178 994 2216 quid

294 2221 397 2261 primo
416 2230 494 2259 opus
522 2222 589 2252 est?
612 2223 654 2252 Ut
674 2223 782 2252 tumor
808 2223 862 2253 vel
884 2224 993 2262 ulcus,

292 2266 378 2303 quod
403 2266 485 2296 sorte
510 2268 714 2305 supercrevit
731 2269 766 2298 in
788 2270 942 2307 vulnere,
964 2272 995 2301 et

293 2313 401 2350 potest
416 2313 576 2351 impedire
592 2315 784 2352 sanitatem,
801 2316 875 2345 ante
888 2316 994 2346 omnia

291 2358 492 2396 amputetur.
522 2359 735 2389 Abscindatur
764 2361 875 2399 itaque
910 2362 994 2392 ferro

293 2406 395 2434 acutae
412 2405 670 2442 compunctionis
693 2406 785 2436 ulcus
804 2407 994 2439 inveteratae

293 2449 547 2480 consuetudinis.
571 2449 634 2479 Sed
659 2451 707 2480 est
727 2452 863 2482 acerbus
882 2453 992 2483 dolor:

294 2494 436 2524 leniatur
454 2494 591 2533 proinde
605 2496 772 2533 unguento
793 2496 993 2536 devotionis,

293 2540 379 2579 quod
400 2549 464 2571 non
485 2541 534 2571 est
557 2540 668 2579 aliud,
692 2540 756 2571 nisi
779 2545 933 2580 concepta
954 2544 993 2573 de

294 2595 351 2624 spe
379 2587 591 2625 indulgentiae
607 2586 793 2617 exsultatio.
810 2588 900 2618 Hanc
917 2597 995 2618 con-

295 2633 422 2662 tinendi
442 2633 529 2672 parit
553 2632 709 2670 facultas,
735 2634 768 2663 et
790 2633 927 2663 victoria
953 2634 991 2664 dc

293 2680 438 2721 peccato.
453 2679 523 2709 Jam
535 2679 652 2718 gratias
668 2678 752 2718 agit,
770 2679 801 2709 ct
818 2678 896 2709 dicit
914 2688 921 2707 :
939 2681 994 2710 Di-

766 248 798 274 S.
830 245 1063 274 BERNARDI
1082 246 1274 275 ABBATIS

1033 299 1145 334 rupisti
1158 299 1282 327 vincula
1295 307 1363 329 mea
1371 321 1382 337 ,
1398 298 1453 330 tibi
1472 299 1649 336 sacrificabo
1663 299 1733 331 hos-

1035 343 1112 371 tiam
1131 343 1241 373 laudis.
1257 344 1382 374 Deinde
1399 346 1573 384 apponitur
1591 345 1732 375 medica-

1035 388 1181 417 mentum
1197 390 1398 426 poenitentiae
1409 412 1417 428 ,
1429 391 1585 430 malagma
1595 391 1732 428 jejunio-

1033 441 1105 462 rum
1118 455 1128 472 ,
1143 434 1330 471 vigiliarum
1342 457 1351 472 ,
1363 437 1545 466 orationum
1557 459 1565 474 ‚
1582 438 1614 467 et
1628 437 1655 467 si
1670 445 1732 475 qua

1033 481 1110 510 sunt
1125 480 1188 510 alia
1203 481 1436 519 poenitentium
1453 483 1620 513 exercitia.
1634 484 1672 513 ln
1686 484 1733 514 la-

1034 525 1109 556 bore
1126 526 1282 557 cibandus
1296 528 1345 557 est
1359 527 1431 557 cibo
1446 528 1522 558 boni
1539 529 1664 566 operis,
1690 537 1731 560 ne

1034 570 1172 601 deficiat.
1184 572 1276 609 Quod
1288 581 1367 611 opus
1382 572 1423 603 sit
1431 573 1539 611 cibus.
1550 574 1624 604 inde
1638 575 1734 605 doce-

1032 617 1076 646 ris
1089 626 1096 646 z
1109 619 1194 648 Meas
1207 618 1288 649 cibus
1301 621 1360 656 est,
1377 619 1496 657 inquit,
1511 622 1545 650 ut
1555 620 1670 658 faciam
1680 631 1734 652 vo-

1032 663 1180 693 luntatem
1197 665 1302 695 Patris
1320 666 1389 694 mei.
1403 665 1516 703 Itaque
1538 666 1734 697 comitentur

1031 709 1233 745 poenitentiae
1250 710 1376 740 labores
1397 711 1530 748 pietatis
1551 719 1647 748 opera
1661 720 1735 750 qua}

1031 753 1226 784 confortent.
1241 757 1407 794 Magnam,
1420 757 1483 793 ait,
1497 757 1641 794 fiduciam
1652 766 1733 796 prae-

1030 802 1091 829 stat
1106 801 1188 838 apud
1203 801 1394 831 Altissimum
1414 803 1614 839 eleemosyna.
1637 803 1731 833 Cibus

1030 845 1120 874 sitim
1146 846 1268 876 excitat
1293 855 1300 875 :
1323 847 1482 885 potandus
1508 848 1567 877 est.
1594 848 1736 879 Accedat

1031 890 1102 920 cibo
1122 891 1199 921 boni
1215 892 1323 930 operis
1344 893 1498 923 orationis
1513 894 1608 931 potus
1620 915 1630 932 ,
1646 902 1732 923 com-

1031 943 1154 973 ponens
1176 938 1209 966 in
1230 938 1396 968 stomacho
1417 939 1626 969 conscientiae
1647 939 1732 978 quod

1031 980 1115 1012 bene
1136 984 1263 1020 gestum
1276 985 1325 1014 est
1338 1006 1347 1021 ‚
1363 985 1396 1014 et
1408 985 1635 1016 commendans
1650 988 1731 1016 Deo.

1031 1028 1155 1057 Orando
1170 1029 1293 1058 bibitur
1306 1029 1419 1058 vinum
1430 1030 1595 1060 laetiticans
1607 1040 1660 1061 cor
1676 1032 1732 1062 ho-

1031 1074 1128 1104 minis
1141 1097 1150 1112 ,
1166 1075 1281 1104 vinum
1296 1075 1431 1113 spiritus
1443 1098 1453 1114 ‚
1469 1077 1556 1115 quod
1571 1077 1735 1116 inebriat,

1032 1120 1063 1149 et
1076 1120 1257 1150 carnalium
1270 1121 1474 1159 voluptatum
1494 1122 1639 1153 infundit
1649 1123 1730 1154 obli-

1032 1166 1174 1196 vionem.
1210 1167 1386 1196 Humectat
1417 1167 1575 1197 interiora
1610 1169 1730 1199 arentis

1032 1211 1238 1241 conscientiae
1251 1234 1260 1249 ‚
1290 1220 1378 1242 escas
1414 1212 1574 1243 honorum
1599 1215 1729 1244 actuum

1031 1258 1166 1295 digerit,
1184 1257 1217 1287 et
1229 1257 1359 1288 deducit
1374 1267 1434 1297 per
1448 1258 1595 1297 quaedam
1613 1260 1728 1290 animae

1031 1304 1195 1342 membra,
1218 1303 1316 1334 fidem
1341 1305 1520 1342 roborans,
1541 1313 1631 1343 spem
1653 1314 1729 1336 con-

1031 1349 1172 1388 fortans,
1194 1351 1350 1388 vegetans
1372 1350 1588 1389 ordinansque
1614 1351 1729 1381 carita-

1030 1397 1095 1426 tem
1107 1418 1115 1433 ,
1133 1397 1165 1426 et
1179 1396 1385 1434 impinguans
1399 1404 1515 1425 mores.

1069 1441 1098 1471 6.
1111 1442 1245 1480 Sumpto
1258 1442 1329 1471 cibo
1338 1443 1481 1480 potuque
1491 1463 1499 1479 ,
1509 1441 1589 1480 quid
1599 1442 1666 1480 jam
1678 1450 1728 1472 re-

1028 1488 1112 1525 stat,
1139 1488 1203 1517 nisi
1219 1489 1254 1517 ut
1270 1489 1386 1525 pauset
1402 1484 1557 1525 aegrotus,
1577 1489 1610 1518 et
1624 1488 1725 1526 quieti

1029 1534 1311 1572 contemplationis
1338 1535 1410 1571 post
1438 1533 1572 1563 sudores
1594 1534 1728 1564 actionis

1029 1580 1195 1609 incumbat
1207 1579 1218 1608 ἓ
1229 1579 1398 1609 Dormiens
1408 1578 1441 1608 in
1456 1579 1727 1617 contemplatione

1029 1627 1130 1655 Deum
1143 1626 1280 1656 somniat
1294 1633 1371 1663 3per
1384 1626 1553 1664 speculum
1568 1625 1727 1663 siquidem

1029 1673 1062 1701 et
1084 1672 1117 1700 in
1138 1672 1326 1709 aenigmate,
1346 1679 1410 1700 non
1437 1672 1546 1701 antem
1575 1670 1658 1701 facie
1687 1671 1727 1701 ad

1029 1718 1144 1748 faciem
1156 1717 1287 1747 interim
1299 1717 1456 1746 intuetur.
1469 1717 1589 1746 Tamen
1603 1717 1648 1747 sic
1663 1724 1727 1746 non

1029 1766 1094 1793 tam
1119 1763 1277 1801 spectati,
1298 1770 1394 1800 quam
1416 1761 1610 1800 conjectati,
1630 1762 1728 1800 idque

1029 1809 1162 1847 raptim,
1181 1810 1214 1838 et
1237 1807 1328 1846 quasi
1350 1807 1409 1837 sub
1428 1807 1565 1845 quodam
1581 1815 1728 1837 corusca-

1030 1856 1116 1885 mIne
1140 1854 1324 1884 scintillulae
1346 1853 1562 1891 transeuntis,
1584 1853 1726 1884 tenuiter

1031 1902 1085 1931 vix
1109 1901 1219 1931 attacti
1246 1899 1420 1929 inardescit
1444 1907 1552 1929 amore
1565 1921 1574 1937 ,
1598 1900 1631 1929 et
1659 1900 1723 1929 ait:

1031 1949 1144 1978 Aminea
1159 1956 1227 1976 mea
1241 1947 1419 1976 desideravit
1432 1947 1459 1976 te
1473 1947 1505 1975 ἰη
1519 1947 1624 1982 nocte,
1639 1945 1688 1976 sed
1698 1946 1726 1975 et

1030 1995 1150 2032 spiritus
1168 2001 1252 2022 meas
1272 1993 1303 2021 in
1326 1992 1503 2029 praecordiis*
1530 1992 1616 2022 meis.
1641 1990 1725 2021 Talis

1029 2047 1115 2069 amor
1131 2039 1232 2075 zelat;
1248 2038 1302 2067 liic
1319 2037 1413 2066 decet
1430 2037 1572 2067 amicum
1595 2036 1700 2075 sponsi
1715 2058 1724 2074 ‚

1029 2086 1088 2115 lioc
1104 2093 1237 2114 necesse¹
1255 2084 1303 2113 est
1316 2083 1428 2113 ardeat
1442 2082 1548 2113 fidelis
1569 2091 1678 2113 servus
1693 2083 1726 2111 et

1028 2131 1169 2170 prudens
1179 2152 1187 2166 ‚
1204 2138 1301 2168 quem
1322 2129 1493 2159 constituit
1507 2128 1662 2158 Dominus
1674 2136 1725 2157 su-

1028 2186 1085 2215 per
1100 2176 1256 2205 familiam
1272 2183 1374 2205 suam.
1390 2174 1449 2204 Hic
1464 2174 1586 2213 replet,
1600 2174 1653 2204 hic
1664 2173 1725 2204 ser-

1030 2224 1082 2253 vet
1095 2245 1104 2260 ‚
1120 2221 1174 2252 hic
1190 2220 1464 2259 ebullit‚lii01am
1479 2229 1609 2250 securus
1624 2219 1725 2250 effun-

1028 2269 1074 2298 dit
1083 2291 1091 2306 ,
1106 2267 1273 2298 exundans
1285 2267 1319 2297 et
1331 2274 1505 2305 erumpens
1516 2289 1524 2304 ‚
1541 2274 1578 2296 ac
1592 2266 1720 2296 dicens:

1029 2316 1101 2353 Quis
1122 2314 1316 2351 infirmatur,
1343 2314 1371 2342 ct
1395 2321 1448 2350 eqo
1473 2321 1537 2342 non
1563 2309 1723 2349 infirmor?

1029 2361 1093 2398 quis
1104 2359 1348 2396 scandalizatur,
1362 2359 1390 2387 et
1405 2367 1457 2396 eqo
1466 2367 1528 2388 non
1539 2357 1634 2387 uror?
1645 2357 1722 2386 Prae-

1029 2407 1134 2444 dicet,
1148 2405 1342 2443 fructificet,
1359 2404 1492 2434 innovet
1507 2404 1608 2442 signa,
1621 2403 1653 2433 et
1663 2402 1721 2432 im-

1029 2454 1132 2483 mntet
1143 2451 1325 2481 mirabilia:
1342 2459 1407 2481 non
1421 2451 1469 2481 est
1482 2458 1544 2488 quo
1556 2458 1589 2479 se
1604 2448 1723 2478 immis-

1029 2500 1097 2528 ceat
1112 2498 1256 2535 vanitas,
1278 2497 1335 2527 ubi
1360 2498 1462 2526 totum
1484 2494 1619 2533 occupat
1641 2492 1723 2523 cari-

1029 2546 1085 2574 tas.
1104 2543 1271 2582 Siquidem
1296 2542 1467 2581 plenitudo
1482 2541 1562 2580 legis
1576 2541 1608 2570 et
1621 2538 1721 2569 cordis

1028 2590 1075 2618 cst
1091 2589 1207 2618 caritas
1218 2610 1227 2625 ‚
1243 2589 1270 2618 si
1285 2588 1396 2618 tamen
1411 2587 1518 2625 plena.
1534 2588 1615 2616 Dens
1633 2582 1722 2614 dciii-

1028 2643 1088 2672 quc
1115 2635 1231 2664 carnos
1248 2636 1309 2671 est,
1326 2634 1359 2663 ct
1382 2640 1480 2662 mun.
1501 2639 1560 2661 EST
1576 2631 1608 2660 in
1628 2629 1722 2659 rebus

1029 2679 1110 2717 quod
1131 2679 1230 2718 possit
1252 2680 1378 2718 replere
1404 2678 1581 2708 creaturam
1610 2675 1720 2705 tactam
