<?xml version="1.0" encoding="UTF-8"?>
<!DOCTYPE html PUBLIC "-//W3C//DTD XHTML 1.0 Transitional//EN"
    "http://www.w3.org/TR/xhtml1/DTD/xhtml1-transitional.dtd">
<html xmlns="http://www.w3.org/1999/xhtml" xml:lang="en" lang="en">
 <head>
  <title>
</title>
<meta http-equiv="Content-Type" content="text/html;charset=utf-8" />
  <meta name='ocr-system' content='tesseract 3.04.00' />
  <meta name='ocr-capabilities' content='ocr_page ocr_carea ocr_par ocr_line ocrx_word'/>
</head>
<body>
  <div class='ocr_page' id='page_1' title='image "./operagenuinajuxt03bernuoft/operagenuinajuxt03bernuoft_0358.png"; bbox 0 0 1846 3078; ppageno 0'>
   <div class='ocr_carea' id='block_1_1' title="bbox 303 225 364 255">
    <p class='ocr_par' dir='ltr' id='par_1_1' title="bbox 303 225 364 255">
     <span class='ocr_line' id='line_1_1' title="bbox 303 225 364 255; baseline 0 0"><span class='ocrx_word' id='word_1_1' title='bbox 303 225 364 255; x_wconf 68' lang='lat'><strong>3118</strong></span> 
     </span>
    </p>
   </div>
   <div class='ocr_carea' id='block_1_2' title="bbox 763 226 1285 256">
    <p class='ocr_par' dir='ltr' id='par_1_2' title="bbox 763 226 1285 256">
     <span class='ocr_line' id='line_1_2' title="bbox 763 226 1285 256; baseline 0 0"><span class='ocrx_word' id='word_1_2' title='bbox 763 229 794 256; x_wconf 91' lang='lat' dir='ltr'><strong>S.</strong></span> <span class='ocrx_word' id='word_1_3' title='bbox 813 226 1058 256; x_wconf 78' lang='lat' dir='ltr'><strong>BEnNAnnl</strong></span> <span class='ocrx_word' id='word_1_4' title='bbox 1083 226 1285 256; x_wconf 77' lang='lat' dir='ltr'><strong>ABBA&#39;rts</strong></span> 
     </span>
    </p>
   </div>
   <div class='ocr_carea' id='block_1_3' title="bbox 302 280 1728 322">
    <p class='ocr_par' dir='ltr' id='par_1_3' title="bbox 302 280 1728 322">
     <span class='ocr_line' id='line_1_3' title="bbox 302 280 1728 322; baseline 0.004 -13"><span class='ocrx_word' id='word_1_5' title='bbox 302 288 397 320; x_wconf 79' lang='lat' dir='ltr'><strong>casu3</strong></span> <span class='ocrx_word' id='word_1_6' title='bbox 412 280 446 312; x_wconf 87' lang='lat' dir='ltr'><strong>et</strong></span> <span class='ocrx_word' id='word_1_7' title='bbox 457 281 516 312; x_wconf 82' lang='lat' dir='ltr'><strong>hoc</strong></span> <span class='ocrx_word' id='word_1_8' title='bbox 528 280 679 320; x_wconf 88' lang='lat' dir='ltr'><strong>quoniam</strong></span> <span class='ocrx_word' id='word_1_9' title='bbox 694 282 856 312; x_wconf 84' lang='lat' dir='ltr'><strong>exaltatus</strong></span> <span class='ocrx_word' id='word_1_10' title='bbox 869 280 996 310; x_wconf 85' lang='lat' dir='ltr'><strong>aterra.</strong></span> <span class='ocrx_word' id='word_1_11' title='bbox 1032 280 1107 311; x_wconf 84' lang='lat' dir='ltr'><strong>alto.</strong></span> <span class='ocrx_word' id='word_1_12' title='bbox 1136 280 1257 318; x_wconf 89' lang='lat' dir='ltr'>Quidni</span> <span class='ocrx_word' id='word_1_13' title='bbox 1278 280 1403 313; x_wconf 85' lang='lat' dir='ltr'><strong>viscera</strong></span> <span class='ocrx_word' id='word_1_14' title='bbox 1426 290 1486 322; x_wconf 88' lang='lat' dir='ltr'><strong>per</strong></span> <span class='ocrx_word' id='word_1_15' title='bbox 1510 282 1647 314; x_wconf 81' lang='lat' dir='ltr'><strong>vulnera</strong></span> <span class='ocrx_word' id='word_1_16' title='bbox 1671 290 1728 322; x_wconf 86' lang='lat' dir='ltr'><strong>pa-</strong></span> 
     </span>
    </p>
   </div>
   <div class='ocr_carea' id='block_1_4' title="bbox 279 326 999 2638">
    <p class='ocr_par' dir='ltr' id='par_1_4' title="bbox 291 326 999 1272">
     <span class='ocr_line' id='line_1_4' title="bbox 301 326 999 366; baseline -0.003 -10"><span class='ocrx_word' id='word_1_17' title='bbox 301 327 426 366; x_wconf 74' lang='lat' dir='ltr'><strong>Anceps</strong></span> <span class='ocrx_word' id='word_1_18' title='bbox 450 327 499 358; x_wconf 87' lang='lat' dir='ltr'><strong>est</strong></span> <span class='ocrx_word' id='word_1_19' title='bbox 515 327 602 358; x_wconf 87' lang='lat' dir='ltr'><strong>enim</strong></span> <span class='ocrx_word' id='word_1_20' title='bbox 628 329 661 358; x_wconf 82' lang='lat' dir='ltr'><strong>et</strong></span> <span class='ocrx_word' id='word_1_21' title='bbox 692 327 868 363; x_wconf 86' lang='lat' dir='ltr'><strong>caducum,</strong></span> <span class='ocrx_word' id='word_1_22' title='bbox 893 326 999 355; x_wconf 89' lang='lat' dir='ltr'><strong>terre-</strong></span> 
     </span>
     <span class='ocr_line' id='line_1_5' title="bbox 300 367 999 403; baseline -0.001 -3"><span class='ocrx_word' id='word_1_23' title='bbox 300 379 378 402; x_wconf 84' lang='lat' dir='ltr'><strong>num</strong></span> <span class='ocrx_word' id='word_1_24' title='bbox 394 367 499 403; x_wconf 73' lang='lat' dir='ltr'><strong>Omne.</strong></span> <span class='ocrx_word' id='word_1_25' title='bbox 517 372 721 403; x_wconf 76' lang='lat' dir='ltr'><strong>conversatio</strong></span> <span class='ocrx_word' id='word_1_26' title='bbox 735 370 843 401; x_wconf 88' lang='lat' dir='ltr'><strong>nostra</strong></span> <span class='ocrx_word' id='word_1_27' title='bbox 859 371 894 400; x_wconf 91' lang='lat' dir='ltr'><strong>in</strong></span> <span class='ocrx_word' id='word_1_28' title='bbox 909 370 999 399; x_wconf 86' lang='lat' dir='ltr'><strong>coelis</strong></span> 
     </span>
     <span class='ocr_line' id='line_1_6' title="bbox 300 415 998 454; baseline -0.001 -9"><span class='ocrx_word' id='word_1_29' title='bbox 300 417 361 454; x_wconf 71' lang='lat' dir='ltr'><strong>sit,</strong></span> <span class='ocrx_word' id='word_1_30' title='bbox 377 418 410 448; x_wconf 88' lang='lat' dir='ltr'><strong>et</strong></span> <span class='ocrx_word' id='word_1_31' title='bbox 424 426 484 447; x_wconf 90' lang='lat' dir='ltr'><strong>nec</strong></span> <span class='ocrx_word' id='word_1_32' title='bbox 503 418 618 447; x_wconf 88' lang='lat' dir='ltr'><strong>cadere</strong></span> <span class='ocrx_word' id='word_1_33' title='bbox 629 439 638 454; x_wconf 91' lang='lat'><strong>,</strong></span> <span class='ocrx_word' id='word_1_34' title='bbox 654 425 714 446; x_wconf 86' lang='lat' dir='ltr'><strong>nec</strong></span> <span class='ocrx_word' id='word_1_35' title='bbox 730 415 829 453; x_wconf 83' lang='lat' dir='ltr'><strong>dejici</strong></span> <span class='ocrx_word' id='word_1_36' title='bbox 843 415 998 445; x_wconf 82' lang='lat' dir='ltr'><strong>formida-</strong></span> 
     </span>
     <span class='ocr_line' id='line_1_7' title="bbox 299 459 998 500; baseline 0 -11"><span class='ocrx_word' id='word_1_37' title='bbox 299 469 382 492; x_wconf 84' lang='lat' dir='ltr'><strong>mus.</strong></span> <span class='ocrx_word' id='word_1_38' title='bbox 398 463 433 492; x_wconf 90' lang='lat' dir='ltr'><strong>In</strong></span> <span class='ocrx_word' id='word_1_39' title='bbox 447 462 538 492; x_wconf 86' lang='lat' dir='ltr'><strong>coelis</strong></span> <span class='ocrx_word' id='word_1_40' title='bbox 551 461 661 500; x_wconf 87' lang='lat' dir='ltr'><strong>petra,</strong></span> <span class='ocrx_word' id='word_1_41' title='bbox 673 460 707 489; x_wconf 91' lang='lat' dir='ltr'><strong>in</strong></span> <span class='ocrx_word' id='word_1_42' title='bbox 723 460 779 489; x_wconf 93' lang='lat' dir='ltr'><strong>illa</strong></span> <span class='ocrx_word' id='word_1_43' title='bbox 793 459 931 489; x_wconf 85' lang='lat' dir='ltr'><strong>firmitas</strong></span> <span class='ocrx_word' id='word_1_44' title='bbox 948 461 998 489; x_wconf 92' lang='lat' dir='ltr'><strong>at-</strong></span> 
     </span>
     <span class='ocr_line' id='line_1_8' title="bbox 298 505 998 545; baseline 0.001 -10"><span class='ocrx_word' id='word_1_45' title='bbox 298 516 362 545; x_wconf 85' lang='lat' dir='ltr'><strong>que</strong></span> <span class='ocrx_word' id='word_1_46' title='bbox 377 508 532 538; x_wconf 77' lang='lat' dir='ltr'><strong>securitas</strong></span> <span class='ocrx_word' id='word_1_47' title='bbox 546 508 606 537; x_wconf 89' lang='lat' dir='ltr'><strong>est.</strong></span> <span class='ocrx_word' id='word_1_48' title='bbox 627 508 724 536; x_wconf 78' lang='lat' dir='ltr'><strong>Petra</strong></span> <span class='ocrx_word' id='word_1_49' title='bbox 747 506 902 544; x_wconf 76' lang='lat' dir='ltr'><strong>refuqium</strong></span> <span class='ocrx_word' id='word_1_50' title='bbox 916 505 998 536; x_wconf 86' lang='lat' dir='ltr'><strong>heri-</strong></span> 
     </span>
     <span class='ocr_line' id='line_1_9' title="bbox 297 551 997 590; baseline 0.001 -9"><span class='ocrx_word' id='word_1_51' title='bbox 297 555 411 584; x_wconf 75' lang='lat' dir='ltr'><strong>naceis.</strong></span> <span class='ocrx_word' id='word_1_52' title='bbox 442 554 480 583; x_wconf 89' lang='lat' dir='ltr'><strong>Et</strong></span> <span class='ocrx_word' id='word_1_53' title='bbox 506 560 622 582; x_wconf 79' lang='lat' dir='ltr'><strong>revera</strong></span> <span class='ocrx_word' id='word_1_54' title='bbox 654 551 714 581; x_wconf 87' lang='lat' dir='ltr'><strong>ubi</strong></span> <span class='ocrx_word' id='word_1_55' title='bbox 740 552 810 581; x_wconf 88' lang='lat' dir='ltr'><strong>tuta</strong></span> <span class='ocrx_word' id='word_1_56' title='bbox 842 551 997 590; x_wconf 87' lang='lat' dir='ltr'><strong>firmaque</strong></span> 
     </span>
     <span class='ocr_line' id='line_1_10' title="bbox 297 597 997 635; baseline 0 -8"><span class='ocrx_word' id='word_1_57' title='bbox 297 598 433 629; x_wconf 84' lang='lat' dir='ltr'><strong>infirmis</strong></span> <span class='ocrx_word' id='word_1_58' title='bbox 461 597 617 628; x_wconf 82' lang='lat' dir='ltr'>securitas</span> <span class='ocrx_word' id='word_1_59' title='bbox 643 597 677 626; x_wconf 82' lang='lat' dir='ltr'><strong>et</strong></span> <span class='ocrx_word' id='word_1_60' title='bbox 700 597 848 635; x_wconf 86' lang='lat' dir='ltr'><strong>requies,</strong></span> <span class='ocrx_word' id='word_1_61' title='bbox 874 597 938 627; x_wconf 89' lang='lat' dir='ltr'><strong>nisi</strong></span> <span class='ocrx_word' id='word_1_62' title='bbox 963 598 997 627; x_wconf 94' lang='lat' dir='ltr'><strong>in</strong></span> 
     </span>
     <span class='ocr_line' id='line_1_11' title="bbox 296 642 997 674; baseline 0.003 -2"><span class='ocrx_word' id='word_1_63' title='bbox 296 644 487 674; x_wconf 77' lang='lat' dir='ltr'><strong>vulneribus</strong></span> <span class='ocrx_word' id='word_1_64' title='bbox 500 642 804 672; x_wconf 71' lang='lat' dir='ltr'><strong>Salvatoris2Tanto</strong></span> <span class='ocrx_word' id='word_1_65' title='bbox 820 643 888 673; x_wconf 85' lang='lat' dir='ltr'><strong>illic</strong></span> <span class='ocrx_word' id='word_1_66' title='bbox 905 651 997 674; x_wconf 92' lang='lat' dir='ltr'><strong>secu-</strong></span> 
     </span>
     <span class='ocr_line' id='line_1_12' title="bbox 296 688 996 726; baseline 0.001 -8"><span class='ocrx_word' id='word_1_67' title='bbox 296 689 362 719; x_wconf 81' lang='lat' dir='ltr'><strong>rior</strong></span> <span class='ocrx_word' id='word_1_68' title='bbox 377 689 503 726; x_wconf 87' lang='lat' dir='ltr'><strong>habito,</strong></span> <span class='ocrx_word' id='word_1_69' title='bbox 519 688 638 726; x_wconf 84' lang='lat' dir='ltr'><strong>quanto</strong></span> <span class='ocrx_word' id='word_1_70' title='bbox 654 688 710 718; x_wconf 90' lang='lat' dir='ltr'><strong>ille</strong></span> <span class='ocrx_word' id='word_1_71' title='bbox 721 689 885 726; x_wconf 88' lang='lat' dir='ltr'><strong>potentior</strong></span> <span class='ocrx_word' id='word_1_72' title='bbox 897 690 946 720; x_wconf 85' lang='lat' dir='ltr'><strong>est</strong></span> <span class='ocrx_word' id='word_1_73' title='bbox 956 689 996 719; x_wconf 89' lang='lat' dir='ltr'><strong>ad</strong></span> 
     </span>
     <span class='ocr_line' id='line_1_13' title="bbox 296 733 996 773; baseline 0.004 -11"><span class='ocrx_word' id='word_1_74' title='bbox 296 733 496 763; x_wconf 85' lang='lat' dir='ltr'><strong>salvandum.</strong></span> <span class='ocrx_word' id='word_1_75' title='bbox 535 733 658 763; x_wconf 86' lang='lat' dir='ltr'><strong>Fremit</strong></span> <span class='ocrx_word' id='word_1_76' title='bbox 686 733 844 772; x_wconf 81' lang='lat' dir='ltr'><strong>mundus,</strong></span> <span class='ocrx_word' id='word_1_77' title='bbox 876 735 996 773; x_wconf 84' lang='lat' dir='ltr'><strong>premit</strong></span> 
     </span>
     <span class='ocr_line' id='line_1_14' title="bbox 295 778 992 818; baseline 0.003 -10"><span class='ocrx_word' id='word_1_78' title='bbox 295 787 410 816; x_wconf 87' lang='lat' dir='ltr'><strong>corpus</strong></span> <span class='ocrx_word' id='word_1_79' title='bbox 420 800 430 816; x_wconf 87' lang='lat'><strong>,</strong></span> <span class='ocrx_word' id='word_1_80' title='bbox 450 778 595 809; x_wconf 83' lang='lat' dir='ltr'><strong>diabolus</strong></span> <span class='ocrx_word' id='word_1_81' title='bbox 609 778 784 810; x_wconf 88' lang='lat' dir='ltr'><strong>insidiatur</strong></span> <span class='ocrx_word' id='word_1_82' title='bbox 795 787 806 809; x_wconf 71' lang='grc' dir='ltr'><em>τ</em></span> <span class='ocrx_word' id='word_1_83' title='bbox 818 788 882 810; x_wconf 90' lang='lat' dir='ltr'><strong>non</strong></span> <span class='ocrx_word' id='word_1_84' title='bbox 894 781 973 810; x_wconf 89' lang='lat' dir='ltr'><strong>cado</strong></span> <span class='ocrx_word' id='word_1_85' title='bbox 984 789 992 818; x_wconf 75' lang='grc' dir='ltr'><strong>ς</strong></span> 
     </span>
     <span class='ocr_line' id='line_1_15' title="bbox 295 824 994 864; baseline 0.007 -12"><span class='ocrx_word' id='word_1_86' title='bbox 295 824 445 853; x_wconf 80' lang='lat' dir='ltr'><strong>fundatus</strong></span> <span class='ocrx_word' id='word_1_87' title='bbox 453 825 540 853; x_wconf 90' lang='lat' dir='ltr'><strong>enim</strong></span> <span class='ocrx_word' id='word_1_88' title='bbox 548 832 619 854; x_wconf 90' lang='lat' dir='ltr'><strong>sum</strong></span> <span class='ocrx_word' id='word_1_89' title='bbox 626 832 722 862; x_wconf 88' lang='lat' dir='ltr'><strong>supra</strong></span> <span class='ocrx_word' id='word_1_90' title='bbox 729 825 994 864; x_wconf 86' lang='lat' dir='ltr'><strong>firmampetram.</strong></span> 
     </span>
     <span class='ocr_line' id='line_1_16' title="bbox 294 870 995 908; baseline 0.007 -10"><span class='ocrx_word' id='word_1_91' title='bbox 294 870 427 898; x_wconf 83' lang='lat' dir='ltr'><strong>Peccavi</strong></span> <span class='ocrx_word' id='word_1_92' title='bbox 444 871 615 907; x_wconf 86' lang='lat' dir='ltr'><strong>peccatum</strong></span> <span class='ocrx_word' id='word_1_93' title='bbox 631 871 751 908; x_wconf 78' lang='lat' dir='ltr'>grande</span> <span class='ocrx_word' id='word_1_94' title='bbox 770 880 778 900; x_wconf 89' lang='lat'>:</span> <span class='ocrx_word' id='word_1_95' title='bbox 807 872 995 903; x_wconf 81' lang='lat' dir='ltr'><strong>turbabitur</strong></span> 
     </span>
     <span class='ocr_line' id='line_1_17' title="bbox 294 915 996 956; baseline 0.007 -13"><span class='ocrx_word' id='word_1_96' title='bbox 294 915 504 953; x_wconf 88' lang='lat' dir='ltr'><strong>conscientia,</strong></span> <span class='ocrx_word' id='word_1_97' title='bbox 513 915 569 945; x_wconf 86' lang='lat' dir='ltr'><strong>sed</strong></span> <span class='ocrx_word' id='word_1_98' title='bbox 580 923 645 945; x_wconf 90' lang='lat' dir='ltr'><strong>non</strong></span> <span class='ocrx_word' id='word_1_99' title='bbox 653 916 910 955; x_wconf 79' lang='lat' dir='ltr'><strong>perturbabitur,</strong></span> <span class='ocrx_word' id='word_1_100' title='bbox 919 927 996 956; x_wconf 92' lang='lat' dir='ltr'><strong>quo-</strong></span> 
     </span>
     <span class='ocr_line' id='line_1_18' title="bbox 295 960 993 995; baseline 0.006 -6"><span class='ocrx_word' id='word_1_101' title='bbox 295 960 380 989; x_wconf 83' lang='lat' dir='ltr'><strong>niam</strong></span> <span class='ocrx_word' id='word_1_102' title='bbox 413 961 588 991; x_wconf 85' lang='lat' dir='ltr'><strong>vulnerum</strong></span> <span class='ocrx_word' id='word_1_103' title='bbox 622 961 753 991; x_wconf 88' lang='lat' dir='ltr'><strong>Domini</strong></span> <span class='ocrx_word' id='word_1_104' title='bbox 789 962 993 995; x_wconf 90' lang='lat' dir='ltr'><strong>recordabor.</strong></span> 
     </span>
     <span class='ocr_line' id='line_1_19' title="bbox 292 1006 995 1047; baseline 0.009 -13"><span class='ocrx_word' id='word_1_105' title='bbox 292 1006 414 1044; x_wconf 61' lang='lat' dir='ltr'><strong>Nempe</strong></span> <span class='ocrx_word' id='word_1_106' title='bbox 429 1008 607 1038; x_wconf 79' lang='lat' dir='ltr'><strong>vulneratus</strong></span> <span class='ocrx_word' id='word_1_107' title='bbox 620 1009 664 1038; x_wconf 82' lang='lat' dir='ltr'><strong>est</strong></span> <span class='ocrx_word' id='word_1_108' title='bbox 681 1009 806 1046; x_wconf 79' lang='lat' dir='ltr'><strong>propter</strong></span> <span class='ocrx_word' id='word_1_109' title='bbox 821 1009 995 1047; x_wconf 76' lang='lat' dir='ltr'><strong>iniquitates</strong></span> 
     </span>
     <span class='ocr_line' id='line_1_20' title="bbox 292 1053 993 1092; baseline 0.006 -11"><span class='ocrx_word' id='word_1_110' title='bbox 292 1054 424 1082; x_wconf 68' lang='lat' dir='ltr'><strong>nostras.</strong></span> <span class='ocrx_word' id='word_1_111' title='bbox 434 1053 518 1090; x_wconf 87' lang='lat' dir='ltr'><strong>Quid</strong></span> <span class='ocrx_word' id='word_1_112' title='bbox 532 1054 597 1082; x_wconf 88' lang='lat' dir='ltr'><strong>tam</strong></span> <span class='ocrx_word' id='word_1_113' title='bbox 610 1053 649 1082; x_wconf 89' lang='lat' dir='ltr'><strong>ad</strong></span> <span class='ocrx_word' id='word_1_114' title='bbox 664 1055 802 1083; x_wconf 88' lang='lat' dir='ltr'><strong>mortem</strong></span> <span class='ocrx_word' id='word_1_115' title='bbox 812 1075 821 1091; x_wconf 88' lang='lat'><strong>,</strong></span> <span class='ocrx_word' id='word_1_116' title='bbox 831 1054 918 1092; x_wconf 84' lang='lat' dir='ltr'><strong>quod</strong></span> <span class='ocrx_word' id='word_1_117' title='bbox 929 1063 993 1085; x_wconf 91' lang='lat' dir='ltr'><strong>non</strong></span> 
     </span>
     <span class='ocr_line' id='line_1_21' title="bbox 292 1098 994 1137; baseline 0.006 -11"><span class='ocrx_word' id='word_1_118' title='bbox 292 1098 409 1128; x_wconf 72' lang='lat' dir='ltr'><strong>Christi</strong></span> <span class='ocrx_word' id='word_1_119' title='bbox 422 1100 525 1128; x_wconf 81' lang='lat' dir='ltr'><strong>morte</strong></span> <span class='ocrx_word' id='word_1_120' title='bbox 541 1098 704 1129; x_wconf 78' lang='lat' dir='ltr'><strong>solvatur?</strong></span> <span class='ocrx_word' id='word_1_121' title='bbox 718 1099 751 1128; x_wconf 90' lang='lat' dir='ltr'><strong>Si</strong></span> <span class='ocrx_word' id='word_1_122' title='bbox 767 1108 843 1137; x_wconf 81' lang='lat' dir='ltr'><strong>ergo</strong></span> <span class='ocrx_word' id='word_1_123' title='bbox 858 1099 892 1129; x_wconf 91' lang='lat' dir='ltr'><strong>in</strong></span> <span class='ocrx_word' id='word_1_124' title='bbox 904 1108 994 1130; x_wconf 90' lang='lat' dir='ltr'><strong>men-</strong></span> 
     </span>
     <span class='ocr_line' id='line_1_22' title="bbox 291 1144 991 1183; baseline 0.006 -12"><span class='ocrx_word' id='word_1_125' title='bbox 291 1145 358 1172; x_wconf 77' lang='lat' dir='ltr'><strong>tem</strong></span> <span class='ocrx_word' id='word_1_126' title='bbox 374 1144 501 1172; x_wconf 80' lang='lat' dir='ltr'><strong>venerit</strong></span> <span class='ocrx_word' id='word_1_127' title='bbox 516 1145 582 1173; x_wconf 86' lang='lat' dir='ltr'><strong>tam</strong></span> <span class='ocrx_word' id='word_1_128' title='bbox 596 1145 713 1183; x_wconf 87' lang='lat' dir='ltr'><strong>potens</strong></span> <span class='ocrx_word' id='word_1_129' title='bbox 727 1145 858 1183; x_wconf 86' lang='lat' dir='ltr'><strong>tamque</strong></span> <span class='ocrx_word' id='word_1_130' title='bbox 874 1144 991 1175; x_wconf 84' lang='lat' dir='ltr'><strong>efficax</strong></span> 
     </span>
     <span class='ocr_line' id='line_1_23' title="bbox 291 1188 992 1229; baseline 0.006 -12"><span class='ocrx_word' id='word_1_131' title='bbox 291 1188 586 1227; x_wconf 81' lang='lat' dir='ltr'><strong>medicamentum,</strong></span> <span class='ocrx_word' id='word_1_132' title='bbox 621 1190 711 1219; x_wconf 89' lang='lat' dir='ltr'><strong>nulla</strong></span> <span class='ocrx_word' id='word_1_133' title='bbox 747 1189 816 1227; x_wconf 84' lang='lat' dir='ltr'><strong>jam</strong></span> <span class='ocrx_word' id='word_1_134' title='bbox 862 1198 992 1229; x_wconf 89' lang='lat' dir='ltr'><strong>possum</strong></span> 
     </span>
     <span class='ocr_line' id='line_1_24' title="bbox 291 1234 757 1272; baseline 0.006 -10"><span class='ocrx_word' id='word_1_135' title='bbox 291 1234 394 1263; x_wconf 80' lang='lat' dir='ltr'><strong>morbi</strong></span> <span class='ocrx_word' id='word_1_136' title='bbox 410 1235 612 1272; x_wconf 80' lang='lat' dir='ltr'><strong>malignitate</strong></span> <span class='ocrx_word' id='word_1_137' title='bbox 626 1235 757 1265; x_wconf 87' lang='lat' dir='ltr'><strong>terreri.</strong></span> 
     </span>
    </p>

    <p class='ocr_par' dir='ltr' id='par_1_5' title="bbox 279 1279 994 2638">
     <span class='ocr_line' id='line_1_25' title="bbox 330 1279 991 1320; baseline 0.005 -11"><span class='ocrx_word' id='word_1_138' title='bbox 330 1279 361 1309; x_wconf 74' lang='lat' dir='ltr'><strong>ll.</strong></span> <span class='ocrx_word' id='word_1_139' title='bbox 375 1280 412 1310; x_wconf 87' lang='lat' dir='ltr'><strong>Et</strong></span> <span class='ocrx_word' id='word_1_140' title='bbox 424 1280 496 1309; x_wconf 89' lang='lat' dir='ltr'><strong>ideo</strong></span> <span class='ocrx_word' id='word_1_141' title='bbox 508 1280 611 1319; x_wconf 83' lang='lat' dir='ltr'><strong>liquet</strong></span> <span class='ocrx_word' id='word_1_142' title='bbox 623 1289 746 1311; x_wconf 87' lang='lat' dir='ltr'><strong>errasse</strong></span> <span class='ocrx_word' id='word_1_143' title='bbox 759 1281 851 1311; x_wconf 91' lang='lat' dir='ltr'><strong>illum</strong></span> <span class='ocrx_word' id='word_1_144' title='bbox 860 1281 916 1320; x_wconf 91' lang='lat' dir='ltr'><strong>qui</strong></span> <span class='ocrx_word' id='word_1_145' title='bbox 929 1281 991 1312; x_wconf 89' lang='lat' dir='ltr'><strong>ait:</strong></span> 
     </span>
     <span class='ocr_line' id='line_1_26' title="bbox 291 1326 991 1365; baseline 0.003 -10"><span class='ocrx_word' id='word_1_146' title='bbox 291 1326 393 1363; x_wconf 72' lang='lat' dir='ltr'><strong>Major</strong></span> <span class='ocrx_word' id='word_1_147' title='bbox 405 1328 446 1356; x_wconf 76' lang='lat' dir='ltr'><strong>est</strong></span> <span class='ocrx_word' id='word_1_148' title='bbox 459 1328 605 1365; x_wconf 79' lang='lat' dir='ltr'><strong>im&#39;quitas</strong></span> <span class='ocrx_word' id='word_1_149' title='bbox 616 1336 702 1365; x_wconf 83' lang='lat' dir='ltr'><strong>mea,</strong></span> <span class='ocrx_word' id='word_1_150' title='bbox 715 1336 809 1365; x_wconf 84' lang='lat' dir='ltr'><strong>quam</strong></span> <span class='ocrx_word' id='word_1_151' title='bbox 823 1329 857 1357; x_wconf 80' lang='lat' dir='ltr'><strong>ut</strong></span> <span class='ocrx_word' id='word_1_152' title='bbox 870 1329 991 1358; x_wconf 80' lang='lat' dir='ltr'><strong>veniam</strong></span> 
     </span>
     <span class='ocr_line' id='line_1_27' title="bbox 291 1372 993 1410; baseline 0.003 -10"><span class='ocrx_word' id='word_1_153' title='bbox 291 1381 422 1401; x_wconf 78' lang='lat' dir='ltr'><strong>merear.</strong></span> <span class='ocrx_word' id='word_1_154' title='bbox 438 1372 505 1402; x_wconf 74' lang='lat' dir='ltr'><strong>Nisi</strong></span> <span class='ocrx_word' id='word_1_155' title='bbox 521 1372 607 1410; x_wconf 89' lang='lat' dir='ltr'><strong>quod</strong></span> <span class='ocrx_word' id='word_1_156' title='bbox 619 1380 683 1401; x_wconf 92' lang='lat' dir='ltr'><strong>non</strong></span> <span class='ocrx_word' id='word_1_157' title='bbox 700 1372 769 1402; x_wconf 90' lang='lat' dir='ltr'><strong>erat</strong></span> <span class='ocrx_word' id='word_1_158' title='bbox 784 1372 824 1402; x_wconf 93' lang='lat' dir='ltr'><strong>de</strong></span> <span class='ocrx_word' id='word_1_159' title='bbox 838 1373 993 1403; x_wconf 87' lang='lat' dir='ltr'><strong>membris</strong></span> 
     </span>
     <span class='ocr_line' id='line_1_28' title="bbox 290 1417 994 1455; baseline 0.007 -11"><span class='ocrx_word' id='word_1_160' title='bbox 290 1417 406 1446; x_wconf 69' lang='lat' dir='ltr'><strong>(Iliristi</strong></span> <span class='ocrx_word' id='word_1_161' title='bbox 415 1440 424 1455; x_wconf 90' lang='lat'><strong>,</strong></span> <span class='ocrx_word' id='word_1_162' title='bbox 433 1426 493 1447; x_wconf 87' lang='lat' dir='ltr'><strong>nec</strong></span> <span class='ocrx_word' id='word_1_163' title='bbox 506 1418 692 1455; x_wconf 83' lang='lat' dir='ltr'><strong>pertinebat</strong></span> <span class='ocrx_word' id='word_1_164' title='bbox 703 1418 743 1448; x_wconf 91' lang='lat' dir='ltr'><strong>ad</strong></span> <span class='ocrx_word' id='word_1_165' title='bbox 752 1426 826 1448; x_wconf 92' lang='lat' dir='ltr'><strong>eum</strong></span> <span class='ocrx_word' id='word_1_166' title='bbox 835 1418 875 1448; x_wconf 87' lang='lat' dir='ltr'><strong>de</strong></span> <span class='ocrx_word' id='word_1_167' title='bbox 887 1419 994 1449; x_wconf 88' lang='lat' dir='ltr'><strong>Chris—</strong></span> 
     </span>
     <span class='ocr_line' id='line_1_29' title="bbox 292 1463 991 1502; baseline 0.004 -11"><span class='ocrx_word' id='word_1_168' title='bbox 292 1463 315 1491; x_wconf 87' lang='lat' dir='ltr'><strong>ti</strong></span> <span class='ocrx_word' id='word_1_169' title='bbox 334 1463 449 1492; x_wconf 86' lang='lat' dir='ltr'><strong>merito</strong></span> <span class='ocrx_word' id='word_1_170' title='bbox 460 1485 468 1500; x_wconf 87' lang='lat'><strong>,</strong></span> <span class='ocrx_word' id='word_1_171' title='bbox 481 1465 516 1492; x_wconf 94' lang='lat' dir='ltr'><strong>ut</strong></span> <span class='ocrx_word' id='word_1_172' title='bbox 533 1472 627 1493; x_wconf 88' lang='lat' dir='ltr'><strong>suum</strong></span> <span class='ocrx_word' id='word_1_173' title='bbox 641 1465 872 1502; x_wconf 78' lang='lat' dir='ltr'><strong>praesumeret,</strong></span> <span class='ocrx_word' id='word_1_174' title='bbox 898 1472 991 1494; x_wconf 90' lang='lat' dir='ltr'><strong>suum</strong></span> 
     </span>
     <span class='ocr_line' id='line_1_30' title="bbox 290 1508 991 1547; baseline 0.004 -11"><span class='ocrx_word' id='word_1_175' title='bbox 290 1508 414 1538; x_wconf 75' lang='lat' dir='ltr'><strong>‹ilceret</strong></span> <span class='ocrx_word' id='word_1_176' title='bbox 425 1509 508 1547; x_wconf 92' lang='lat' dir='ltr'><strong>quod</strong></span> <span class='ocrx_word' id='word_1_177' title='bbox 526 1509 613 1538; x_wconf 87' lang='lat' dir='ltr'><strong>illius</strong></span> <span class='ocrx_word' id='word_1_178' title='bbox 629 1510 732 1546; x_wconf 80' lang='lat' dir='ltr'><strong>esset3</strong></span> <span class='ocrx_word' id='word_1_179' title='bbox 749 1510 913 1547; x_wconf 83' lang='lat' dir='ltr'><strong>tamquam</strong></span> <span class='ocrx_word' id='word_1_180' title='bbox 922 1519 991 1540; x_wconf 91' lang='lat' dir='ltr'><strong>rem</strong></span> 
     </span>
     <span class='ocr_line' id='line_1_31' title="bbox 290 1553 992 1591; baseline 0.004 -9"><span class='ocrx_word' id='word_1_181' title='bbox 290 1553 404 1590; x_wconf 73' lang='lat' dir='ltr'><strong>capitis</strong></span> <span class='ocrx_word' id='word_1_182' title='bbox 434 1554 629 1583; x_wconf 86' lang='lat' dir='ltr'><strong>membrum.</strong></span> <span class='ocrx_word' id='word_1_183' title='bbox 655 1555 719 1591; x_wconf 79' lang='lat' dir='ltr'><strong>Ego</strong></span> <span class='ocrx_word' id='word_1_184' title='bbox 743 1563 822 1584; x_wconf 71' lang='lat' dir='ltr'><strong>vero</strong></span> <span class='ocrx_word' id='word_1_185' title='bbox 854 1554 992 1586; x_wconf 89' lang='lat' dir='ltr'><strong>fidenter</strong></span> 
     </span>
     <span class='ocr_line' id='line_1_32' title="bbox 287 1599 989 1638; baseline 0.006 -11"><span class='ocrx_word' id='word_1_186' title='bbox 287 1599 371 1636; x_wconf 87' lang='lat' dir='ltr'><strong>quod</strong></span> <span class='ocrx_word' id='word_1_187' title='bbox 394 1607 436 1628; x_wconf 79' lang='lat' dir='ltr'><strong>cx</strong></span> <span class='ocrx_word' id='word_1_188' title='bbox 457 1607 510 1629; x_wconf 91' lang='lat' dir='ltr'><strong>me</strong></span> <span class='ocrx_word' id='word_1_189' title='bbox 529 1600 610 1629; x_wconf 88' lang='lat' dir='ltr'><strong>mihi</strong></span> <span class='ocrx_word' id='word_1_190' title='bbox 638 1599 747 1638; x_wconf 81' lang='lat' dir='ltr'><strong>deest,</strong></span> <span class='ocrx_word' id='word_1_191' title='bbox 768 1608 888 1638; x_wconf 85' lang='lat' dir='ltr'><strong>usurpo</strong></span> <span class='ocrx_word' id='word_1_192' title='bbox 909 1602 989 1632; x_wconf 86' lang='lat' dir='ltr'><strong>mihi</strong></span> 
     </span>
     <span class='ocr_line' id='line_1_33' title="bbox 289 1646 990 1684; baseline 0.004 -10"><span class='ocrx_word' id='word_1_193' title='bbox 289 1654 330 1675; x_wconf 76' lang='lat' dir='ltr'><strong>ex</strong></span> <span class='ocrx_word' id='word_1_194' title='bbox 354 1646 534 1675; x_wconf 71' lang='lat' dir='ltr'><strong>visceribus</strong></span> <span class='ocrx_word' id='word_1_195' title='bbox 554 1646 700 1683; x_wconf 78' lang='lat' dir='ltr'><strong>Domini,</strong></span> <span class='ocrx_word' id='word_1_196' title='bbox 718 1647 871 1684; x_wconf 87' lang='lat' dir='ltr'><strong>quoniam</strong></span> <span class='ocrx_word' id='word_1_197' title='bbox 892 1646 990 1677; x_wconf 90' lang='lat' dir='ltr'><strong>mise-</strong></span> 
     </span>
     <span class='ocr_line' id='line_1_34' title="bbox 286 1690 988 1731; baseline 0.003 -11"><span class='ocrx_word' id='word_1_198' title='bbox 286 1690 425 1720; x_wconf 79' lang='lat' dir='ltr'><strong>ricordia</strong></span> <span class='ocrx_word' id='word_1_199' title='bbox 438 1690 595 1721; x_wconf 76' lang='lat' dir='ltr'><strong>affluunt:</strong></span> <span class='ocrx_word' id='word_1_200' title='bbox 609 1699 669 1721; x_wconf 89' lang='lat' dir='ltr'><strong>nec</strong></span> <span class='ocrx_word' id='word_1_201' title='bbox 683 1691 800 1722; x_wconf 83' lang='lat' dir='ltr'><strong>desunt</strong></span> <span class='ocrx_word' id='word_1_202' title='bbox 812 1692 969 1722; x_wconf 83' lang='lat' dir='ltr'><strong>foramina</strong></span> <span class='ocrx_word' id='word_1_203' title='bbox 979 1715 988 1731; x_wconf 96' lang='lat'><strong>,</strong></span> 
     </span>
     <span class='ocr_line' id='line_1_35' title="bbox 286 1735 989 1775; baseline 0.006 -11"><span class='ocrx_word' id='word_1_204' title='bbox 286 1745 344 1774; x_wconf 83' lang='lat' dir='ltr'><strong>per</strong></span> <span class='ocrx_word' id='word_1_205' title='bbox 363 1745 435 1774; x_wconf 87' lang='lat' dir='ltr'><strong>quae</strong></span> <span class='ocrx_word' id='word_1_206' title='bbox 451 1735 597 1766; x_wconf 82' lang='lat' dir='ltr'><strong>effluant.</strong></span> <span class='ocrx_word' id='word_1_207' title='bbox 614 1736 778 1767; x_wconf 89' lang='lat' dir='ltr'><strong>Foderunt</strong></span> <span class='ocrx_word' id='word_1_208' title='bbox 794 1745 908 1767; x_wconf 89' lang='lat' dir='ltr'><strong>manus</strong></span> <span class='ocrx_word' id='word_1_209' title='bbox 920 1738 989 1775; x_wconf 87' lang='lat' dir='ltr'><strong>ejus</strong></span> 
     </span>
     <span class='ocr_line' id='line_1_36' title="bbox 287 1782 987 1821; baseline 0.004 -10"><span class='ocrx_word' id='word_1_210' title='bbox 287 1782 319 1811; x_wconf 85' lang='lat' dir='ltr'><strong>et</strong></span> <span class='ocrx_word' id='word_1_211' title='bbox 340 1782 456 1820; x_wconf 88' lang='lat' dir='ltr'><strong>pedes,</strong></span> <span class='ocrx_word' id='word_1_212' title='bbox 472 1782 618 1821; x_wconf 85' lang='lat' dir='ltr'><strong>latusque</strong></span> <span class='ocrx_word' id='word_1_213' title='bbox 639 1783 754 1813; x_wconf 85' lang='lat' dir='ltr'><strong>lancea</strong></span> <span class='ocrx_word' id='word_1_214' title='bbox 779 1782 987 1814; x_wconf 84' lang='lat' dir='ltr'><strong>foraverunt:</strong></span> 
     </span>
     <span class='ocr_line' id='line_1_37' title="bbox 285 1828 987 1867; baseline 0.006 -11"><span class='ocrx_word' id='word_1_215' title='bbox 285 1830 318 1857; x_wconf 74' lang='lat' dir='ltr'><strong>‹et</strong></span> <span class='ocrx_word' id='word_1_216' title='bbox 332 1836 392 1866; x_wconf 88' lang='lat' dir='ltr'><strong>per</strong></span> <span class='ocrx_word' id='word_1_217' title='bbox 406 1828 463 1858; x_wconf 88' lang='lat' dir='ltr'><strong>has</strong></span> <span class='ocrx_word' id='word_1_218' title='bbox 478 1828 575 1858; x_wconf 89' lang='lat' dir='ltr'><strong>rimas</strong></span> <span class='ocrx_word' id='word_1_219' title='bbox 590 1828 668 1859; x_wconf 89' lang='lat' dir='ltr'><strong>licet</strong></span> <span class='ocrx_word' id='word_1_220' title='bbox 681 1829 764 1858; x_wconf 89' lang='lat' dir='ltr'><strong>mihi</strong></span> <span class='ocrx_word' id='word_1_221' title='bbox 783 1837 899 1867; x_wconf 79' lang='lat' dir='ltr'><strong>sugere</strong></span> <span class='ocrx_word' id='word_1_222' title='bbox 921 1831 987 1861; x_wconf 91' lang='lat' dir='ltr'><strong>mel</strong></span> 
     </span>
     <span class='ocr_line' id='line_1_38' title="bbox 286 1875 986 1915; baseline 0.003 -12"><span class='ocrx_word' id='word_1_223' title='bbox 286 1875 325 1903; x_wconf 83' lang='lat' dir='ltr'><strong>‹lc</strong></span> <span class='ocrx_word' id='word_1_224' title='bbox 340 1875 431 1912; x_wconf 85' lang='lat' dir='ltr'><strong>petra</strong></span> <span class='ocrx_word' id='word_1_225' title='bbox 443 1897 451 1912; x_wconf 84' lang='lat'><strong>,</strong></span> <span class='ocrx_word' id='word_1_226' title='bbox 465 1875 637 1913; x_wconf 89' lang='lat' dir='ltr'><strong>oleumque</strong></span> <span class='ocrx_word' id='word_1_227' title='bbox 653 1875 692 1904; x_wconf 91' lang='lat' dir='ltr'><strong>de</strong></span> <span class='ocrx_word' id='word_1_228' title='bbox 707 1883 785 1905; x_wconf 86' lang='lat' dir='ltr'><strong>saxo</strong></span> <span class='ocrx_word' id='word_1_229' title='bbox 798 1875 986 1915; x_wconf 79' lang='lat' dir='ltr'><strong>durissimo,</strong></span> 
     </span>
     <span class='ocr_line' id='line_1_39' title="bbox 286 1919 987 1958; baseline 0.004 -10"><span class='ocrx_word' id='word_1_230' title='bbox 286 1919 317 1947; x_wconf 77' lang='lat' dir='ltr'><strong>id</strong></span> <span class='ocrx_word' id='word_1_231' title='bbox 331 1920 379 1949; x_wconf 86' lang='lat' dir='ltr'><strong>est</strong></span> <span class='ocrx_word' id='word_1_232' title='bbox 393 1921 519 1957; x_wconf 80' lang='lat' dir='ltr'><strong>gustare</strong></span> <span class='ocrx_word' id='word_1_233' title='bbox 530 1920 563 1949; x_wconf 91' lang='lat' dir='ltr'><strong>et</strong></span> <span class='ocrx_word' id='word_1_234' title='bbox 574 1920 687 1950; x_wconf 80' lang='lat' dir='ltr'><strong>videre</strong></span> <span class='ocrx_word' id='word_1_235' title='bbox 697 1942 707 1958; x_wconf 87' lang='lat'><strong>,</strong></span> <span class='ocrx_word' id='word_1_236' title='bbox 719 1920 869 1958; x_wconf 89' lang='lat' dir='ltr'><strong>quoniam</strong></span> <span class='ocrx_word' id='word_1_237' title='bbox 879 1922 987 1952; x_wconf 77' lang='lat' dir='ltr'><strong>suavis</strong></span> 
     </span>
     <span class='ocr_line' id='line_1_40' title="bbox 285 1965 986 2004; baseline 0.004 -10"><span class='ocrx_word' id='word_1_238' title='bbox 285 1966 333 1995; x_wconf 73' lang='lat' dir='ltr'><strong>cst</strong></span> <span class='ocrx_word' id='word_1_239' title='bbox 362 1965 529 1995; x_wconf 84' lang='lat' dir='ltr'><strong>Dominus.</strong></span> <span class='ocrx_word' id='word_1_240' title='bbox 567 1966 736 2004; x_wconf 78' lang='lat' dir='ltr'><strong>cogitabat</strong></span> <span class='ocrx_word' id='word_1_241' title='bbox 773 1967 986 2004; x_wconf 84' lang='lat' dir='ltr'><strong>cogitationes</strong></span> 
     </span>
     <span class='ocr_line' id='line_1_41' title="bbox 283 2010 987 2052; baseline 0.006 -13"><span class='ocrx_word' id='word_1_242' title='bbox 283 2010 388 2048; x_wconf 67' lang='lat' dir='ltr'><strong>pacis,</strong></span> <span class='ocrx_word' id='word_1_243' title='bbox 400 2012 500 2049; x_wconf 81' lang='lat' dir='ltr'><strong>etego</strong></span> <span class='ocrx_word' id='word_1_244' title='bbox 508 2012 706 2042; x_wconf 86' lang='lat' dir='ltr'><strong>nesciebam.</strong></span> <span class='ocrx_word' id='word_1_245' title='bbox 718 2012 795 2049; x_wconf 82' lang='lat' dir='ltr'><strong>QuiS</strong></span> <span class='ocrx_word' id='word_1_246' title='bbox 810 2012 899 2042; x_wconf 87' lang='lat' dir='ltr'><strong>enim</strong></span> <span class='ocrx_word' id='word_1_247' title='bbox 915 2021 987 2052; x_wconf 77' lang='lat' dir='ltr'><strong>cog-</strong></span> 
     </span>
     <span class='ocr_line' id='line_1_42' title="bbox 284 2057 986 2096; baseline 0.006 -11"><span class='ocrx_word' id='word_1_248' title='bbox 284 2057 373 2086; x_wconf 73' lang='lat' dir='ltr'><strong>novit</strong></span> <span class='ocrx_word' id='word_1_249' title='bbox 394 2064 522 2086; x_wconf 89' lang='lat' dir='ltr'><strong>sensum</strong></span> <span class='ocrx_word' id='word_1_250' title='bbox 542 2058 691 2096; x_wconf 79' lang='lat' dir='ltr'><strong>Domini,</strong></span> <span class='ocrx_word' id='word_1_251' title='bbox 707 2059 764 2087; x_wconf 88' lang='lat' dir='ltr'><strong>aut</strong></span> <span class='ocrx_word' id='word_1_252' title='bbox 778 2058 850 2096; x_wconf 87' lang='lat' dir='ltr'><strong>quis</strong></span> <span class='ocrx_word' id='word_1_253' title='bbox 879 2060 986 2089; x_wconf 87' lang='lat' dir='ltr'><strong>consi-</strong></span> 
     </span>
     <span class='ocr_line' id='line_1_43' title="bbox 283 2101 982 2144; baseline 0.007 -15"><span class='ocrx_word' id='word_1_254' title='bbox 283 2101 396 2131; x_wconf 84' lang='lat' dir='ltr'><strong>liarius</strong></span> <span class='ocrx_word' id='word_1_255' title='bbox 421 2102 492 2139; x_wconf 85' lang='lat' dir='ltr'><strong>ejus</strong></span> <span class='ocrx_word' id='word_1_256' title='bbox 517 2102 601 2132; x_wconf 78' lang='lat' dir='ltr'><strong>fuit?</strong></span> <span class='ocrx_word' id='word_1_257' title='bbox 627 2104 668 2133; x_wconf 78' lang='lat' dir='ltr'><strong>At</strong></span> <span class='ocrx_word' id='word_1_258' title='bbox 694 2103 794 2133; x_wconf 78' lang='lat' dir='ltr'><strong>clavis</strong></span> <span class='ocrx_word' id='word_1_259' title='bbox 816 2111 982 2144; x_wconf 83' lang='lat' dir='ltr'><strong>reserans,</strong></span> 
     </span>
     <span class='ocr_line' id='line_1_44' title="bbox 285 2147 982 2188; baseline 0.009 -14"><span class='ocrx_word' id='word_1_260' title='bbox 285 2147 393 2175; x_wconf 68' lang='lat' dir='ltr'><strong>clavus</strong></span> <span class='ocrx_word' id='word_1_261' title='bbox 421 2149 597 2186; x_wconf 87' lang='lat' dir='ltr'><strong>penetrans</strong></span> <span class='ocrx_word' id='word_1_262' title='bbox 625 2147 729 2178; x_wconf 81' lang='lat' dir='ltr'><strong>factus</strong></span> <span class='ocrx_word' id='word_1_263' title='bbox 755 2149 803 2179; x_wconf 86' lang='lat' dir='ltr'><strong>est</strong></span> <span class='ocrx_word' id='word_1_264' title='bbox 830 2149 932 2188; x_wconf 90' lang='lat' dir='ltr'><strong>mihi,</strong></span> <span class='ocrx_word' id='word_1_265' title='bbox 946 2152 982 2182; x_wconf 88' lang='lat' dir='ltr'><strong>ut</strong></span> 
     </span>
     <span class='ocr_line' id='line_1_45' title="bbox 282 2190 981 2232; baseline 0.01 -14"><span class='ocrx_word' id='word_1_266' title='bbox 282 2190 411 2220; x_wconf 59' lang='lat' dir='ltr'><strong>videam</strong></span> <span class='ocrx_word' id='word_1_267' title='bbox 448 2193 648 2223; x_wconf 65' lang='lat' dir='ltr'><strong>voluntatem</strong></span> <span class='ocrx_word' id='word_1_268' title='bbox 675 2193 819 2224; x_wconf 87' lang='lat' dir='ltr'><strong>Domini.</strong></span> <span class='ocrx_word' id='word_1_269' title='bbox 861 2195 981 2232; x_wconf 85' lang='lat' dir='ltr'><strong>Quidni</strong></span> 
     </span>
     <span class='ocr_line' id='line_1_46' title="bbox 281 2236 979 2280; baseline 0.011 -17"><span class='ocrx_word' id='word_1_270' title='bbox 281 2236 411 2265; x_wconf 58' lang='lat' dir='ltr'><strong>videam</strong></span> <span class='ocrx_word' id='word_1_271' title='bbox 434 2246 492 2275; x_wconf 89' lang='lat' dir='ltr'><strong>per</strong></span> <span class='ocrx_word' id='word_1_272' title='bbox 514 2238 681 2269; x_wconf 76' lang='lat' dir='ltr'><strong>foramen?</strong></span> <span class='ocrx_word' id='word_1_273' title='bbox 704 2240 826 2271; x_wconf 88' lang='lat' dir='ltr'><strong>Clamat</strong></span> <span class='ocrx_word' id='word_1_274' title='bbox 850 2241 979 2280; x_wconf 88' lang='lat' dir='ltr'><strong>clavus,</strong></span> 
     </span>
     <span class='ocr_line' id='line_1_47' title="bbox 282 2282 980 2323; baseline 0.011 -14"><span class='ocrx_word' id='word_1_275' title='bbox 282 2282 398 2312; x_wconf 83' lang='lat' dir='ltr'><strong>elamat</strong></span> <span class='ocrx_word' id='word_1_276' title='bbox 418 2283 554 2322; x_wconf 71' lang='lat' dir='ltr'><strong>vulnus,</strong></span> <span class='ocrx_word' id='word_1_277' title='bbox 569 2285 654 2323; x_wconf 86' lang='lat' dir='ltr'><strong>quod</strong></span> <span class='ocrx_word' id='word_1_278' title='bbox 668 2294 747 2316; x_wconf 83' lang='lat' dir='ltr'><strong>vere</strong></span> <span class='ocrx_word' id='word_1_279' title='bbox 770 2286 859 2316; x_wconf 87' lang='lat' dir='ltr'><strong>Deus</strong></span> <span class='ocrx_word' id='word_1_280' title='bbox 883 2287 923 2316; x_wconf 88' lang='lat' dir='ltr'><strong>sit</strong></span> <span class='ocrx_word' id='word_1_281' title='bbox 946 2287 980 2317; x_wconf 89' lang='lat' dir='ltr'><strong>in</strong></span> 
     </span>
     <span class='ocr_line' id='line_1_48' title="bbox 280 2327 980 2362; baseline 0.011 -8"><span class='ocrx_word' id='word_1_282' title='bbox 280 2327 404 2356; x_wconf 81' lang='lat' dir='ltr'><strong>Christo</strong></span> <span class='ocrx_word' id='word_1_283' title='bbox 416 2328 572 2358; x_wconf 87' lang='lat' dir='ltr'><strong>mundum</strong></span> <span class='ocrx_word' id='word_1_284' title='bbox 587 2331 800 2361; x_wconf 86' lang='lat' dir='ltr'><strong>reconcilians</strong></span> <span class='ocrx_word' id='word_1_285' title='bbox 812 2331 885 2362; x_wconf 88' lang='lat' dir='ltr'><strong>sibi.</strong></span> <span class='ocrx_word' id='word_1_286' title='bbox 903 2333 980 2361; x_wconf 77' lang='lat' dir='ltr'><strong>For-</strong></span> 
     </span>
     <span class='ocr_line' id='line_1_49' title="bbox 280 2374 978 2416; baseline 0.011 -16"><span class='ocrx_word' id='word_1_287' title='bbox 280 2380 351 2400; x_wconf 77' lang='lat' dir='ltr'><strong>ruin</strong></span> <span class='ocrx_word' id='word_1_288' title='bbox 365 2374 552 2410; x_wconf 82' lang='lat' dir='ltr'><strong>pertransiit</strong></span> <span class='ocrx_word' id='word_1_289' title='bbox 567 2376 706 2406; x_wconf 89' lang='lat' dir='ltr'><strong>animam</strong></span> <span class='ocrx_word' id='word_1_290' title='bbox 719 2377 788 2414; x_wconf 84' lang='lat' dir='ltr'><strong>ejus</strong></span> <span class='ocrx_word' id='word_1_291' title='bbox 799 2399 808 2415; x_wconf 93' lang='lat'><strong>,</strong></span> <span class='ocrx_word' id='word_1_292' title='bbox 819 2377 852 2407; x_wconf 88' lang='lat' dir='ltr'><strong>et</strong></span> <span class='ocrx_word' id='word_1_293' title='bbox 861 2386 978 2416; x_wconf 86' lang='lat' dir='ltr'><strong>appro-</strong></span> 
     </span>
     <span class='ocr_line' id='line_1_50' title="bbox 279 2417 977 2460; baseline 0.013 -15"><span class='ocrx_word' id='word_1_294' title='bbox 279 2417 451 2455; x_wconf 83' lang='lat' dir='ltr'><strong>pinquavit</strong></span> <span class='ocrx_word' id='word_1_295' title='bbox 474 2427 528 2448; x_wconf 90' lang='lat' dir='ltr'><strong>cor</strong></span> <span class='ocrx_word' id='word_1_296' title='bbox 551 2419 658 2459; x_wconf 87' lang='lat' dir='ltr'><strong>illius,</strong></span> <span class='ocrx_word' id='word_1_297' title='bbox 673 2422 710 2451; x_wconf 86' lang='lat' dir='ltr'><strong>ut</strong></span> <span class='ocrx_word' id='word_1_298' title='bbox 733 2431 798 2452; x_wconf 92' lang='lat' dir='ltr'><strong>non</strong></span> <span class='ocrx_word' id='word_1_299' title='bbox 816 2423 883 2460; x_wconf 75' lang='lat' dir='ltr'><strong>Jam</strong></span> <span class='ocrx_word' id='word_1_300' title='bbox 911 2432 977 2453; x_wconf 89' lang='lat' dir='ltr'><strong>non</strong></span> 
     </span>
     <span class='ocr_line' id='line_1_51' title="bbox 279 2462 978 2502; baseline 0.013 -11"><span class='ocrx_word' id='word_1_301' title='bbox 279 2462 361 2492; x_wconf 79' lang='lat' dir='ltr'><strong>sciat</strong></span> <span class='ocrx_word' id='word_1_302' title='bbox 376 2464 514 2502; x_wconf 84' lang='lat' dir='ltr'><strong>compati</strong></span> <span class='ocrx_word' id='word_1_303' title='bbox 529 2463 770 2498; x_wconf 85' lang='lat' dir='ltr'><strong>infirmitatibus</strong></span> <span class='ocrx_word' id='word_1_304' title='bbox 783 2468 978 2500; x_wconf 62' lang='lat' dir='ltr'><strong>meisfflatet</strong></span> 
     </span>
     <span class='ocr_line' id='line_1_52' title="bbox 279 2510 976 2554; baseline 0.011 -17"><span class='ocrx_word' id='word_1_305' title='bbox 279 2516 433 2538; x_wconf 78' lang='lat' dir='ltr'><strong>arcanum</strong></span> <span class='ocrx_word' id='word_1_306' title='bbox 453 2510 557 2540; x_wconf 86' lang='lat' dir='ltr'><strong>cordis</strong></span> <span class='ocrx_word' id='word_1_307' title='bbox 570 2518 628 2548; x_wconf 88' lang='lat' dir='ltr'><strong>per</strong></span> <span class='ocrx_word' id='word_1_308' title='bbox 643 2511 801 2543; x_wconf 81' lang='lat' dir='ltr'><strong>foramina</strong></span> <span class='ocrx_word' id='word_1_309' title='bbox 817 2516 976 2554; x_wconf 80' lang='lat' dir='ltr'><strong>corporis3</strong></span> 
     </span>
     <span class='ocr_line' id='line_1_53' title="bbox 279 2555 977 2595; baseline 0.011 -13"><span class='ocrx_word' id='word_1_310' title='bbox 279 2555 369 2591; x_wconf 75' lang='lat' dir='ltr'><strong>patet</strong></span> <span class='ocrx_word' id='word_1_311' title='bbox 383 2563 534 2593; x_wconf 86' lang='lat' dir='ltr'><strong>magnum</strong></span> <span class='ocrx_word' id='word_1_312' title='bbox 549 2556 631 2586; x_wconf 90' lang='lat' dir='ltr'><strong>illud</strong></span> <span class='ocrx_word' id='word_1_313' title='bbox 644 2557 776 2595; x_wconf 80' lang='lat' dir='ltr'><strong>pietatis</strong></span> <span class='ocrx_word' id='word_1_314' title='bbox 793 2567 977 2590; x_wconf 85' lang='lat' dir='ltr'><strong>sacramen—</strong></span> 
     </span>
     <span class='ocr_line' id='line_1_54' title="bbox 280 2600 976 2638; baseline 0.011 -11"><span class='ocrx_word' id='word_1_315' title='bbox 280 2601 367 2638; x_wconf 80' lang='lat' dir='ltr'><strong>tnm,</strong></span> <span class='ocrx_word' id='word_1_316' title='bbox 383 2600 495 2638; x_wconf 87' lang='lat' dir='ltr'><strong>patent</strong></span> <span class='ocrx_word' id='word_1_317' title='bbox 519 2602 643 2632; x_wconf 87' lang='lat' dir='ltr'><strong>viscera</strong></span> <span class='ocrx_word' id='word_1_318' title='bbox 663 2603 894 2635; x_wconf 85' lang='lat' dir='ltr'><strong>misericordiae</strong></span> <span class='ocrx_word' id='word_1_319' title='bbox 916 2606 976 2636; x_wconf 64' lang='lat' dir='ltr'><strong>Dei</strong></span> 
     </span>
    </p>
   </div>
   <div class='ocr_carea' id='block_1_5' title="bbox 1012 325 1731 2644">
    <p class='ocr_par' dir='ltr' id='par_1_6' title="bbox 1028 325 1731 628">
     <span class='ocr_line' id='line_1_55' title="bbox 1031 325 1727 368; baseline 0.007 -13"><span class='ocrx_word' id='word_1_320' title='bbox 1031 325 1142 356; x_wconf 77' lang='lat' dir='ltr'><strong>teant?</strong></span> <span class='ocrx_word' id='word_1_321' title='bbox 1155 327 1192 356; x_wconf 87' lang='lat' dir='ltr'><strong>In</strong></span> <span class='ocrx_word' id='word_1_322' title='bbox 1219 335 1282 365; x_wconf 89' lang='lat' dir='ltr'><strong>quo</strong></span> <span class='ocrx_word' id='word_1_323' title='bbox 1297 328 1385 358; x_wconf 87' lang='lat' dir='ltr'><strong>enim</strong></span> <span class='ocrx_word' id='word_1_324' title='bbox 1413 328 1550 367; x_wconf 88' lang='lat' dir='ltr'><strong>clarius,</strong></span> <span class='ocrx_word' id='word_1_325' title='bbox 1571 336 1668 368; x_wconf 90' lang='lat' dir='ltr'><strong>quam</strong></span> <span class='ocrx_word' id='word_1_326' title='bbox 1692 328 1727 359; x_wconf 88' lang='lat' dir='ltr'><strong>in</strong></span> 
     </span>
     <span class='ocr_line' id='line_1_56' title="bbox 1032 371 1729 412; baseline 0.006 -12"><span class='ocrx_word' id='word_1_327' title='bbox 1032 371 1222 401; x_wconf 82' lang='lat' dir='ltr'><strong>vulneribus</strong></span> <span class='ocrx_word' id='word_1_328' title='bbox 1231 372 1298 402; x_wconf 84' lang='lat' dir='ltr'><strong>tuis</strong></span> <span class='ocrx_word' id='word_1_329' title='bbox 1314 372 1486 411; x_wconf 76' lang='lat' dir='ltr'><strong>eluxisset,</strong></span> <span class='ocrx_word' id='word_1_330' title='bbox 1501 374 1586 412; x_wconf 87' lang='lat' dir='ltr'><strong>quod</strong></span> <span class='ocrx_word' id='word_1_331' title='bbox 1599 374 1654 411; x_wconf 91' lang='lat' dir='ltr'><strong>tu,</strong></span> <span class='ocrx_word' id='word_1_332' title='bbox 1665 374 1729 404; x_wconf 91' lang='lat' dir='ltr'><strong>Do-</strong></span> 
     </span>
     <span class='ocr_line' id='line_1_57' title="bbox 1031 415 1727 456; baseline 0.007 -12"><span class='ocrx_word' id='word_1_333' title='bbox 1031 415 1118 445; x_wconf 91' lang='lat' dir='ltr'><strong>mine</strong></span> <span class='ocrx_word' id='word_1_334' title='bbox 1127 438 1136 454; x_wconf 94' lang='lat'><strong>,</strong></span> <span class='ocrx_word' id='word_1_335' title='bbox 1149 416 1257 447; x_wconf 79' lang='lat' dir='ltr'><strong>suavis</strong></span> <span class='ocrx_word' id='word_1_336' title='bbox 1271 417 1304 447; x_wconf 89' lang='lat' dir='ltr'><strong>et</strong></span> <span class='ocrx_word' id='word_1_337' title='bbox 1314 417 1402 448; x_wconf 89' lang='lat' dir='ltr'><strong>mitis</strong></span> <span class='ocrx_word' id='word_1_338' title='bbox 1411 440 1421 456; x_wconf 91' lang='lat'><strong>,</strong></span> <span class='ocrx_word' id='word_1_339' title='bbox 1435 418 1470 448; x_wconf 82' lang='lat' dir='ltr'><strong>et</strong></span> <span class='ocrx_word' id='word_1_340' title='bbox 1483 419 1594 449; x_wconf 87' lang='lat' dir='ltr'><strong>multae</strong></span> <span class='ocrx_word' id='word_1_341' title='bbox 1605 418 1727 449; x_wconf 80' lang='lat' dir='ltr'><strong>miseri·</strong></span> 
     </span>
     <span class='ocr_line' id='line_1_58' title="bbox 1030 461 1729 499; baseline 0.007 -9"><span class='ocrx_word' id='word_1_342' title='bbox 1030 461 1168 492; x_wconf 71' lang='lat' dir='ltr'><strong>cordiae?</strong></span> <span class='ocrx_word' id='word_1_343' title='bbox 1190 462 1345 499; x_wconf 87' lang='lat' dir='ltr'><strong>Majorem</strong></span> <span class='ocrx_word' id='word_1_344' title='bbox 1373 464 1460 493; x_wconf 88' lang='lat' dir='ltr'><strong>enim</strong></span> <span class='ocrx_word' id='word_1_345' title='bbox 1487 464 1729 495; x_wconf 85' lang='lat' dir='ltr'><strong>miserationem</strong></span> 
     </span>
     <span class='ocr_line' id='line_1_59' title="bbox 1028 507 1731 545; baseline 0.007 -10"><span class='ocrx_word' id='word_1_346' title='bbox 1028 513 1124 536; x_wconf 89' lang='lat' dir='ltr'><strong>nemo</strong></span> <span class='ocrx_word' id='word_1_347' title='bbox 1149 507 1269 545; x_wconf 86' lang='lat' dir='ltr'><strong>habet,</strong></span> <span class='ocrx_word' id='word_1_348' title='bbox 1291 516 1387 545; x_wconf 88' lang='lat' dir='ltr'><strong>quam</strong></span> <span class='ocrx_word' id='word_1_349' title='bbox 1412 510 1449 538; x_wconf 90' lang='lat' dir='ltr'><strong>ut</strong></span> <span class='ocrx_word' id='word_1_350' title='bbox 1476 510 1615 539; x_wconf 84' lang='lat' dir='ltr'><strong>animam</strong></span> <span class='ocrx_word' id='word_1_351' title='bbox 1640 517 1731 540; x_wconf 89' lang='lat' dir='ltr'><strong>suam</strong></span> 
     </span>
     <span class='ocr_line' id='line_1_60' title="bbox 1028 552 1731 592; baseline 0.009 -11"><span class='ocrx_word' id='word_1_352' title='bbox 1028 553 1129 589; x_wconf 84' lang='lat' dir='ltr'><strong>ponat</strong></span> <span class='ocrx_word' id='word_1_353' title='bbox 1152 552 1226 591; x_wconf 89' lang='lat' dir='ltr'><strong>quis</strong></span> <span class='ocrx_word' id='word_1_354' title='bbox 1245 560 1303 592; x_wconf 87' lang='lat' dir='ltr'><strong>pro</strong></span> <span class='ocrx_word' id='word_1_355' title='bbox 1317 552 1454 585; x_wconf 83' lang='lat' dir='ltr'><strong>addictis</strong></span> <span class='ocrx_word' id='word_1_356' title='bbox 1469 555 1566 586; x_wconf 87' lang='lat' dir='ltr'><strong>morti</strong></span> <span class='ocrx_word' id='word_1_357' title='bbox 1588 556 1622 586; x_wconf 88' lang='lat' dir='ltr'><strong>et</strong></span> <span class='ocrx_word' id='word_1_358' title='bbox 1640 555 1731 586; x_wconf 86' lang='lat' dir='ltr'><strong>dam·</strong></span> 
     </span>
     <span class='ocr_line' id='line_1_61' title="bbox 1028 597 1124 628; baseline 0.021 -2"><span class='ocrx_word' id='word_1_359' title='bbox 1028 597 1124 628; x_wconf 88' lang='lat' dir='ltr'><strong>natis.</strong></span> 
     </span>
    </p>

    <p class='ocr_par' dir='ltr' id='par_1_7' title="bbox 1016 642 1730 2182">
     <span class='ocr_line' id='line_1_62' title="bbox 1067 642 1729 682; baseline 0.006 -10"><span class='ocrx_word' id='word_1_360' title='bbox 1067 642 1098 672; x_wconf 80' lang='lat'><strong>5.</strong></span> <span class='ocrx_word' id='word_1_361' title='bbox 1111 642 1215 672; x_wconf 72' lang='lat' dir='ltr'><strong>Meum</strong></span> <span class='ocrx_word' id='word_1_362' title='bbox 1225 642 1362 681; x_wconf 90' lang='lat' dir='ltr'><strong>proinde</strong></span> <span class='ocrx_word' id='word_1_363' title='bbox 1378 642 1552 682; x_wconf 88' lang='lat' dir='ltr'><strong>meritum,</strong></span> <span class='ocrx_word' id='word_1_364' title='bbox 1563 643 1729 676; x_wconf 83' lang='lat' dir='ltr'><strong>miseratio</strong></span> 
     </span>
     <span class='ocr_line' id='line_1_63' title="bbox 1026 687 1729 730; baseline 0.004 -13"><span class='ocrx_word' id='word_1_365' title='bbox 1026 687 1170 719; x_wconf 87' lang='lat' dir='ltr'><strong>Domini.</strong></span> <span class='ocrx_word' id='word_1_366' title='bbox 1192 689 1262 719; x_wconf 78' lang='lat' dir='ltr'><strong>Non</strong></span> <span class='ocrx_word' id='word_1_367' title='bbox 1275 689 1373 727; x_wconf 88' lang='lat' dir='ltr'><strong>plane</strong></span> <span class='ocrx_word' id='word_1_368' title='bbox 1397 697 1469 719; x_wconf 90' lang='lat' dir='ltr'><strong>sum</strong></span> <span class='ocrx_word' id='word_1_369' title='bbox 1484 689 1596 719; x_wconf 90' lang='lat' dir='ltr'><strong>meriti</strong></span> <span class='ocrx_word' id='word_1_370' title='bbox 1616 690 1729 730; x_wconf 90' lang='lat' dir='ltr'><strong>inops,</strong></span> 
     </span>
     <span class='ocr_line' id='line_1_64' title="bbox 1027 734 1728 771; baseline 0.006 -8"><span class='ocrx_word' id='word_1_371' title='bbox 1027 734 1183 771; x_wconf 91' lang='lat' dir='ltr'><strong>quamdiu</strong></span> <span class='ocrx_word' id='word_1_372' title='bbox 1197 734 1254 764; x_wconf 90' lang='lat' dir='ltr'><strong>ille</strong></span> <span class='ocrx_word' id='word_1_373' title='bbox 1273 734 1518 765; x_wconf 89' lang='lat' dir='ltr'><strong>miserationum</strong></span> <span class='ocrx_word' id='word_1_374' title='bbox 1538 743 1604 765; x_wconf 90' lang='lat' dir='ltr'><strong>non</strong></span> <span class='ocrx_word' id='word_1_375' title='bbox 1618 735 1728 768; x_wconf 83' lang='lat' dir='ltr'><strong>fuerit.</strong></span> 
     </span>
     <span class='ocr_line' id='line_1_65' title="bbox 1026 779 1728 820; baseline 0.004 -11"><span class='ocrx_word' id='word_1_376' title='bbox 1026 779 1118 816; x_wconf 88' lang='lat' dir='ltr'><strong>Quod</strong></span> <span class='ocrx_word' id='word_1_377' title='bbox 1140 780 1168 810; x_wconf 88' lang='lat' dir='ltr'><strong>si</strong></span> <span class='ocrx_word' id='word_1_378' title='bbox 1187 780 1420 810; x_wconf 81' lang='lat' dir='ltr'><strong>misericordiae</strong></span> <span class='ocrx_word' id='word_1_379' title='bbox 1442 781 1576 811; x_wconf 89' lang='lat' dir='ltr'><strong>Domini</strong></span> <span class='ocrx_word' id='word_1_380' title='bbox 1600 782 1728 820; x_wconf 84' lang='lat' dir='ltr'><strong>multae,</strong></span> 
     </span>
     <span class='ocr_line' id='line_1_66' title="bbox 1026 825 1726 864; baseline 0.004 -9"><span class='ocrx_word' id='word_1_381' title='bbox 1026 825 1148 856; x_wconf 88' lang='lat' dir='ltr'><strong>multus</strong></span> <span class='ocrx_word' id='word_1_382' title='bbox 1159 826 1371 856; x_wconf 85' lang='lat' dir='ltr'><strong>nihilominus</strong></span> <span class='ocrx_word' id='word_1_383' title='bbox 1386 834 1445 864; x_wconf 83' lang='lat' dir='ltr'><strong>ego</strong></span> <span class='ocrx_word' id='word_1_384' title='bbox 1458 826 1492 856; x_wconf 90' lang='lat' dir='ltr'><strong>in</strong></span> <span class='ocrx_word' id='word_1_385' title='bbox 1503 826 1630 857; x_wconf 89' lang='lat' dir='ltr'><strong>meritis</strong></span> <span class='ocrx_word' id='word_1_386' title='bbox 1643 835 1726 858; x_wconf 91' lang='lat' dir='ltr'><strong>sum.</strong></span> 
     </span>
     <span class='ocr_line' id='line_1_67' title="bbox 1026 870 1730 907; baseline 0.006 -8"><span class='ocrx_word' id='word_1_387' title='bbox 1026 870 1110 907; x_wconf 87' lang='lat' dir='ltr'><strong>Quid</strong></span> <span class='ocrx_word' id='word_1_388' title='bbox 1124 871 1212 901; x_wconf 91' lang='lat' dir='ltr'><strong>enim</strong></span> <span class='ocrx_word' id='word_1_389' title='bbox 1233 871 1260 901; x_wconf 88' lang='lat' dir='ltr'><strong>si</strong></span> <span class='ocrx_word' id='word_1_390' title='bbox 1279 872 1455 902; x_wconf 84' lang='lat' dir='ltr'><strong>multorum</strong></span> <span class='ocrx_word' id='word_1_391' title='bbox 1470 871 1533 902; x_wconf 86' lang='lat' dir='ltr'><strong>sim</strong></span> <span class='ocrx_word' id='word_1_392' title='bbox 1553 872 1636 902; x_wconf 91' lang='lat' dir='ltr'><strong>mihi</strong></span> <span class='ocrx_word' id='word_1_393' title='bbox 1651 881 1730 903; x_wconf 92' lang='lat' dir='ltr'><strong>con-</strong></span> 
     </span>
     <span class='ocr_line' id='line_1_68' title="bbox 1026 916 1730 955; baseline 0.006 -10"><span class='ocrx_word' id='word_1_394' title='bbox 1026 916 1112 945; x_wconf 89' lang='lat' dir='ltr'><strong>scius</strong></span> <span class='ocrx_word' id='word_1_395' title='bbox 1126 916 1340 947; x_wconf 75' lang='lat' dir='ltr'><strong>delictorum?</strong></span> <span class='ocrx_word' id='word_1_396' title='bbox 1353 917 1476 955; x_wconf 84' lang='lat' dir='ltr'><strong>Nempe</strong></span> <span class='ocrx_word' id='word_1_397' title='bbox 1490 918 1545 948; x_wconf 82' lang='lat' dir='ltr'><strong>ubi</strong></span> <span class='ocrx_word' id='word_1_398' title='bbox 1563 918 1730 950; x_wconf 75' lang='lat' dir='ltr'><strong>abundavit</strong></span> 
     </span>
     <span class='ocr_line' id='line_1_69' title="bbox 1026 961 1729 1001; baseline 0.006 -11"><span class='ocrx_word' id='word_1_399' title='bbox 1026 961 1184 999; x_wconf 82' lang='lat' dir='ltr'><strong>delictum,</strong></span> <span class='ocrx_word' id='word_1_400' title='bbox 1199 963 1457 1001; x_wconf 66' lang='lat' dir='ltr'><strong>superabundavit</strong></span> <span class='ocrx_word' id='word_1_401' title='bbox 1468 965 1496 992; x_wconf 84' lang='lat' dir='ltr'><strong>et</strong></span> <span class='ocrx_word' id='word_1_402' title='bbox 1511 965 1627 1001; x_wconf 72' lang='lat' dir='ltr'><strong>qratia.</strong></span> <span class='ocrx_word' id='word_1_403' title='bbox 1651 964 1690 994; x_wconf 82' lang='lat' dir='ltr'><strong>Et</strong></span> <span class='ocrx_word' id='word_1_404' title='bbox 1701 965 1729 994; x_wconf 87' lang='lat' dir='ltr'><strong>si</strong></span> 
     </span>
     <span class='ocr_line' id='line_1_70' title="bbox 1026 1007 1729 1047; baseline 0.006 -11"><span class='ocrx_word' id='word_1_405' title='bbox 1026 1007 1238 1038; x_wconf 62' lang='lat' dir='ltr'><strong>misericor-dice</strong></span> <span class='ocrx_word' id='word_1_406' title='bbox 1263 1007 1392 1037; x_wconf 77' lang='lat' dir='ltr'><strong>Domini</strong></span> <span class='ocrx_word' id='word_1_407' title='bbox 1406 1007 1445 1037; x_wconf 90' lang='lat' dir='ltr'><strong>ab</strong></span> <span class='ocrx_word' id='word_1_408' title='bbox 1462 1009 1576 1037; x_wconf 85' lang='lat' dir='ltr'><strong>aeterno</strong></span> <span class='ocrx_word' id='word_1_409' title='bbox 1590 1010 1619 1038; x_wconf 85' lang='lat' dir='ltr'><strong>et</strong></span> <span class='ocrx_word' id='word_1_410' title='bbox 1634 1018 1729 1047; x_wconf 80' lang='lat' dir='ltr'><strong>usque</strong></span> 
     </span>
     <span class='ocr_line' id='line_1_71' title="bbox 1026 1053 1730 1091; baseline 0.003 -9"><span class='ocrx_word' id='word_1_411' title='bbox 1026 1053 1059 1082; x_wconf 83' lang='lat' dir='ltr'><strong>in</strong></span> <span class='ocrx_word' id='word_1_412' title='bbox 1085 1055 1255 1090; x_wconf 67' lang='lat' dir='ltr'><strong>(eternum,</strong></span> <span class='ocrx_word' id='word_1_413' title='bbox 1271 1061 1330 1091; x_wconf 81' lang='lat' dir='ltr'><strong>ego</strong></span> <span class='ocrx_word' id='word_1_414' title='bbox 1354 1061 1482 1091; x_wconf 91' lang='lat' dir='ltr'><strong>quoque</strong></span> <span class='ocrx_word' id='word_1_415' title='bbox 1502 1054 1730 1085; x_wconf 76' lang='lat' dir='ltr'><strong>misericordias</strong></span> 
     </span>
     <span class='ocr_line' id='line_1_72' title="bbox 1025 1098 1729 1137; baseline 0.003 -10"><span class='ocrx_word' id='word_1_416' title='bbox 1025 1099 1155 1128; x_wconf 82' lang='lat' dir='ltr'><strong>Domini</strong></span> <span class='ocrx_word' id='word_1_417' title='bbox 1166 1100 1200 1128; x_wconf 83' lang='lat' dir='ltr'><strong>in</strong></span> <span class='ocrx_word' id='word_1_418' title='bbox 1223 1100 1374 1128; x_wconf 80' lang='lat' dir='ltr'><strong>oeternum</strong></span> <span class='ocrx_word' id='word_1_419' title='bbox 1398 1098 1542 1129; x_wconf 73' lang='lat' dir='ltr'><strong>cantabo.</strong></span> <span class='ocrx_word' id='word_1_420' title='bbox 1568 1098 1729 1137; x_wconf 84' lang='lat' dir='ltr'><strong>Numquid</strong></span> 
     </span>
     <span class='ocr_line' id='line_1_73' title="bbox 1023 1141 1730 1183; baseline 0.007 -12"><span class='ocrx_word' id='word_1_421' title='bbox 1023 1141 1167 1178; x_wconf 86' lang='lat' dir='ltr'><strong>justitias</strong></span> <span class='ocrx_word' id='word_1_422' title='bbox 1178 1143 1285 1174; x_wconf 75' lang='lat' dir='ltr'><strong>meas?</strong></span> <span class='ocrx_word' id='word_1_423' title='bbox 1298 1145 1448 1180; x_wconf 82' lang='lat' dir='ltr'><strong>Domine,</strong></span> <span class='ocrx_word' id='word_1_424' title='bbox 1461 1144 1730 1183; x_wconf 62' lang='lat' dir='ltr'><strong>memorabor-jus-</strong></span> 
     </span>
     <span class='ocr_line' id='line_1_74' title="bbox 1027 1189 1726 1228; baseline 0.004 -11"><span class='ocrx_word' id='word_1_425' title='bbox 1027 1189 1100 1218; x_wconf 81' lang='lat' dir='ltr'><strong>titz&#39;ae</strong></span> <span class='ocrx_word' id='word_1_426' title='bbox 1124 1191 1184 1219; x_wconf 80' lang='lat' dir='ltr'><strong>tuce</strong></span> <span class='ocrx_word' id='word_1_427' title='bbox 1205 1189 1311 1220; x_wconf 82' lang='lat' dir='ltr'><strong>solius.</strong></span> <span class='ocrx_word' id='word_1_428' title='bbox 1325 1189 1396 1228; x_wconf 89' lang='lat' dir='ltr'><strong>Ipsa</strong></span> <span class='ocrx_word' id='word_1_429' title='bbox 1418 1189 1468 1219; x_wconf 87' lang='lat' dir='ltr'><strong>est</strong></span> <span class='ocrx_word' id='word_1_430' title='bbox 1483 1189 1570 1219; x_wconf 91' lang='lat' dir='ltr'><strong>enim</strong></span> <span class='ocrx_word' id='word_1_431' title='bbox 1585 1189 1618 1219; x_wconf 85' lang='lat' dir='ltr'><strong>et</strong></span> <span class='ocrx_word' id='word_1_432' title='bbox 1633 1198 1726 1227; x_wconf 84' lang='lat' dir='ltr'><strong>mea3</strong></span> 
     </span>
     <span class='ocr_line' id='line_1_75' title="bbox 1026 1236 1726 1275; baseline 0.003 -9"><span class='ocrx_word' id='word_1_433' title='bbox 1026 1243 1144 1275; x_wconf 88' lang='lat' dir='ltr'><strong>nempe</strong></span> <span class='ocrx_word' id='word_1_434' title='bbox 1159 1236 1262 1267; x_wconf 81' lang='lat' dir='ltr'><strong>factus</strong></span> <span class='ocrx_word' id='word_1_435' title='bbox 1277 1245 1311 1267; x_wconf 88' lang='lat' dir='ltr'><strong>es</strong></span> <span class='ocrx_word' id='word_1_436' title='bbox 1328 1237 1411 1266; x_wconf 90' lang='lat' dir='ltr'><strong>mihi</strong></span> <span class='ocrx_word' id='word_1_437' title='bbox 1425 1238 1462 1267; x_wconf 87' lang='lat' dir='ltr'><strong>tu</strong></span> <span class='ocrx_word' id='word_1_438' title='bbox 1473 1236 1601 1274; x_wconf 84' lang='lat' dir='ltr'><strong>justitia</strong></span> <span class='ocrx_word' id='word_1_439' title='bbox 1613 1245 1632 1267; x_wconf 83' lang='lat' dir='ltr'><strong>a</strong></span> <span class='ocrx_word' id='word_1_440' title='bbox 1645 1238 1726 1269; x_wconf 91' lang='lat' dir='ltr'><strong>Deo.</strong></span> 
     </span>
     <span class='ocr_line' id='line_1_76' title="bbox 1024 1281 1727 1320; baseline 0.004 -9"><span class='ocrx_word' id='word_1_441' title='bbox 1024 1281 1186 1320; x_wconf 69' lang='lat' dir='ltr'><strong>Numquid</strong></span> <span class='ocrx_word' id='word_1_442' title='bbox 1204 1282 1287 1312; x_wconf 85' lang='lat' dir='ltr'><strong>mihi</strong></span> <span class='ocrx_word' id='word_1_443' title='bbox 1308 1282 1507 1320; x_wconf 84' lang='lat' dir='ltr'><strong>verendum,</strong></span> <span class='ocrx_word' id='word_1_444' title='bbox 1522 1291 1564 1312; x_wconf 89' lang='lat' dir='ltr'><strong>ne</strong></span> <span class='ocrx_word' id='word_1_445' title='bbox 1586 1291 1650 1313; x_wconf 91' lang='lat' dir='ltr'><strong>non</strong></span> <span class='ocrx_word' id='word_1_446' title='bbox 1664 1292 1727 1314; x_wconf 86' lang='lat' dir='ltr'><strong>una</strong></span> 
     </span>
     <span class='ocr_line' id='line_1_77' title="bbox 1025 1326 1728 1366; baseline 0.004 -10"><span class='ocrx_word' id='word_1_447' title='bbox 1025 1326 1180 1358; x_wconf 89' lang='lat' dir='ltr'><strong>ambobus</strong></span> <span class='ocrx_word' id='word_1_448' title='bbox 1194 1327 1352 1358; x_wconf 79' lang='lat' dir='ltr'><strong>sufficiat?</strong></span> <span class='ocrx_word' id='word_1_449' title='bbox 1361 1328 1429 1358; x_wconf 86' lang='lat' dir='ltr'><strong>Non</strong></span> <span class='ocrx_word' id='word_1_450' title='bbox 1444 1328 1492 1358; x_wconf 89' lang='lat' dir='ltr'><strong>est</strong></span> <span class='ocrx_word' id='word_1_451' title='bbox 1506 1327 1641 1366; x_wconf 91' lang='lat' dir='ltr'><strong>pallium</strong></span> <span class='ocrx_word' id='word_1_452' title='bbox 1652 1329 1728 1360; x_wconf 87' lang='lat' dir='ltr'><strong>bre-</strong></span> 
     </span>
     <span class='ocr_line' id='line_1_78' title="bbox 1026 1374 1726 1412; baseline 0.004 -9"><span class='ocrx_word' id='word_1_453' title='bbox 1026 1381 1085 1411; x_wconf 84' lang='lat' dir='ltr'><strong>ve,</strong></span> <span class='ocrx_word' id='word_1_454' title='bbox 1100 1374 1205 1411; x_wconf 90' lang='lat' dir='ltr'><strong>quod,</strong></span> <span class='ocrx_word' id='word_1_455' title='bbox 1224 1374 1403 1404; x_wconf 88' lang='lat' dir='ltr'><strong>secundum</strong></span> <span class='ocrx_word' id='word_1_456' title='bbox 1426 1374 1641 1412; x_wconf 88' lang='lat' dir='ltr'><strong>Prophetam,</strong></span> <span class='ocrx_word' id='word_1_457' title='bbox 1661 1383 1726 1406; x_wconf 88' lang='lat' dir='ltr'><strong>non</strong></span> 
     </span>
     <span class='ocr_line' id='line_1_79' title="bbox 1025 1419 1728 1458; baseline 0.003 -10"><span class='ocrx_word' id='word_1_458' title='bbox 1025 1419 1124 1456; x_wconf 85' lang='lat' dir='ltr'><strong>possit</strong></span> <span class='ocrx_word' id='word_1_459' title='bbox 1138 1419 1265 1458; x_wconf 86' lang='lat' dir='ltr'><strong>operire</strong></span> <span class='ocrx_word' id='word_1_460' title='bbox 1280 1419 1371 1449; x_wconf 85' lang='lat' dir='ltr'><strong>duos.</strong></span> <span class='ocrx_word' id='word_1_461' title='bbox 1389 1420 1513 1449; x_wconf 77' lang='lat' dir='ltr'><strong>chstitia</strong></span> <span class='ocrx_word' id='word_1_462' title='bbox 1526 1420 1580 1450; x_wconf 85' lang='lat' dir='ltr'><strong>tua</strong></span> <span class='ocrx_word' id='word_1_463' title='bbox 1588 1441 1598 1456; x_wconf 85' lang='lat'>‚</span> <span class='ocrx_word' id='word_1_464' title='bbox 1605 1419 1728 1458; x_wconf 82' lang='lat' dir='ltr'><strong>justitia</strong></span> 
     </span>
     <span class='ocr_line' id='line_1_80' title="bbox 1025 1465 1726 1504; baseline 0.003 -10"><span class='ocrx_word' id='word_1_465' title='bbox 1025 1466 1056 1494; x_wconf 83' lang='lat' dir='ltr'><strong>in</strong></span> <span class='ocrx_word' id='word_1_466' title='bbox 1068 1467 1228 1496; x_wconf 80' lang='lat' dir='ltr'><strong>oeternum.</strong></span> <span class='ocrx_word' id='word_1_467' title='bbox 1245 1465 1461 1504; x_wconf 84' lang='lat' dir='ltr'><strong>Quidlongius</strong></span> <span class='ocrx_word' id='word_1_468' title='bbox 1471 1465 1674 1496; x_wconf 77' lang='lat' dir='ltr'><strong>aeternitate?</strong></span> <span class='ocrx_word' id='word_1_469' title='bbox 1685 1467 1726 1497; x_wconf 87' lang='lat' dir='ltr'><strong>Et</strong></span> 
     </span>
     <span class='ocr_line' id='line_1_81' title="bbox 1024 1510 1725 1550; baseline 0.003 -10"><span class='ocrx_word' id='word_1_470' title='bbox 1024 1510 1057 1540; x_wconf 87' lang='lat' dir='ltr'><strong>te</strong></span> <span class='ocrx_word' id='word_1_471' title='bbox 1078 1511 1201 1549; x_wconf 82' lang='lat' dir='ltr'><strong>pariter</strong></span> <span class='ocrx_word' id='word_1_472' title='bbox 1219 1513 1253 1542; x_wconf 90' lang='lat' dir='ltr'><strong>et</strong></span> <span class='ocrx_word' id='word_1_473' title='bbox 1276 1519 1329 1541; x_wconf 90' lang='lat' dir='ltr'><strong>me</strong></span> <span class='ocrx_word' id='word_1_474' title='bbox 1344 1511 1618 1549; x_wconf 82' lang='lat' dir='ltr'><strong>operietlargiter</strong></span> <span class='ocrx_word' id='word_1_475' title='bbox 1638 1511 1725 1550; x_wconf 78' lang='lat' dir='ltr'><strong>larga</strong></span> 
     </span>
     <span class='ocr_line' id='line_1_82' title="bbox 1024 1556 1724 1595; baseline 0.001 -9"><span class='ocrx_word' id='word_1_476' title='bbox 1024 1557 1058 1587; x_wconf 90' lang='lat' dir='ltr'><strong>et</strong></span> <span class='ocrx_word' id='word_1_477' title='bbox 1079 1557 1202 1587; x_wconf 87' lang='lat' dir='ltr'><strong>aeterna</strong></span> <span class='ocrx_word' id='word_1_478' title='bbox 1225 1557 1362 1594; x_wconf 80' lang='lat' dir='ltr'><strong>justitia.</strong></span> <span class='ocrx_word' id='word_1_479' title='bbox 1387 1557 1426 1586; x_wconf 90' lang='lat' dir='ltr'><strong>Et</strong></span> <span class='ocrx_word' id='word_1_480' title='bbox 1450 1556 1487 1586; x_wconf 89' lang='lat' dir='ltr'><strong>in</strong></span> <span class='ocrx_word' id='word_1_481' title='bbox 1510 1559 1563 1586; x_wconf 79' lang='lat' dir='ltr'><strong>m&#39;e</strong></span> <span class='ocrx_word' id='word_1_482' title='bbox 1591 1557 1724 1595; x_wconf 88' lang='lat' dir='ltr'><strong>quidem</strong></span> 
     </span>
     <span class='ocr_line' id='line_1_83' title="bbox 1023 1600 1724 1641; baseline 0.003 -10"><span class='ocrx_word' id='word_1_483' title='bbox 1023 1602 1128 1640; x_wconf 90' lang='lat' dir='ltr'><strong>operit</strong></span> <span class='ocrx_word' id='word_1_484' title='bbox 1141 1600 1393 1633; x_wconf 68' lang='lat' dir='ltr'><strong>multitudinem*</strong></span> <span class='ocrx_word' id='word_1_485' title='bbox 1408 1602 1631 1641; x_wconf 81' lang='lat' dir='ltr'><strong>peccatorum3</strong></span> <span class='ocrx_word' id='word_1_486' title='bbox 1645 1603 1678 1633; x_wconf 89' lang='lat' dir='ltr'><strong>in</strong></span> <span class='ocrx_word' id='word_1_487' title='bbox 1693 1604 1724 1633; x_wconf 81' lang='lat' dir='ltr'><strong>te</strong></span> 
     </span>
     <span class='ocr_line' id='line_1_84' title="bbox 1022 1647 1725 1686; baseline 0.004 -9"><span class='ocrx_word' id='word_1_488' title='bbox 1022 1648 1131 1678; x_wconf 90' lang='lat' dir='ltr'><strong>autem</strong></span> <span class='ocrx_word' id='word_1_489' title='bbox 1142 1670 1151 1686; x_wconf 92' lang='lat'><strong>,</strong></span> <span class='ocrx_word' id='word_1_490' title='bbox 1164 1648 1303 1678; x_wconf 91' lang='lat' dir='ltr'><strong>Domine</strong></span> <span class='ocrx_word' id='word_1_491' title='bbox 1313 1670 1323 1686; x_wconf 87' lang='lat'><strong>,</strong></span> <span class='ocrx_word' id='word_1_492' title='bbox 1335 1647 1415 1686; x_wconf 90' lang='lat' dir='ltr'><strong>quid</strong></span> <span class='ocrx_word' id='word_1_493' title='bbox 1429 1648 1493 1678; x_wconf 89' lang='lat' dir='ltr'><strong>nisi</strong></span> <span class='ocrx_word' id='word_1_494' title='bbox 1506 1649 1640 1686; x_wconf 87' lang='lat' dir='ltr'><strong>pietatis</strong></span> <span class='ocrx_word' id='word_1_495' title='bbox 1651 1650 1725 1680; x_wconf 83' lang='lat' dir='ltr'><strong>the-</strong></span> 
     </span>
     <span class='ocr_line' id='line_1_85' title="bbox 1022 1693 1723 1732; baseline 0.001 -9"><span class='ocrx_word' id='word_1_496' title='bbox 1022 1701 1149 1732; x_wconf 87' lang='lat' dir='ltr'><strong>sauros,</strong></span> <span class='ocrx_word' id='word_1_497' title='bbox 1171 1693 1302 1724; x_wconf 90' lang='lat' dir='ltr'><strong>divitias</strong></span> <span class='ocrx_word' id='word_1_498' title='bbox 1321 1693 1495 1724; x_wconf 79' lang='lat' dir='ltr'><strong>honitatis?</strong></span> <span class='ocrx_word' id='word_1_499' title='bbox 1509 1694 1565 1723; x_wconf 83' lang='lat' dir='ltr'><strong>Hae</strong></span> <span class='ocrx_word' id='word_1_500' title='bbox 1580 1694 1615 1723; x_wconf 93' lang='lat' dir='ltr'><strong>in</strong></span> <span class='ocrx_word' id='word_1_501' title='bbox 1639 1694 1723 1724; x_wconf 83' lang='lat' dir='ltr'><strong>fora-</strong></span> 
     </span>
     <span class='ocr_line' id='line_1_86' title="bbox 1021 1739 1723 1778; baseline 0.004 -10"><span class='ocrx_word' id='word_1_502' title='bbox 1021 1739 1163 1769; x_wconf 89' lang='lat' dir='ltr'><strong>minibus</strong></span> <span class='ocrx_word' id='word_1_503' title='bbox 1186 1740 1288 1778; x_wconf 82' lang='lat' dir='ltr'><strong>petrae</strong></span> <span class='ocrx_word' id='word_1_504' title='bbox 1313 1739 1462 1778; x_wconf 82' lang='lat' dir='ltr'><strong>repositae</strong></span> <span class='ocrx_word' id='word_1_505' title='bbox 1496 1739 1592 1770; x_wconf 90' lang='lat' dir='ltr'><strong>mihi.</strong></span> <span class='ocrx_word' id='word_1_506' title='bbox 1621 1740 1723 1777; x_wconf 85' lang='lat' dir='ltr'><strong>Quam</strong></span> 
     </span>
     <span class='ocr_line' id='line_1_87' title="bbox 1020 1785 1722 1825; baseline 0.003 -11"><span class='ocrx_word' id='word_1_507' title='bbox 1020 1793 1134 1824; x_wconf 80' lang='lat' dir='ltr'><strong>magna</strong></span> <span class='ocrx_word' id='word_1_508' title='bbox 1149 1785 1322 1816; x_wconf 91' lang='lat' dir='ltr'><strong>multitudo</strong></span> <span class='ocrx_word' id='word_1_509' title='bbox 1332 1785 1513 1815; x_wconf 90' lang='lat' dir='ltr'><strong>dulcedinis</strong></span> <span class='ocrx_word' id='word_1_510' title='bbox 1524 1786 1587 1816; x_wconf 86' lang='lat' dir='ltr'><strong>tuae</strong></span> <span class='ocrx_word' id='word_1_511' title='bbox 1598 1786 1633 1816; x_wconf 94' lang='lat' dir='ltr'><strong>in</strong></span> <span class='ocrx_word' id='word_1_512' title='bbox 1644 1786 1722 1825; x_wconf 88' lang='lat' dir='ltr'><strong>illis,</strong></span> 
     </span>
     <span class='ocr_line' id='line_1_88' title="bbox 1020 1830 1719 1870; baseline 0.001 -10"><span class='ocrx_word' id='word_1_513' title='bbox 1020 1833 1141 1869; x_wconf 80' lang='lat' dir='ltr'><strong>opertae</strong></span> <span class='ocrx_word' id='word_1_514' title='bbox 1153 1831 1286 1869; x_wconf 90' lang='lat' dir='ltr'><strong>quidem</strong></span> <span class='ocrx_word' id='word_1_515' title='bbox 1295 1852 1304 1869; x_wconf 79' lang='lat'><strong>,</strong></span> <span class='ocrx_word' id='word_1_516' title='bbox 1315 1830 1372 1861; x_wconf 91' lang='lat' dir='ltr'><strong>sed</strong></span> <span class='ocrx_word' id='word_1_517' title='bbox 1387 1831 1420 1860; x_wconf 93' lang='lat' dir='ltr'><strong>in</strong></span> <span class='ocrx_word' id='word_1_518' title='bbox 1432 1831 1484 1861; x_wconf 89' lang='lat' dir='ltr'><strong>his</strong></span> <span class='ocrx_word' id='word_1_519' title='bbox 1493 1831 1549 1869; x_wconf 91' lang='lat' dir='ltr'><strong>qui</strong></span> <span class='ocrx_word' id='word_1_520' title='bbox 1564 1832 1719 1870; x_wconf 89' lang='lat' dir='ltr'><strong>pereunt!</strong></span> 
     </span>
     <span class='ocr_line' id='line_1_89' title="bbox 1021 1876 1718 1914; baseline 0 -8"><span class='ocrx_word' id='word_1_521' title='bbox 1021 1876 1061 1906; x_wconf 90' lang='lat' dir='ltr'><strong>Ut</strong></span> <span class='ocrx_word' id='word_1_522' title='bbox 1075 1876 1154 1914; x_wconf 82' lang='lat' dir='ltr'><strong>quid</strong></span> <span class='ocrx_word' id='word_1_523' title='bbox 1172 1876 1262 1906; x_wconf 81' lang='lat' dir='ltr'><strong>enim</strong></span> <span class='ocrx_word' id='word_1_524' title='bbox 1284 1876 1433 1906; x_wconf 85' lang='lat' dir='ltr'><strong>sanctum</strong></span> <span class='ocrx_word' id='word_1_525' title='bbox 1448 1876 1544 1906; x_wconf 88' lang='lat' dir='ltr'><strong>detur</strong></span> <span class='ocrx_word' id='word_1_526' title='bbox 1568 1877 1718 1914; x_wconf 71' lang='lat' dir='ltr'><strong>canibus,</strong></span> 
     </span>
     <span class='ocr_line' id='line_1_90' title="bbox 1020 1921 1720 1960; baseline 0.001 -9"><span class='ocrx_word' id='word_1_527' title='bbox 1020 1923 1073 1952; x_wconf 93' lang='lat' dir='ltr'><strong>vel</strong></span> <span class='ocrx_word' id='word_1_528' title='bbox 1094 1922 1275 1960; x_wconf 79' lang='lat' dir='ltr'><strong>margaritae</strong></span> <span class='ocrx_word' id='word_1_529' title='bbox 1295 1921 1421 1960; x_wconf 76' lang='lat' dir='ltr'><strong>porcis?</strong></span> <span class='ocrx_word' id='word_1_530' title='bbox 1433 1921 1530 1952; x_wconf 71' lang='lat' dir='ltr'><strong>Nobis</strong></span> <span class='ocrx_word' id='word_1_531' title='bbox 1545 1922 1654 1952; x_wconf 89' lang='lat' dir='ltr'><strong>autem</strong></span> <span class='ocrx_word' id='word_1_532' title='bbox 1668 1930 1720 1952; x_wconf 84' lang='lat' dir='ltr'><strong>re-</strong></span> 
     </span>
     <span class='ocr_line' id='line_1_91' title="bbox 1019 1966 1719 2006; baseline -0.001 -8"><span class='ocrx_word' id='word_1_533' title='bbox 1019 1968 1141 1998; x_wconf 84' lang='lat' dir='ltr'><strong>velavit</strong></span> <span class='ocrx_word' id='word_1_534' title='bbox 1155 1968 1242 1998; x_wconf 91' lang='lat' dir='ltr'><strong>Deus</strong></span> <span class='ocrx_word' id='word_1_535' title='bbox 1252 1975 1312 2006; x_wconf 87' lang='lat' dir='ltr'><strong>per</strong></span> <span class='ocrx_word' id='word_1_536' title='bbox 1325 1966 1481 2005; x_wconf 86' lang='lat' dir='ltr'><strong>Spiritum</strong></span> <span class='ocrx_word' id='word_1_537' title='bbox 1495 1975 1589 1997; x_wconf 90' lang='lat' dir='ltr'><strong>suum</strong></span> <span class='ocrx_word' id='word_1_538' title='bbox 1599 1989 1609 2006; x_wconf 76' lang='lat'><strong>,</strong></span> <span class='ocrx_word' id='word_1_539' title='bbox 1622 1968 1719 1997; x_wconf 86' lang='lat' dir='ltr'><strong>etiam</strong></span> 
     </span>
     <span class='ocr_line' id='line_1_92' title="bbox 1018 2012 1718 2052; baseline -0.001 -9"><span class='ocrx_word' id='word_1_540' title='bbox 1018 2014 1050 2043; x_wconf 91' lang='lat' dir='ltr'><strong>et</strong></span> <span class='ocrx_word' id='word_1_541' title='bbox 1075 2013 1196 2052; x_wconf 88' lang='lat' dir='ltr'><strong>apertis</strong></span> <span class='ocrx_word' id='word_1_542' title='bbox 1233 2013 1444 2043; x_wconf 84' lang='lat' dir='ltr'><strong>foraminibus</strong></span> <span class='ocrx_word' id='word_1_543' title='bbox 1472 2012 1657 2042; x_wconf 84' lang='lat' dir='ltr'><strong>introduxit</strong></span> <span class='ocrx_word' id='word_1_544' title='bbox 1684 2014 1718 2042; x_wconf 87' lang='lat' dir='ltr'><strong>in</strong></span> 
     </span>
     <span class='ocr_line' id='line_1_93' title="bbox 1017 2056 1717 2096; baseline -0.001 -7"><span class='ocrx_word' id='word_1_545' title='bbox 1017 2059 1138 2089; x_wconf 79' lang='lat' dir='ltr'><strong>sancta.</strong></span> <span class='ocrx_word' id='word_1_546' title='bbox 1156 2059 1280 2096; x_wconf 87' lang='lat' dir='ltr'><strong>Quanta</strong></span> <span class='ocrx_word' id='word_1_547' title='bbox 1295 2057 1331 2087; x_wconf 90' lang='lat' dir='ltr'><strong>in</strong></span> <span class='ocrx_word' id='word_1_548' title='bbox 1352 2057 1402 2087; x_wconf 85' lang='lat' dir='ltr'><strong>his</strong></span> <span class='ocrx_word' id='word_1_549' title='bbox 1417 2056 1592 2087; x_wconf 90' lang='lat' dir='ltr'><strong>multitudo</strong></span> <span class='ocrx_word' id='word_1_550' title='bbox 1609 2057 1717 2088; x_wconf 86' lang='lat' dir='ltr'><strong>dulce·</strong></span> 
     </span>
     <span class='ocr_line' id='line_1_94' title="bbox 1016 2101 1717 2142; baseline -0.001 -9"><span class='ocrx_word' id='word_1_551' title='bbox 1016 2105 1119 2142; x_wconf 85' lang='lat' dir='ltr'><strong>dinis,</strong></span> <span class='ocrx_word' id='word_1_552' title='bbox 1144 2103 1315 2142; x_wconf 88' lang='lat' dir='ltr'><strong>plenitudo</strong></span> <span class='ocrx_word' id='word_1_553' title='bbox 1339 2102 1472 2142; x_wconf 81' lang='lat' dir='ltr'><strong>gratiae,</strong></span> <span class='ocrx_word' id='word_1_554' title='bbox 1494 2101 1717 2142; x_wconf 80' lang='lat' dir='ltr'><strong>perfectioque</strong></span> 
     </span>
     <span class='ocr_line' id='line_1_95' title="bbox 1018 2150 1193 2182; baseline -0.006 0"><span class='ocrx_word' id='word_1_555' title='bbox 1018 2150 1193 2182; x_wconf 83' lang='lat' dir='ltr'><strong>virtutum!</strong></span> 
     </span>
    </p>

    <p class='ocr_par' dir='ltr' id='par_1_8' title="bbox 1012 2194 1716 2644">
     <span class='ocr_line' id='line_1_96' title="bbox 1055 2194 1716 2227; baseline -0.002 -1"><span class='ocrx_word' id='word_1_556' title='bbox 1055 2196 1086 2227; x_wconf 90' lang='lat'><strong>6.</strong></span> <span class='ocrx_word' id='word_1_557' title='bbox 1106 2197 1162 2226; x_wconf 91' lang='lat' dir='ltr'><strong>lbo</strong></span> <span class='ocrx_word' id='word_1_558' title='bbox 1184 2196 1266 2226; x_wconf 87' lang='lat' dir='ltr'><strong>mihi</strong></span> <span class='ocrx_word' id='word_1_559' title='bbox 1291 2195 1332 2226; x_wconf 90' lang='lat' dir='ltr'><strong>ad</strong></span> <span class='ocrx_word' id='word_1_560' title='bbox 1349 2195 1404 2224; x_wconf 88' lang='lat' dir='ltr'><strong>illa</strong></span> <span class='ocrx_word' id='word_1_561' title='bbox 1420 2195 1465 2224; x_wconf 88' lang='lat' dir='ltr'><strong>sic</strong></span> <span class='ocrx_word' id='word_1_562' title='bbox 1483 2194 1604 2224; x_wconf 82' lang='lat' dir='ltr'><strong>referta</strong></span> <span class='ocrx_word' id='word_1_563' title='bbox 1619 2194 1716 2225; x_wconf 90' lang='lat' dir='ltr'><strong>cella-</strong></span> 
     </span>
     <span class='ocr_line' id='line_1_97' title="bbox 1015 2239 1715 2280; baseline -0.001 -9"><span class='ocrx_word' id='word_1_564' title='bbox 1015 2242 1080 2280; x_wconf 84' lang='lat' dir='ltr'><strong>ria,</strong></span> <span class='ocrx_word' id='word_1_565' title='bbox 1095 2242 1192 2280; x_wconf 88' lang='lat' dir='ltr'><strong>atque</strong></span> <span class='ocrx_word' id='word_1_566' title='bbox 1214 2241 1255 2271; x_wconf 91' lang='lat' dir='ltr'><strong>ad</strong></span> <span class='ocrx_word' id='word_1_567' title='bbox 1276 2240 1530 2270; x_wconf 85' lang='lat' dir='ltr'><strong>admonitionem</strong></span> <span class='ocrx_word' id='word_1_568' title='bbox 1545 2239 1715 2277; x_wconf 80' lang='lat' dir='ltr'><strong>Prophetae</strong></span> 
     </span>
     <span class='ocr_line' id='line_1_98' title="bbox 1014 2284 1715 2326; baseline -0.003 -9"><span class='ocrx_word' id='word_1_569' title='bbox 1014 2289 1192 2326; x_wconf 82' lang='lat' dir='ltr'><strong>relinquam</strong></span> <span class='ocrx_word' id='word_1_570' title='bbox 1232 2286 1400 2324; x_wconf 83' lang='lat' dir='ltr'><strong>civitates,</strong></span> <span class='ocrx_word' id='word_1_571' title='bbox 1428 2285 1462 2315; x_wconf 88' lang='lat' dir='ltr'><strong>et</strong></span> <span class='ocrx_word' id='word_1_572' title='bbox 1493 2284 1649 2315; x_wconf 86' lang='lat' dir='ltr'><strong>habitabo</strong></span> <span class='ocrx_word' id='word_1_573' title='bbox 1680 2284 1715 2315; x_wconf 90' lang='lat' dir='ltr'><strong>in</strong></span> 
     </span>
     <span class='ocr_line' id='line_1_99' title="bbox 1014 2329 1715 2371; baseline -0.006 -8"><span class='ocrx_word' id='word_1_574' title='bbox 1014 2334 1117 2371; x_wconf 87' lang='lat' dir='ltr'><strong>petra.</strong></span> <span class='ocrx_word' id='word_1_575' title='bbox 1133 2334 1193 2363; x_wconf 90' lang='lat' dir='ltr'><strong>Ero</strong></span> <span class='ocrx_word' id='word_1_576' title='bbox 1215 2331 1307 2371; x_wconf 86' lang='lat' dir='ltr'><strong>quasi</strong></span> <span class='ocrx_word' id='word_1_577' title='bbox 1323 2330 1473 2361; x_wconf 88' lang='lat' dir='ltr'><strong>columba</strong></span> <span class='ocrx_word' id='word_1_578' title='bbox 1496 2329 1667 2360; x_wconf 85' lang='lat' dir='ltr'><strong>nidificans</strong></span> <span class='ocrx_word' id='word_1_579' title='bbox 1681 2329 1715 2360; x_wconf 89' lang='lat' dir='ltr'><strong>in</strong></span> 
     </span>
     <span class='ocr_line' id='line_1_100' title="bbox 1013 2375 1714 2415; baseline -0.004 -6"><span class='ocrx_word' id='word_1_580' title='bbox 1013 2387 1137 2409; x_wconf 88' lang='lat' dir='ltr'><strong>summo</strong></span> <span class='ocrx_word' id='word_1_581' title='bbox 1165 2386 1220 2408; x_wconf 91' lang='lat' dir='ltr'><strong>ore</strong></span> <span class='ocrx_word' id='word_1_582' title='bbox 1245 2376 1429 2415; x_wconf 86' lang='lat' dir='ltr'><strong>foraminis,</strong></span> <span class='ocrx_word' id='word_1_583' title='bbox 1452 2375 1490 2406; x_wconf 90' lang='lat' dir='ltr'><strong>ut</strong></span> <span class='ocrx_word' id='word_1_584' title='bbox 1509 2383 1585 2405; x_wconf 89' lang='lat' dir='ltr'><strong>cum</strong></span> <span class='ocrx_word' id='word_1_585' title='bbox 1608 2375 1714 2413; x_wconf 84' lang='lat' dir='ltr'><strong>Moyse</strong></span> 
     </span>
     <span class='ocr_line' id='line_1_101' title="bbox 1013 2422 1710 2462; baseline -0.003 -8"><span class='ocrx_word' id='word_1_586' title='bbox 1013 2425 1135 2462; x_wconf 83' lang='lat' dir='ltr'><strong>positus</strong></span> <span class='ocrx_word' id='word_1_587' title='bbox 1148 2424 1184 2454; x_wconf 90' lang='lat' dir='ltr'><strong>in</strong></span> <span class='ocrx_word' id='word_1_588' title='bbox 1201 2422 1359 2454; x_wconf 73' lang='lat' dir='ltr'><strong>foramine</strong></span> <span class='ocrx_word' id='word_1_589' title='bbox 1379 2423 1497 2461; x_wconf 83' lang='lat' dir='ltr'><strong>petrae,</strong></span> <span class='ocrx_word' id='word_1_590' title='bbox 1519 2422 1710 2452; x_wconf 89' lang='lat' dir='ltr'><strong>transeunte</strong></span> 
     </span>
     <span class='ocr_line' id='line_1_102' title="bbox 1012 2466 1712 2506; baseline -0.006 -6"><span class='ocrx_word' id='word_1_591' title='bbox 1012 2470 1148 2500; x_wconf 88' lang='lat' dir='ltr'><strong>Domino</strong></span> <span class='ocrx_word' id='word_1_592' title='bbox 1173 2477 1300 2499; x_wconf 87' lang='lat' dir='ltr'><strong>merear</strong></span> <span class='ocrx_word' id='word_1_593' title='bbox 1317 2468 1432 2498; x_wconf 89' lang='lat' dir='ltr'><strong>saltem</strong></span> <span class='ocrx_word' id='word_1_594' title='bbox 1452 2466 1630 2506; x_wconf 86' lang='lat' dir='ltr'><strong>posteriora</strong></span> <span class='ocrx_word' id='word_1_595' title='bbox 1642 2466 1712 2504; x_wconf 86' lang='lat' dir='ltr'><strong>ejus</strong></span> 
     </span>
     <span class='ocr_line' id='line_1_103' title="bbox 1012 2511 1712 2553; baseline -0.004 -9"><span class='ocrx_word' id='word_1_596' title='bbox 1012 2514 1207 2553; x_wconf 87' lang='lat' dir='ltr'><strong>prospicere.</strong></span> <span class='ocrx_word' id='word_1_597' title='bbox 1228 2515 1306 2543; x_wconf 78' lang='lat' dir='ltr'><strong>Nam</strong></span> <span class='ocrx_word' id='word_1_598' title='bbox 1331 2512 1449 2543; x_wconf 84' lang='lat' dir='ltr'><strong>faeiem</strong></span> <span class='ocrx_word' id='word_1_599' title='bbox 1467 2511 1601 2549; x_wconf 84' lang='lat' dir='ltr'><strong>stantis,</strong></span> <span class='ocrx_word' id='word_1_600' title='bbox 1615 2511 1649 2541; x_wconf 90' lang='lat' dir='ltr'><strong>id</strong></span> <span class='ocrx_word' id='word_1_601' title='bbox 1664 2513 1712 2541; x_wconf 80' lang='lat' dir='ltr'><strong>est</strong></span> 
     </span>
     <span class='ocr_line' id='line_1_104' title="bbox 1012 2556 1709 2597; baseline -0.006 -7"><span class='ocrx_word' id='word_1_602' title='bbox 1012 2560 1285 2591; x_wconf 86' lang='lat' dir='ltr'><strong>incommutabilis</strong></span> <span class='ocrx_word' id='word_1_603' title='bbox 1297 2559 1476 2589; x_wconf 86' lang='lat' dir='ltr'><strong>claritatem</strong></span> <span class='ocrx_word' id='word_1_604' title='bbox 1484 2580 1495 2597; x_wconf 89' lang='lat'>‚</span> <span class='ocrx_word' id='word_1_605' title='bbox 1506 2558 1578 2597; x_wconf 86' lang='lat' dir='ltr'><strong>quis</strong></span> <span class='ocrx_word' id='word_1_606' title='bbox 1587 2556 1709 2594; x_wconf 78' lang='lat' dir='ltr'><strong>videat,</strong></span> 
     </span>
     <span class='ocr_line' id='line_1_105' title="bbox 1013 2602 1709 2644; baseline -0.007 -8"><span class='ocrx_word' id='word_1_607' title='bbox 1013 2607 1072 2636; x_wconf 86' lang='lat' dir='ltr'><strong>nisi</strong></span> <span class='ocrx_word' id='word_1_608' title='bbox 1088 2606 1143 2644; x_wconf 89' lang='lat' dir='ltr'><strong>qui</strong></span> <span class='ocrx_word' id='word_1_609' title='bbox 1170 2606 1332 2636; x_wconf 82' lang='lat' dir='ltr'><strong>introduci</strong></span> <span class='ocrx_word' id='word_1_610' title='bbox 1350 2605 1416 2642; x_wconf 77' lang='lat' dir='ltr'><strong>jain</strong></span> <span class='ocrx_word' id='word_1_611' title='bbox 1433 2603 1570 2640; x_wconf 87' lang='lat' dir='ltr'><strong>meruit,</strong></span> <span class='ocrx_word' id='word_1_612' title='bbox 1585 2610 1649 2632; x_wconf 89' lang='lat' dir='ltr'><strong>non</strong></span> <span class='ocrx_word' id='word_1_613' title='bbox 1674 2602 1709 2632; x_wconf 89' lang='lat' dir='ltr'><strong>in</strong></span> 
     </span>
    </p>
   </div>
   <div class='ocr_carea' id='block_1_6' title="bbox 279 2646 1709 2691">
    <p class='ocr_par' dir='ltr' id='par_1_9' title="bbox 279 2646 1709 2691">
     <span class='ocr_line' id='line_1_106' title="bbox 279 2646 1709 2691; baseline 0.004 -17"><span class='ocrx_word' id='word_1_614' title='bbox 279 2646 395 2686; x_wconf 61' lang='lat' dir='ltr'><strong>insu-i,</strong></span> <span class='ocrx_word' id='word_1_615' title='bbox 415 2646 446 2676; x_wconf 88' lang='lat' dir='ltr'><strong>in</strong></span> <span class='ocrx_word' id='word_1_616' title='bbox 462 2646 578 2686; x_wconf 80' lang='lat' dir='ltr'><strong>quibus</strong></span> <span class='ocrx_word' id='word_1_617' title='bbox 593 2648 735 2679; x_wconf 53' lang='lat' dir='ltr'><strong>visitavit</strong></span> <span class='ocrx_word' id='word_1_618' title='bbox 747 2656 803 2679; x_wconf 78' lang='lat' dir='ltr'><strong>nos</strong></span> <span class='ocrx_word' id='word_1_619' title='bbox 816 2650 921 2681; x_wconf 79' lang='lat' dir='ltr'><strong>oriens</strong></span> <span class='ocrx_word' id='word_1_620' title='bbox 935 2660 972 2681; x_wconf 73' lang='lat' dir='ltr'><strong>cx</strong></span> <span class='ocrx_word' id='word_1_621' title='bbox 993 2684 997 2691; x_wconf 22' lang='lat'>¹</span> <span class='ocrx_word' id='word_1_622' title='bbox 1013 2654 1137 2690; x_wconf 54' lang='lat' dir='ltr'><strong>salicta,</strong></span> <span class='ocrx_word' id='word_1_623' title='bbox 1154 2652 1210 2685; x_wconf 74' lang='lat' dir='ltr'><strong>sed</strong></span> <span class='ocrx_word' id='word_1_624' title='bbox 1240 2652 1272 2682; x_wconf 90' lang='lat' dir='ltr'><strong>in</strong></span> <span class='ocrx_word' id='word_1_625' title='bbox 1295 2653 1402 2682; x_wconf 83' lang='lat' dir='ltr'><strong>sancta</strong></span> <span class='ocrx_word' id='word_1_626' title='bbox 1429 2648 1629 2683; x_wconf 78' lang='lat' dir='ltr'><strong>sanctorum?</strong></span> <span class='ocrx_word' id='word_1_627' title='bbox 1644 2649 1709 2680; x_wconf 66' lang='lat' dir='ltr'><strong>Nec</strong></span> 
     </span>
    </p>
   </div>
  </div>
 </body>
</html>
