1810 3073
530 211 576 240 IN
600 209 801 240 CANTICA
822 209 970 238 SERMO
995 209 1033 238 X.

304 272 472 306 SERMO
495 273 545 304 X.

88 352 134 378 De
154 352 244 377 tribus
265 353 418 383 unguentis
435 351 643 382 spiritualibus,
666 350 767 375 scilicet

150 388 330 414 contritionis
339 404 346 418 ,
362 388 536 418 Devotionis,
547 390 573 411 et
586 387 702 411 Pietatis.

116 451 146 481 Ι.
159 452 232 482 NON
246 460 316 481 sum
331 461 388 489 ego
400 452 554 491 profundi
570 459 681 481 sensus
694 471 703 487 ,
716 457 775 479 ne-

72 505 138 536 que
161 497 242 526 adeo
264 498 460 535 perspicacis
484 496 630 535 ingenii,
645 495 682 525 ut
698 493 774 524 novi

76 543 242 581 quippiam
267 552 306 572 ex
331 552 382 573 me
409 542 601 572 adinvenire
626 540 772 579 possim:

78 588 131 618 sed
153 590 202 618 est
228 589 297 618 fons
321 597 455 626 magnus
477 589 510 618 et
530 586 719 616 indeficiens
741 593 773 614 os

78 634 187 670 Pauli,
205 635 288 672 quod
303 635 393 672 patet
408 634 446 663 ad
460 641 535 662 1105.
550 634 597 662 De
613 632 681 669 ipso
693 630 773 659 hau-

76 679 123 708 rio
136 680 216 708 1011ιί
233 680 331 709 etiam
347 687 431 708 nunc
447 679 479 707 in
495 676 677 707 ostensione
693 675 772 704 ube-

76 732 147 753 rum
161 733 282 762 sponsae
293 746 302 762 ,
319 725 402 753 sicut
417 724 450 752 et
464 722 653 759 frequenter
672 721 770 750 50100.

75 769 231 805 Gaudere,
248 769 370 806 inquit,
386 777 454 798 cnm
467 767 665 806 qaudentibus
677 787 687 802 ‚
699 767 771 803 flere

75 822 142 844 cum
163 815 317 851 flentibus.
334 814 469 843 Materni
494 813 639 842 breviter
660 811 771 850 expri-

73 861 206 890 muntur
227 860 375 897 affectus,
397 861 472 898 quia
497 867 558 888 nec
573 859 681 888 dolere
696 866 772 896 par-

71 904 162 942 vuli,
185 913 246 934 nec
270 906 378 935 valere
403 904 531 943 queunt
556 904 677 942 absque
714 904 771 933 illa

72 958 144 988 quae
172 951 286 989 genuit
315 959 324 980 t
353 951 529 988 utrobique
560 958 694 980 necesse
723 951 772 980 est

73 995 139 1025 suis
154 1004 224 1026 eam
249 995 441 1026 conformari
455 996 647 1026 visceribus.
670 995 772 1033 Igitur

68 1040 166 1078 juxta
179 1042 270 1071 Pauli
286 1042 494 1079 sententiam,
508 1042 586 1071 duas
599 1042 773 1071 1113531100-

67 1086 178 1117 ‘tiones
202 1087 326 1117 duobus
354 1096 476 1126 sponsae
496 1088 652 1117 uberibus
673 1088 772 1126 assig-

71 1133 176 1171 nabo,
199 1134 458 1172 Compassionem
477 1134 535 1162 uni
548 1155 557 1171 ,
581 1133 614 1163 01
634 1134 773 1171 congra-

72 1178 263 1208 tulationem
278 1179 385 1209 alteri.
403 1179 552 1217 Alioquin
565 1180 699 1216 parvula
712 1180 771 1217 est,

67 1224 106 1254 ’01
129 1225 271 1254 nondum
292 1225 433 1261 nubilis,
458 1224 485 1254 si
505 1224 651 1253 nondum
671 1225 772 1254 ubera

73 1269 179 1306 misit,
193 1269 220 1298 si
236 1278 269 1299 se
288 1270 443 1300 videlicet
454 1277 560 1307 neque
576 1269 616 1298 ad
633 1277 772 1307 congau-

67 1313 214 1344 dendum
225 1315 344 1345 sentiat
357 1315 538 1353 promptam
552 1337 560 1352 ,
577 1323 682 1353 neque
698 1324 773 1353 pro-

73 1368 145 1390 nam
166 1361 207 1391 ad
218 1361 464 1392 condolendum.
483 1361 568 1391 Talis
583 1361 705 1391 5110110
731 1362 772 1391 ad

68 1406 220 1444 regimen
245 1407 447 1444 animarum,
475 1415 534 1436 seu
564 1407 603 1436 ad
629 1407 772 1437 0111010111

74 1454 311 1491 praedicationis
328 1455 501 1485 assumitur
514 1477 523 1492 ,
546 1455 618 1485 aliis
638 1455 771 1493 quidem

74 1507 138 1529 non
150 1501 299 1539 prodest,
313 1501 374 1530 sibi
386 1509 464 1530 vero
477 1500 569 1531 obest
580 1501 770 1539 plurimum.

74 1547 168 1576 Porro
181 1555 251 1577 sese
266 1547 414 1585 ingerere
424 1569 433 1585 ,
454 1547 582 1586 quantae
597 1546 772 1585 impuden-

75 1591 128 1622 tiae
149 1593 219 1623 est?

112 1638 143 1668 2.
159 1639 222 1669 Sed
236 1639 405 1669 redeamus
419 1639 459 1669 ad
470 1640 571 1669 ubera
587 1647 723 1677 sponsae,
736 1647 771 1669 ac

73 1691 134 1721 pro
158 1685 347 1716 dlversitate
374 1686 535 1722 uberum,
567 1685 712 1715 diversas
740 1686 772 1714 et

75 1730 169 1760 lactis
197 1731 322 1769 species
343 1739 570 1768 proponamus.
590 1730 670 1759 Nam
692 1731 773 1759 Con-

73 1776 244 1813 gratulatio
260 1776 389 1814 quidem
415 1775 666 1813 exhortationis,
682 1776 773 1805 Com-

76 1821 180 1858 passio
208 1829 286 1850 vero
322 1820 551 1850 consolationis
578 1821 628 1850 lac
655 1820 771 1850 fundit.

74 1867 168 1895 Porro
183 1867 352 1905 utramque
368 1867 509 1904 speciem
526 1866 667 1896 ubertim
684 1867 774 1896 01011-

73 1913 125 1942 105
146 1913 276 1942 irrorari
301 1913 353 1950 pio
371 1912 495 1950 pectori
517 1921 574 1942 suo
597 1912 773 1950 spiritualis

74 1959 177 1988 mater
204 1959 300 1988 toties
328 1958 446 1996 sentit,
473 1958 599 1997 quoties
625 1959 772 1988 osculum

74 2005 183 2034 sumit.
197 2004 314 2034 Videas
327 2012 399 2034 eam
411 2012 486 2034 :nox
499 2003 604 2041 plenis
620 2004 773 2034 uberibus

75 2050 218 2088 parvulis
233 2050 387 2079 incubare
409 2050 589 2087 lactandis3
605 2051 638 2079 et
653 2058 695 2079 ex
710 2058 773 2079 uno

75 2096 205 2134 quidem
238 2096 466 2133 consolatoria,
497 2103 539 2125 ex
569 2096 669 2125 altero
696 2104 773 2126 vero

75 2141 293 2171 exhortatoria
316 2142 448 2171 uberius
464 2142 665 2179 ministrare,
679 2143 773 2179 prout

74 2186 209 2225 singulis
221 2187 393 2216 convenire
404 2187 542 2216 videbit.
555 2187 653 2217 Verbi
666 2195 772 2226 causa,

73 2231 101 2261 si
129 2240 225 2270 quem
247 2232 328 2262 forte
356 2241 397 2262 ex
427 2233 478 2262 his
501 2241 580 2270 quos
605 2233 719 2271 genuIt
739 2233 773 2262 in

75 2277 265 2315 Evangelio,
287 2279 540 2316 deprehenderit
564 2279 639 2309 forti
666 2279 773 2317 aliqua

73 2322 251 2352 tentatione
272 2331 459 2353 concussum
474 2345 483 2360 ,
507 2325 540 2354 et
565 2324 641 2354 inde
663 2325 774 2354 turba—

75 2367 144 2395 tum
164 2375 199 2396 ac
215 2368 357 2405 tristem,
373 2369 682 2407 pusillanimemque
706 2369 774 2399 fac-

74 2414 163 2450 tum,
188 2421 251 2441 non
272 2422 364 2450 posse
387 2414 454 2450 Jam
477 2414 561 2444 ferre
582 2415 650 2445 vim
670 2416 775 2445 tenta-

75 2458 191 2494 tionis}
227 2459 383 2496 quomodo
413 2460 578 2498 condolet,
614 2462 774 2499 quomodo

74 2504 196 2533 mulcet
219 2503 231 2533 ἓ
258 2505 416 2541 quomodo
442 2506 587 2543 plangit,
615 2507 773 2544 quomodo

76 2550 278 2580 consolatur?
305 2552 383 2588 quot
417 2553 605 2589 argumenta
638 2553 770 2590 pietatis

76 2603 151 2624 mox
166 2596 287 2633 reperit
300 2617 309 2632 ,
325 2596 443 2634 quibus
453 2597 556 2635 erigat
571 2597 769 2628 desolatum?

78 2641 99 2670 E
120 2643 229 2671 contra
251 2641 278 2672 si
304 2643 507 2681 promptum,
524 2643 548 2672 51
571 2644 728 2683 alacrem,
746 2645 770 2675 si

1447 211 1505 241 173

811 264 894 293 bene
910 262 1131 302 proficientem
1140 263 1341 302 cognoverit3
1355 266 1506 303 exsultat,

811 310 995 348 aggreditur
1015 309 1210 338 salutaribus
1224 309 1356 338 monitis
1369 331 1378 347 ,
1394 318 1506 340 accen-

810 355 857 385 dit
876 355 1033 392 amplius‚
1051 354 1182 384 instruit
1201 353 1241 384 de
1265 354 1382 391 quibus
1401 356 1506 392 potest

809 400 844 429 ut
861 400 1067 438 perseveret,
1080 400 1181 437 utque
1193 399 1227 428 in
1248 399 1365 428 melius
1379 408 1506 437 semper

808 448 953 486 proficiat
974 448 1174 478 exhortatur.
1197 447 1352 477 Omnibus
1377 455 1410 476 se
1433 455 1509 476 con-

809 494 945 531 format,
964 494 1109 523 omnium
1131 493 1166 522 in
1182 502 1216 523 se
1240 492 1394 522 transfert
1413 492 1508 522 affec-

808 541 876 577 tus,
905 540 1042 569 matrem
1072 548 1105 569 se
1129 539 1269 577 denique
1298 538 1413 576 probat
1443 544 1508 566 non

807 586 913 615 minus
941 585 1182 623 deficientium,
1212 592 1309 623 quam
1337 582 1510 622 proficien-

806 631 899 660 tium.

845 676 875 705 5.
894 675 1011 712 Quanti
1029 675 1127 705 hodie
1146 683 1239 705 secus
1254 675 1385 704 affectos
1407 682 1440 703 so
1457 681 1510 703 os—

805 720 963 750 tendunt?
975 721 1013 749 de
1025 721 1075 749 his
1090 721 1174 757 dico,
1187 720 1243 757 qni
1260 720 1382 749 animas
1394 727 1509 757 regere

805 767 1028 804 susceperunt.
1043 767 1133 803 Quod
1148 766 1235 795 enim
1249 765 1317 795 sine
1330 764 1509 795 miserabili

805 812 927 849 gemitu
943 812 1117 841 dicendum
1135 820 1199 841 non
1218 812 1268 841 est
1284 833 1293 848 ,
1308 810 1426 840 Christi
1449 818 1509 848 op-

804 857 934 894 probria
947 879 957 895 ,
983 857 1078 895 sputa
1091 879 1100 895 ,
1123 857 1271 895 flagella,
1288 857 1397 886 clavos
1409 878 1418 893 ,
1438 856 1509 885 lan-

805 910 895 931 ceam
907 924 915 938 ,
933 911 1062 932 crucem
1078 902 1111 932 et
1131 903 1288 940 mortem,
1314 902 1383 932 haec
1399 901 1508 931 omnia

805 947 839 976 in
856 947 984 978 fornace
1009 948 1155 978 avaritiae
1174 947 1333 986 conflant,
1350 948 1383 977 et
1396 946 1508 985 profli-

805 994 880 1030 gant
899 994 932 1023 in
948 994 1195 1035 acquisitionem
1216 994 1320 1032 turpis
1341 993 1484 1031 quaestus
1496 1014 1506 1030 ‚

806 1041 837 1069 et
852 1040 994 1077 pretium
1013 1040 1237 1070 universitatis
1252 1040 1318 1070 suis
1333 1038 1508 1076 marsupiis

806 1085 974 1115 includere
1000 1085 1177 1123 festinant3
1203 1086 1263 1115 hoc
1289 1086 1355 1115 solo
1385 1092 1462 1114 sane
1488 1091 1508 1113 a

805 1131 886 1160 Juda
915 1131 1076 1161 Iscariotis
1102 1132 1315 1168 differentes,
1345 1130 1431 1168 quod
1450 1129 1508 1159 ille

807 1176 920 1206 horum
942 1185 1036 1208 omne
1053 1177 1308 1207 emolumentum
1330 1183 1508 1215 paucorum

806 1222 1013 1252 denariorum
1030 1231 1166 1252 numero
1185 1222 1428 1260 compensavit3
1452 1220 1508 1251 isti

806 1268 963 1298 voraciori
991 1269 1135 1306 ingluvie
1169 1269 1333 1298 lucrorum
1362 1267 1506 1297 infinitas

806 1313 941 1351 exigunt
963 1315 1129 1353 pecunias.
1146 1315 1204 1344 His
1228 1313 1403 1344 insatiabili
1421 1312 1507 1342 desi-

806 1359 895 1388 ‹lerio
927 1359 1073 1398 inhiant,
1100 1369 1158 1398 pro
1192 1360 1243 1389 bis
1268 1367 1309 1389 ne
1337 1358 1505 1395 amittant,

807 1405 944 1444 timent3
963 1407 996 1436 et
1012 1415 1086 1436 cum
1109 1406 1281 1443 amittunt,
1299 1405 1429 1435 dolent:
1448 1404 1507 1434 ha—

805 1459 876 1480 rum
886 1451 919 1481 in
932 1460 1039 1482 amore
1048 1452 1218 1491 quiescunt
1228 1474 1237 1490 ,
1246 1452 1402 1490 quantum
1415 1451 1507 1481 dum-

805 1499 894 1528 taxat
916 1499 1058 1529 liberum
1082 1499 1129 1529 eis
1147 1500 1197 1528 est
1219 1507 1237 1528 a
1259 1497 1428 1536 servandi,
1451 1498 1507 1528 vel

805 1546 1032 1582 augmentandi
1044 1553 1132 1575 cura.
1144 1545 1331 1574 Animarum
1342 1553 1401 1574 nec
1416 1551 1508 1573 casus

805 1591 974 1628 reputatur
984 1613 992 1628 ,
1009 1599 1069 1621 1100
1081 1591 1178 1621 salus.
1192 1591 1258 1620 Non
1274 1591 1348 1620 sunt
1362 1589 1506 1627 profecto

806 1635 945 1673 matres,
966 1636 1113 1675 quicum
1135 1636 1198 1666 sint
1215 1636 1253 1665 de
1278 1636 1428 1665 crucifixi
1452 1643 1507 1672 pa-

807 1681 956 1710 trimonio
989 1682 1129 1711 nimium
1164 1681 1353 1718 incrassati,
1386 1680 1506 1719 impin-

806 1726 909 1764 guati,
932 1727 1081 1764 dilatati,
1100 1735 1164 1756 non
1187 1727 1431 1765 compatiuntur
1452 1735 1506 1756 su-

806 1780 864 1809 per
879 1772 1071 1802 contritione
1086 1772 1218 1810 Joseph.
1234 1772 1311 1809 Quae
1325 1773 1428 1801 mater
1443 1772 1504 1810 est,

807 1826 870 1848 non
895 1818 1075 1848 dissimulat
1095 1827 1102 1846 :
1124 1818 1224 1847 habet
1248 1817 1348 1846 ubera
1362 1839 1370 1855 ,
1388 1818 1421 1847 et
1442 1825 1506 1847 non

807 1872 917 1893 vacua.
931 1863 1076 1892 Gaudere
1090 1872 1162 1892 00111
1178 1862 1413 1901 gaudentibus,
1426 1862 1505 1892 flere

807 1918 878 1939 cum
898 1909 1053 1939 1100111105
1070 1910 1162 1939 novit
1175 1931 1183 1946 ,
1200 1918 1260 1939 1100
1275 1909 1378 1938 cessat
1393 1909 1507 1947 expri-

807 1964 894 1985 mere
907 1955 946 1985 de
962 1955 1062 1985 ubere
1075 1956 1207 1993 quidem
1221 1955 1505 1993 congratulationis

807 2002 855 2031 lae
871 2002 1124 2039 exliortationis3
1152 2002 1191 2031 de
1207 2002 1307 2032 ubere
1320 2009 1396 2031 vero
1419 2010 1506 2031 com-

808 2048 961 2085 passionis
976 2049 1025 2077 lac
1047 2048 1285 2078 consolationis.
1302 2049 1339 2078 Et
1355 2048 1394 2078 de
1412 2056 1506 2086 spon-

806 2103 846 2123 500
870 2094 1026 2124 uberibus
1046 2094 1100 2124 vel
1119 2094 1256 2124 uberum
1277 2094 1361 2124 lacte
1376 2094 1421 2124 ita
1437 2093 1506 2124 suf-

806 2140 925 2170 ficiant.

855 2185 887 2215 ίι.
916 2186 986 2215 Jam
1014 2186 1166 2224 qualibus
1196 2185 1295 2216 etiam
1329 2185 1506 2223 unguentis

806 2232 920 2262 eadem
943 2232 1044 2261 ubera
1069 2232 1253 2269 redoleant,
1280 2231 1450 2269 indicabo,
1476 2232 1505 2262 si

808 2280 917 2307 tamen
952 2277 1070 2307 vestris
1097 2277 1296 2307 orationibus
1325 2277 1439 2314 juver,
1468 2279 1506 2307 ut

806 2324 889 2362 quod
902 2323 976 2353 inde
992 2323 1072 2352 1111111
1084 2323 1204 2353 sentire
1217 2323 1327 2352 datum
1340 2323 1399 2360 051,
1412 2323 1507 2353 detur

807 2370 839 2399 et
860 2369 967 2408 eloqui
984 2370 1078 2407 digne
1104 2369 1143 2399 ad
1158 2369 1362 2399 audientium
1378 2368 1507 2398 utilita-

807 2417 883 2446 tem.
896 2416 965 2445 Alia
981 2416 1103 2453 sponsi,
1117 2417 1214 2453 atque
1230 2415 1293 2444 alia
1308 2423 1431 2452 sponsae
1444 2422 1504 2442 un-

806 2463 924 2500 guenta
952 2462 1027 2491 sunt
1040 2483 1049 2499 ,
1083 2461 1356 2499 quemadmodum
1388 2460 1420 2488 et
1447 2466 1504 2487 sua

807 2507 922 2546 cuique
936 2508 1045 2537 ubera.
1060 2507 1122 2536 Sed
1136 2507 1175 2536 de
1191 2506 1297 2544 sponsi
1313 2513 1375 2542 quo
1390 2504 1504 2533 1111000

808 2554 1011 2584 tractandum
1023 2553 1076 2591 sit,
1092 2553 1241 2590 superius
1256 2550 1421 2589 praefixum
1435 2549 1501 2578 est:

808 2608 892 2629 nunc
920 2607 1044 2637 sponsae
1080 2597 1254 2635 ungnentis
1282 2594 1502 2630 intendamus,

809 2645 904 2684 idque
944 2644 1120 2679 attentius,
1149 2643 1312 2679 tamquam
1348 2639 1397 2668 his
1432 2647 1503 2677 qnae
