1846 3078
234 246 295 277 458

262 300 362 325 Subito
374 306 452 331 sapor
464 302 575 326 subiens
587 303 729 333 novellus,

231 337 266 361 In
281 343 367 360 novos
378 343 443 361 usus
454 337 546 362 latices
559 339 666 368 coegit,

230 372 305 402 Rege
317 373 440 396 mirante
449 389 456 402 ,
469 374 519 397 ubi
531 380 587 397 non
601 374 715 404 putabat

353 408 476 438 Regium
488 412 598 439 potum.

262 444 399 467 Daemone
414 447 504 468 tortus
515 445 639 476 publicat
651 450 677 467 se
688 443 792 473 homo,

230 479 323 504 Furta
335 480 441 503 fatetur
452 481 537 504 miser
550 481 594 503 vel
607 480 722 503 invitus.

230 516 349 539 Pellitur
361 519 453 540 tortor
467 517 532 539 sure
546 514 732 546 deprehenso,

348 551 456 574 Torius
468 553 494 573 et
509 551 573 580 ipse.

258 587 326 611 Haec
338 589 398 611 satis
410 588 528 618 probam
541 587 648 616 aliaque
664 585 755 610 multa

227 620 448 651 Praerogativam
463 622 561 650 gloriae
574 620 713 648 victoris;

228 655 283 679 Nec
297 657 465 678 minoratam
474 671 481 683 ‚
494 661 550 684 quo
563 656 726 684 praeventus
738 652 801 677 suit.

347 690 454 719 Spiritu
467 689 551 714 hono.

257 725 356 748 Gloria
368 731 489 748 summae
503 724 639 748 Trinitati
650 724 722 753 Deo,
735 726 789 748 etc.

266 779 314 807 Ad
339 779 450 807 Bened.
476 778 604 816 Antiph.
630 778 722 807 Felix
742 777 907 816 generatio
920 799 930 816 ,

227 823 280 853 cui
296 824 444 853 exortum
454 824 504 854 est
519 824 629 854 lumen
642 824 676 854 in
687 824 843 855 tenebris.
853 825 929 855 Vic-

226 872 292 906 tor,
311 869 497 898 illuminare
516 869 567 899 his
592 869 648 907 qui
663 870 697 899 in
712 869 876 909 tenebris,
897 870 930 900 et

226 914 384 943 inumbra
400 914 512 944 mortis
535 914 702 944 sedebant.

266 961 350 990 Alia.
366 960 561 990 Benedictus
580 960 738 990 Dominus
752 961 840 991 Deus
855 961 930 992 Vic-

225 1006 304 1036 toris
316 1027 325 1044 ,
349 1006 404 1044 qui
434 1006 541 1044 ipsum
566 1006 601 1036 in
632 1007 739 1036 medio
765 1007 909 1037 statuens
919 1030 928 1046 ,

225 1060 326 1081 cornu
341 1052 453 1082 salutis
467 1053 574 1082 erexit
589 1052 694 1091 nohis,
705 1054 737 1083 et
748 1060 876 1083 rursum
888 1053 928 1084 de

224 1097 333 1127 medio
349 1098 466 1128 tollens
481 1107 554 1128 cum
569 1098 774 1136 principibus
792 1099 930 1128 colloca-

225 1143 291 1181 vit,
316 1144 352 1173 ut
365 1143 486 1174 habeat
502 1152 544 1174 ex
566 1144 774 1182 hominihus,
800 1145 854 1175 cui
869 1145 929 1175 ho-

224 1189 351 1218 minum
365 1191 499 1227 peccata
518 1190 629 1220 donet.

264 1242 298 1264 v.
315 1236 389 1265 Haec
407 1235 476 1265 dies
487 1236 585 1265 tantae
608 1236 822 1267 solemnitatis
838 1236 926 1275 ejus,

223 1281 292 1310 llsee
307 1281 376 1311 dies
402 1281 524 1311 laetitiae
539 1282 644 1319 gentis
664 1281 745 1320 ejus.
762 1290 797 1312 R.
814 1283 928 1313 Exsul-

223 1329 329 1357 tomus
344 1327 377 1358 et
390 1328 538 1358 laetemur
553 1328 587 1358 in
600 1336 650 1358 ea.

405 1391 449 1415 Ad
467 1391 612 1423 Primam,
629 1392 745 1424 Antiph.

264 1449 365 1478 Hodie
378 1450 483 1486 posito
499 1458 630 1487 corpore
645 1450 772 1488 Victor,
789 1458 852 1488 quo
861 1450 926 1480 solo

223 1495 396 1531 praepediri
413 1495 452 1523 ab
468 1494 606 1524 introitu
621 1495 730 1532 gloriae
741 1495 925 1533 videbatur,

223 1540 315 1569 dives
331 1540 475 1578 meritis,
498 1540 599 1577 signis
613 1541 718 1570 clarus
729 1562 738 1578 ,
754 1541 926 1579 expeditus

223 1585 408 1623 penetravit
435 1585 469 1614 in
490 1586 618 1624 sancta,
640 1586 757 1616 similis
771 1586 874 1617 factus
891 1588 925 1618 iu

222 1630 325 1668 gloria
347 1630 543 1660 sanctorum.

475 1694 521 1725 Ad
535 1694 674 1719 Tertiam.

260 1748 482 1780 Nomentuum
491 1751 523 1780 et
536 1752 724 1782 memoriale
736 1751 842 1792 tuum,
851 1746 925 1783 Vie-

490 249 518 275 S.
540 247 737 277 BERNARDI
758 247 919 276 Anamis
942 246 1129 275 OFFICIUM
1154 247 1184 275 S.
1212 248 1403 277 VICTORIS.

967 301 1124 338 jutorium
1150 302 1261 341 nobis,
1286 303 1323 333 ut
1345 304 1384 333 de
1409 303 1505 342 plena.
1533 302 1668 337 victoria

968 345 1126 385 glorieris.

1227 384 1272 410 Ad
1289 385 1410 410 Sexram.

1006 430 1158 461 Vincenti
1186 432 1345 470 expandit
1365 432 1524 470 gremium
1550 439 1666 470 suum,

965 476 1021 514 qui
1044 477 1202 515 pugnanti
1229 477 1363 507 dederat
1389 478 1536 515 spiritum
1558 486 1665 508 suum.

964 521 1033 559 Ibi,
1048 521 1113 559 ibi,
1133 523 1170 552 tu
1185 522 1241 561 qui
1255 522 1378 561 ubique
1395 531 1448 559 es,
1469 523 1609 560 cogitare
1626 522 1666 553 de

964 567 1091 597 miseris
1115 567 1237 606 inspira
1263 569 1293 598 ei
1310 569 1414 607 Deus,
1431 569 1667 606 supplicantem

964 620 1022 650 pro
1034 612 1161 642 miseris
1175 613 1302 652 suscipe
1319 622 1395 643 eum
1409 615 1494 643 Deus
1505 635 1514 650 ,
1528 621 1668 643 exorau-

964 659 1030 688 tem
1044 666 1102 697 pro
1114 658 1241 689 miseris
1256 659 1375 689 exaudi
1394 667 1469 689 eum
1483 660 1582 689 Deus.

1216 715 1261 739 Ad
1281 717 1401 740 Nonam.

1002 759 1178 798 Absorptus
1207 760 1256 790 est
1278 761 1388 790 Victor
1410 760 1443 789 in
1467 759 1568 797 gloria
1589 759 1666 790 Filii

963 805 1022 834 Dei
1039 806 1200 836 :immitte
1224 806 1254 836 ei
1276 806 1377 836 nostri
1398 814 1527 844 semper
1542 813 1668 836 memo-

962 859 1032 880 rem
1044 850 1131 880 fieri:
1147 851 1289 881 nostram
1303 851 1337 881 in
1353 852 1408 881 tuo
1432 851 1601 882 tremendo
1614 851 1667 889 Ju-

963 896 1047 926 dicio
1061 896 1227 935 suscipere
1239 898 1272 927 et
1290 905 1385 934 agere
1401 905 1542 927 causam.

1137 961 1191 991 AD
1212 962 1241 990 11
1260 962 1471 992 VESPERAS.

1002 1023 1119 1055 Sancte
1142 1024 1270 1063 Victor,
1294 1025 1367 1063 quis
1389 1025 1486 1063 digne
1517 1025 1663 1064 explicet

961 1070 1073 1102 laudes
1097 1071 1187 1109 tuas,
1204 1071 1404 1101 castimoniae
1430 1071 1546 1109 decus,
1562 1071 1663 1100 animi

961 1116 1116 1147 virtutem
1126 1138 1134 1154 ‚
1148 1116 1355 1146 conscientiae
1371 1115 1568 1154 puritatem?

1001 1161 1116 1192 Sancte
1126 1162 1253 1200 Victor,
1262 1162 1335 1200 quis
1346 1161 1401 1192 det
1414 1161 1526 1199 nobis,
1541 1161 1578 1192 ut
1590 1169 1663 1191 cum

961 1207 1115 1237 memoria
1130 1206 1335 1237 abundantiae
1350 1206 1520 1237 suavitatis
1534 1206 1598 1237 tuae
1613 1207 1665 1237 in-

961 1252 1064 1282 sideat
1090 1252 1183 1282 nobis
1220 1252 1322 1283 forma
1350 1252 1558 1283 rectitudinis
1587 1252 1664 1283 vitae

962 1299 1024 1327 tuae
1036 1296 1049 1326 ἓ

1000 1336 1114 1372 San‘cte
1127 1342 1239 1373 Victor
1251 1364 1260 1380 ‚
1276 1342 1371 1372 mitte
1386 1342 1479 1372 nobis
1496 1342 1661 1372 auxilium

961 1388 999 1417 de
1015 1388 1142 1426 sancto,
1159 1389 1192 1419 et
1206 1388 1247 1418 de
1263 1388 1341 1418 Sion
1356 1389 1449 1419 tuere
1459 1396 1537 1426 nos,
1553 1388 1608 1426 qui
1622 1389 1661 1418 de

960 1435 1045 1463 terra
1060 1435 1092 1463 te
1107 1434 1289 1464 laudamus.

999 1480 1114 1510 Sancte
1130 1480 1251 1518 Victor,
1265 1479 1418 1510 sanctitas
1430 1479 1505 1515 tua,
1520 1478 1659 1509 victoria

959 1525 1032 1563 tua,
1044 1534 1107 1563 quo
1115 1526 1208 1555 nobis
1223 1525 1399 1564 salubrior,
1415 1533 1454 1556 eo
1469 1525 1662 1563 tibi-glorio-

958 1571 1022 1600 sior
1037 1571 1216 1603 invenitur.

996 1625 1032 1647 v.
1048 1618 1128 1647 Ecce
1153 1615 1391 1655 appropinquat
1404 1615 1515 1646 Victor
1538 1615 1660 1654 glorio-

957 1671 1011 1692 sus
1021 1684 1030 1700 ,
1043 1662 1107 1692 cito
1120 1662 1264 1700 proferte
1278 1669 1441 1691 coronam.

997 1716 1033 1737 R.
1049 1709 1064 1736 J
1069 1716 1119 1737 am
1131 1708 1229 1738 intrat
1244 1709 1279 1737 in
1289 1707 1444 1745 gaudium
1452 1704 1582 1736 Domini
1593 1707 1659 1737 sui.

996 1755 1044 1784 Ad
1055 1755 1188 1793 Magnif-
1209 1753 1337 1792 Antiph.
1357 1753 1381 1782 Ο
1396 1752 1565 1790 magnifice
1584 1752 1661 1782 Vic-

221 1797 288 1832 tor,
305 1794 396 1826 favus
421 1796 580 1826 distillans
606 1797 642 1826 in
666 1798 761 1827 labiis
778 1798 923 1836 captivo-
959 1800 1024 1836 tor,
1040 1799 1100 1829 etsi
1126 1800 1253 1830 elevata
1275 1801 1323 1829 est
1347 1798 1586 1837 magnificentia
1603 1798 1659 1828 tua

221 1848 303 1870 rum.
316 1841 372 1870 Eia
387 1848 480 1880 ergo,
492 1841 584 1872 fortis
596 1842 718 1873 athleta
728 1864 737 1880 ‚
750 1843 853 1873 dulcis
867 1852 924 1882 pa-
956 1853 1054 1883 super
1065 1845 1162 1876 coelos
1173 1866 1182 1882 ,
1197 1845 1253 1875 sed
1273 1853 1338 1875 non
1361 1845 1456 1874 terrae
1477 1844 1590 1882 inopes
1601 1844 1658 1874 tua

221 1891 331 1925 trime,
343 1883 498 1918 advocate
515 1886 640 1926 tidelis2
655 1896 794 1927 exsurge
818 1888 852 1919 in
867 1890 922 1920 ad·
954 1889 1039 1929 jugis
1054 1889 1280 1921 munificentia
1295 1889 1514 1930 derelinquat.
