1846 3078
559 215 603 242 IN
629 214 831 243 CANTICA
858 213 1007 241 SERMO
1031 214 1121 242 LXV
1133 214 1198 242 111.

158 269 249 299 bium
258 291 269 307 ‚
282 269 366 308 quod
378 267 480 307 gratia
495 267 530 298 et
550 268 774 299 misericordia
796 266 856 297 Dei

157 314 199 344 sit
214 315 248 343 in
263 313 386 344 sanctos
401 312 485 351 ejus,
501 313 534 343 et
544 313 712 351 respectus
727 312 761 342 in
772 312 857 342 elec-

156 362 206 390 tos
230 358 339 389 illius?
362 359 444 397 Ergo
465 358 708 396 providentiam
731 358 857 388 caeteris

157 404 314 435 creaturis
334 411 400 433 non
415 411 571 442 negamus
587 413 595 433 ι
612 412 722 434 curam
741 412 857 443 sponsa

155 450 299 481 vindicat
315 449 389 479 sibi.
418 449 580 488 Numquid
593 450 633 480 de
654 450 759 479 bobus
781 457 856 479 cura

156 497 204 526 est
219 496 286 524 Deo
297 494 310 524 ’ἒ
321 495 385 525 Nec
407 495 542 525 dubium
553 518 562 534 ,
577 495 658 534 quin
673 495 762 525 idem
782 503 857 533 pos-

155 541 256 571 simus
270 541 379 570 dicere
398 541 439 571 de
456 541 568 579 equis,
583 541 623 570 de
646 540 800 578 camelis,
815 540 855 570 de

155 587 351 625 elephantis,
364 587 448 617 etde
463 586 589 616 cunctis
604 586 718 616 bestiis
733 586 829 617 terrae
846 595 854 615 :

154 632 306 662 similiter
317 633 350 662 et
370 632 410 662 de
423 631 572 670 piscibus
585 631 684 661 maris
694 653 704 670 ‚
720 632 755 662 et
766 632 857 663 vola-

151 677 266 707 tilibus
281 677 370 715 coeli3
386 678 548 716 postremo
563 677 603 707 de
626 678 714 707 omni
735 685 771 707 re
785 685 856 715 quae

154 724 204 754 est
218 731 315 761 super
339 724 459 753 terram
471 745 480 761 ‚
496 723 574 753 solis
598 731 677 754 sane
694 722 854 761 exceptis,

153 769 272 807 quibus
305 769 445 799 dicitur:
463 770 593 799 Omnem
622 769 855 799 sollicitudinem

152 817 285 846 vestram
298 816 489 853 projicientes
498 815 529 844 in
538 823 607 844 enm
616 835 627 851 ,
640 816 789 853 quoniam
798 816 857 853 ipsi

151 869 229 890 ctera
254 862 298 890 est
315 861 350 889 de
374 860 470 890 vobis.
500 860 614 890 Annon
634 860 698 890 tibi
723 859 855 890 videtur

152 904 257 934 veluti
273 904 324 933 his
335 904 444 934 verbis
458 904 596 942 dictum,
611 903 778 934 Intendite
789 905 853 942 illi,

150 949 228 987 qnia
252 949 321 987 ipse
347 950 490 980 intendit
511 949 626 980 vobis?
644 950 686 979 Et
714 950 854 980 observa

151 995 330 1033 apostolum
356 996 489 1025 Petrum
513 993 614 1035 (ejus
638 995 727 1025 enim
751 996 853 1026 verba

149 1041 227 1070 sunt
242 1040 252 1080 )
268 1041 293 1070 si
309 1049 374 1071 non
385 1041 419 1071 et
437 1041 507 1079 ipse
532 1041 708 1072 verborum
729 1049 853 1079 sponsae

151 1084 375 1116 observaverit
389 1085 549 1116 ordinem.
567 1087 691 1125 Nempe
706 1095 771 1116 non
786 1086 853 1124 ait,

151 1132 279 1161 Omnem
292 1133 524 1162 sollicitudinem
538 1135 674 1163 vestram
685 1133 854 1171 projicien-

151 1178 193 1207 tes
208 1178 239 1206 in
255 1187 336 1214 eum,
351 1178 388 1207 ut
399 1177 439 1208 sit
448 1177 509 1215 ipsi
525 1185 601 1207 cura
613 1177 652 1207 de
665 1178 773 1216 vobis3
783 1178 852 1216 sed,

149 1224 224 1260 quia
238 1224 295 1262 ipsi
307 1233 385 1253 cura
398 1226 441 1254 est
452 1225 487 1253 de
498 1223 582 1254 robis
597 1233 606 1253 :
620 1225 731 1262 aperte
743 1224 854 1262 proin-

149 1268 189 1298 de
208 1270 406 1306 monstrans,
427 1270 569 1299 Ecclesia
585 1270 775 1301 Sanctorum
789 1279 852 1301 non

148 1313 244 1342 modo
255 1321 352 1352 quam
371 1314 490 1344 dilecta
501 1335 510 1352 ,
527 1314 584 1345 sed
607 1315 640 1344 et
655 1315 742 1353 quod
761 1316 853 1354 prius

150 1358 269 1388 dilecta
285 1358 397 1389 fuerit.

188 1406 219 1434 5.
235 1404 365 1434 Constat
381 1404 421 1434 ad
441 1412 513 1434 eam
535 1412 600 1434 non
620 1405 788 1443 pertinere
812 1406 852 1436 de

149 1450 365 1488 vcrb0‚quod
386 1452 421 1480 de
443 1450 535 1481 bobus
564 1451 650 1480 dixit
670 1451 851 1489 Apostolus.

149 1497 227 1525 Nam
256 1504 368 1525 curam
394 1495 486 1525 illius
511 1495 613 1525 habe-t
641 1496 698 1533 qui
733 1496 851 1525 dilexit

148 1540 257 1576 illam,
281 1541 314 1569 et
339 1539 554 1577 semetipsum
577 1539 670 1569 dedit
694 1548 753 1578 pro
780 1540 849 1570 illa.

148 1587 258 1615 Nonne
279 1585 349 1615 liaec
371 1586 421 1615 est
443 1585 513 1614 ovis
533 1584 591 1615 illa
607 1593 718 1615 errans
731 1607 741 1623 ,
757 1586 851 1623 cujus

149 1640 225 1661 cura
250 1631 348 1661 etiam
371 1639 585 1668 supernorum
611 1640 695 1661 curae
716 1640 850 1669 gregum

147 1678 279 1715 praelata
305 1676 373 1706 est?
399 1676 551 1714 Denique
579 1676 647 1706 illis
673 1677 849 1714 expositis,

146 1723 256 1751 Pastor
271 1721 439 1751 descendit
453 1720 494 1750 ad
508 1721 601 1751 istam
611 1744 620 1759 ,
635 1722 785 1760 quaesivit
800 1722 850 1751 di-

145 1767 297 1805 ligenter,
314 1766 482 1796 inventam
494 1774 558 1796 non
569 1767 715 1804 reduxit,
727 1767 786 1797 sed
800 1776 849 1797 re-

146 1811 240 1842 vexit
256 1820 263 1840 :
280 1819 365 1841 nova
381 1819 454 1841 cum
470 1811 528 1841 illa
550 1811 584 1842 et
598 1811 638 1842 de
656 1812 714 1841 illa
737 1811 849 1843 intulit

145 1858 236 1888 coelis
251 1857 331 1888 festa
345 1857 550 1896 gaudiorum,
565 1858 696 1896 populis
710 1858 849 1897 Angelo-

144 1911 216 1933 rum
250 1903 397 1932 invitatis
424 1902 464 1932 ad
486 1903 740 1934 solemnitatem.
763 1903 848 1941 Quid

145 1948 239 1986 ergo?
265 1948 406 1987 Propriis
438 1948 585 1978 humeris
617 1949 770 1987 dignatus
800 1952 849 1980 est

144 2005 215 2026 eam
227 1998 392 2035 reportare
409 2005 416 2026 ε
434 1997 466 2026 et
481 2005 592 2027 curam
604 1997 694 2028 illius
709 2006 774 2028 non
789 1998 848 2030 ha—

141 2042 254 2072 bebit?
280 2042 356 2071 Ideo
381 2050 447 2071 non
473 2042 685 2073 confunditur
710 2043 821 2075 dicere
838 2054 845 2074 :

143 2089 297 2118 Dominus
309 2088 454 2119 sollicitus
473 2089 517 2118 est
533 2089 603 2118 mei.
620 2089 686 2119 Nec
707 2097 742 2119 sc
758 2091 847 2121 exis-

141 2134 236 2163 timat
249 2142 356 2164 errare
367 2156 377 2172 ‚
393 2142 467 2164 cum
483 2134 562 2164 item
577 2134 678 2165 dicit:
695 2137 847 2168 Dominus

140 2179 288 2209 retribuet
305 2189 362 2218 pro
380 2189 447 2218 71113,-
468 2181 502 2210 et
522 2179 549 2210 si
570 2180 650 2218 quid
672 2182 721 2211 cst
745 2181 845 2221 aliud,

141 2224 228 2261 quod
243 2233 353 2255 curam
365 2225 425 2256 Dei
441 2226 526 2255 circa
541 2225 646 2264 ipsam
661 2221 864 2279 significare

142 2267 305 2298 videatur.
324 2269 403 2300 Inde
422 2271 471 2301 est
493 2270 581 2309 quod
600 2271 775 2301 Dominum
795 2281 864 2302 sa-

142 2313 241 2343 baoth
254 2314 411 2344 dilectum
425 2324 521 2345 suum
536 2316 628 2354 dicit,
651 2318 685 2347 et
699 2325 774 2347 eum
789 2318 845 2356 qui
861 2334 862 2343 κ

141 2367 216 2388 «τυιιι
240 2359 477 2398 tranquillitate
494 2361 622 2397 judicat
636 2363 761 2401 omnia,
782 2364 844 2393 sibi

141 2404 313 2435 intendere
339 2405 507 2444 gloriatur.
523 2407 644 2444 Quidni
669 2408 845 2446 glorietur?

140 2450 274 2482 Andivit
288 2451 382 2482 illum
409 2452 573 2484 dicentem
588 2454 651 2484 sibi
666 2456 845 2494 :Numquid

140 2498 240 2526 nemer
256 2499 353 2536 polest
368 2498 501 2529 oblivisci
511 2520 521 2537 ,
542 2501 577 2530 ut
588 2509 651 2530 non
662 2502 845 2532 misereatur

137 2541 200 2579 filio
215 2544 297 2573 uteri
309 2543 462 2575 sui?Etsi
476 2545 530 2575 illa
544 2545 640 2576 oblila
662 2547 776 2585 suerit,
789 2557 843 2587 eqo

140 2588 243 2618 tamen
267 2597 330 2619 non
346 2589 507 2621 obliviscar
528 2593 583 2621 tui.
600 2592 749 2632 Denique
765 2595 844 2625 oculi

141 2635 365 2675 Dominisuper
377 2635 484 2676 justos.
501 2637 538 2667 Et
551 2638 627 2676 quid
637 2646 765 2678 sponsa,
778 2640 839 2670 nisi
878 2642 979 2670 Deum
998 2641 1042 2671 ita
1062 2639 1240 2679 providisse
1257 2644 1313 2674 prr»
1329 2634 1435 2671 nobis.

1526 222 1581 230 --u

1525 230 1584 252 010

891 267 1098 305 congregatio
1112 266 1294 304 justorum?
1314 270 1399 307 Quid
1420 273 1505 314 ipsa
1522 278 1584 306 uisi

890 313 1056 350 generatio
1070 312 1286 351 quaerentium
1302 315 1484 357 Dominum,
1500 330 1586 359 quae-

890 358 1031 387 rentium
1050 357 1170 388 faciem
1193 359 1324 396 sponsi?
1338 361 1405 391 Non
1428 364 1513 394 enim
1529 366 1587 396 ille

889 402 1032 434 intendit
1056 403 1152 442 huic,
1168 405 1202 434 et
1229 412 1295 434 non
1324 405 1386 435 ista
1405 407 1466 438 illi.
1488 411 1586 450 Prop-

890 448 977 478 terea
985 449 1158 487 utrumque
1171 449 1282 488 ponit,
1292 449 1420 480 dicens:
1435 453 1484 482 Ille
1500 456 1586 492 mihi,

888 496 917 523 et
943 503 995 533 eqo
1014 495 1069 524 illi.
1089 495 1145 524 Ille
1171 494 1267 533 milti,
1289 495 1534 534 quiabenignus
1555 501 1588 530 et

888 538 1073 569 misericors
1088 542 1136 570 est
1152 548 1160 569 ε
1176 549 1231 579 eqo
1256 541 1318 578 illi,
1334 541 1410 579 quia
1429 549 1494 571 non
1521 550 1590 574 sum

888 584 1025 622 ingrata.
1048 585 1107 615 Ille
1135 586 1219 616 mihi
1247 586 1384 625 gratiam
1412 595 1455 617 ex
1476 589 1589 626 gratia,

888 638 945 667 ego
977 631 1026 660 illi
1050 631 1188 669 gratiam
1210 640 1269 670 pro
1290 632 1415 670 gratia:
1431 633 1488 663 ille
1509 641 1591 664 meae

887 675 1095 714 liberationi,
1118 684 1178 714 ego
1198 677 1288 707 illius
1311 678 1426 708 honori
1442 686 1451 708 :
1467 679 1524 708 ille
1540 687 1591 708 sa·

874 754 875 759 ¹
886 720 949 750 luti
964 729 1059 759 meae,
1069 729 1130 759 ego
1142 722 1231 753 illius
1239 723 1418 753 voluntati:
1429 724 1486 754 ille
1495 724 1591 762 mihi,

887 767 920 797 ct
933 774 999 796 non
1015 767 1122 805 alteri,
1137 767 1292 806 quoniam
1306 777 1373 798 una
1388 776 1457 799 sum
1468 770 1592 799 colum-

886 811 926 841 ba
951 812 1047 850 ejus:
1070 820 1129 851 ego
1157 812 1226 852 illi,
1249 814 1283 844 et
1304 822 1370 844 non
1396 813 1503 844 alteri.
1526 815 1590 845 Nec

886 857 974 887 enim
986 857 1081 887 audio
1090 866 1205 888 vocem
1214 858 1395 889 alienorum
1404 867 1413 896 ;
1424 867 1485 889 nec
1497 859 1584 889 enim

886 902 1057 941 acquiesco
1071 903 1257 935 dicentibus
1280 904 1365 934 mihi
1377 913 1386 934 :
1398 906 1476 935 Ecce
1490 905 1538 935 liic
1549 907 1593 936 est

886 948 1042 985 Christus,
1058 949 1115 979 aut
1129 959 1193 980 ecce
1208 951 1268 981 illic
1279 952 1334 981 est.
1351 950 1426 981 Haec
1434 951 1589 982 Ecclesia.

924 993 955 1024 [a.
982 995 1067 1032 Quid
1086 995 1236 1034 singulus
1258 996 1396 1035 quisque
1424 996 1593 1028 nostrum?

871 1040 1083 1071 ,putamusne
1111 1041 1147 1072 in
1167 1041 1262 1072 nohis
1282 1041 1473 1080 quempiam
1495 1050 1590 1081 esse,

870 1074 939 1116 'cui
967 1087 1071 1125 aptari
1102 1088 1202 1126 queat
1222 1088 1309 1127 quod
1336 1087 1479 1118 dicitur?
1505 1088 1590 1126 Quid

885 1132 973 1171 dixi,
990 1132 1024 1162 in
1039 1133 1151 1163 nobis?
1166 1135 1229 1173 Ego
1245 1135 1355 1165 autem
1371 1135 1404 1165 et
1418 1134 1459 1165 de
1473 1135 1591 1173 quovis

885 1178 969 1209 intra
991 1179 1171 1209 Ecclesiam
1191 1180 1367 1211 constituto
1385 1180 1412 1210 si
1435 1180 1508 1219 quis
1528 1181 1591 1211 hoc

884 1225 1026 1263 quaerat,
1040 1233 1106 1255 non
1127 1226 1258 1256 omnino
1280 1225 1591 1264 reprehendendum

885 1270 1080 1300 censuerim.
1097 1272 1162 1301 Nec
1185 1272 1275 1302 enim
1302 1280 1368 1302 una
1389 1272 1485 1302 unius
1506 1271 1590 1303 ratio

885 1316 952 1353 est,
983 1316 1081 1354 atque
1110 1317 1302 1347 multorum.
1335 1317 1488 1355 Denique
1521 1325 1589 1347 non

884 1361 1017 1399 propter
1045 1362 1188 1392 animam
1221 1371 1342 1401 unam,
1370 1362 1429 1393 sed
1456 1363 1590 1402 propter

883 1407 1002 1436 multas
1016 1405 1050 1436 in
1064 1415 1163 1437 unam
1184 1408 1364 1438 Ecclesiam
1380 1407 1589 1449 colligendas,

883 1453 917 1482 in
932 1452 1064 1482 unicam
1072 1453 1318 1492 adstringendas
1327 1461 1490 1492 sponsam,
1502 1453 1590 1483 Deus

882 1499 949 1528 tam
962 1499 1066 1528 multa
1080 1499 1114 1528 et
1126 1498 1206 1528 fecit
1221 1499 1254 1528 ct
1264 1498 1499 1536 pertulit,cum
1511 1506 1588 1537 ope-

882 1544 971 1574 ratus
988 1544 1038 1574 est
1054 1543 1194 1574 salutem
1210 1544 1245 1573 in
1266 1544 1375 1574 medio
1396 1545 1505 1575 terrae.
1530 1545 1588 1575 Ca-

867 1588 1008 1620 :rissima
1020 1589 1078 1619 illa
1093 1589 1142 1620 est
1155 1597 1220 1620 una
1235 1590 1293 1619 uni
1305 1612 1314 1628 ‚
1331 1598 1395 1620 non
1416 1589 1588 1620 adhaerens

866 1623 975 1664 lalteri
992 1643 1120 1673 sponso,
1133 1643 1199 1665 non
1215 1635 1334 1665 cedens
1344 1635 1439 1664 alteri
1451 1643 1589 1673 sponsae.

866 1681 964 1717 <Quid
984 1682 1045 1712 ista
1065 1690 1132 1712 non
1153 1681 1272 1711 audeat
1293 1680 1381 1719 apud
1400 1681 1470 1710 tam
1486 1681 1590 1710 ambi-

881 1727 997 1757 tiosum
1013 1726 1209 1758 amatorem?
1220 1726 1304 1764 Quid
1315 1734 1379 1756 non
1391 1726 1431 1756 ab
1446 1726 1502 1755 illo
1513 1734 1590 1764 spe-

880 1774 950 1811 ret,
965 1773 1020 1812 qui
1039 1781 1073 1804 sc
1090 1773 1245 1811 quaesivit
1260 1780 1277 1802 e
1301 1772 1382 1802 coelo
1396 1795 1405 1810 ‚
1423 1772 1552 1802 vocavit
1567 1781 1586 1802 a

880 1818 997 1849 finibus
1012 1818 1127 1849 terrae?
1148 1819 1213 1848 Nec
1228 1818 1322 1848 modo
1341 1817 1511 1856 quaesivit,
1527 1817 1586 1847 sed

880 1865 1066 1903 acquisivit.
1079 1864 1168 1895 Adde
1185 1865 1218 1895 et
1230 1865 1270 1894 de
1286 1864 1380 1894 modo
1396 1863 1586 1901 acquisitio-

866 1910 929 1940 *nis
944 1911 979 1940 in
1000 1911 1155 1949 sanguine
1176 1910 1392 1950 acquisitoris.
1407 1909 1493 1939 Alias
1506 1918 1584 1939 vero

880 1955 935 1996 (ut
945 1956 1084 1996 assolet)
1103 1957 1275 1994 propterea
1287 1956 1387 1993 magis
1402 1955 1583 1994 praesumit,

864 1993 1031 2041 *quoniam
1061 2003 1264 2041 prospiciens
1288 2002 1323 2031 in
1347 2001 1493 2031 futurum
1519 2008 1584 2030 non

863 2048 1025 2105 ffignorat,
1041 2048 1127 2086 quod
1147 2048 1305 2078 Dominus
1322 2056 1357 2077 se
1375 2055 1455 2085 opus
1471 2046 1583 2076 habet.

877 2095 1001 2132 Quaeris
1025 2095 1067 2124 ad
1088 2093 1186 2133 quid?
1200 2095 1249 2125 Ad
1263 2094 1427 2124 videndum
1446 2094 1479 2122 in
1498 2092 1586 2122 boni-

862 2142 939 2176 ,tate
953 2141 1117 2171 electorum
1131 2148 1278 2176 suorum.
1294 2140 1335 2170 ad
1359 2139 1526 2168 laetandum
1550 2139 1584 2167 in.

863 2186 985 2216 laetitia
1000 2186 1093 2223 qenlis
1107 2194 1188 2221 succ,
1204 2186 1238 2214 ut
1252 2184 1394 2214 laudetur
1405 2192 1474 2213 cum
1488 2183 1586 2212 licere-

877 2231 969 2260 dltate
980 2239 1050 2260 sua.
1071 2230 1135 2259 Nec
1158 2236 1274 2267 parum
1293 2228 1355 2258 hoc
1378 2235 1457 2266 opus
1471 2227 1585 2258 existi-

878 2283 963 2305 mes:
976 2275 1117 2312 nullum,
1130 2274 1201 2304 dico
1213 2274 1285 2312 tibi,
1301 2273 1583 2311 remanebitopus

877 2321 1078 2360 perfectum,
1108 2320 1136 2350 si
1160 2320 1222 2350 hoc
1246 2320 1380 2350 nutarit.
1407 2319 1519 2349 Nonne
1541 2318 1581 2348 de

877 2368 963 2397 statu
979 2369 1012 2397 et
1033 2366 1314 2397 consummatione
1335 2364 1486 2395 Ecclesiae
1506 2363 1580 2392 finis

877 2413 1021 2442 omnium
1037 2411 1179 2451 pendet?
1191 2412 1282 2441 Tollo
1298 2411 1395 2446 hanc,
1413 2410 1445 2439 et
1460 2408 1578 2438 frustra

877 2458 1083 2488 inseriorista
1096 2459 1245 2487 creatura
1257 2454 1488 2486 revelationem
1496 2451 1580 2481 filio·-

877 2512 947 2534 rum
962 2504 1023 2534 Dei
1037 2504 1217 2542 exspectat.
1241 2502 1330 2531 Tolle
1350 2501 1450 2535 hanc,
1467 2497 1500 2527 ct
1522 2505 1578 2527 ne-

876 2557 939 2587 que
950 2549 1157 2586 patriarchae,
1172 2555 1280 2586 neque
1293 2544 1462 2582 Prophetae
1476 2542 1577 2580 aliqui

877 2595 1186 2625 consummabuntur
1201 2601 1274 2623 cum
1296 2590 1413 2620 Paulus
1434 2588 1575 2640 asserat,

1456 2642 1491 2663 iit?
1512 2641 1576 2664 sme
