1810 3073
500 204 544 232 {N
567 204 766 232 CANTch
792 203 944 231 SERMO
965 203 1038 230 XX.

1435 208 1493 240 207

59 257 216 291 satisfecit
243 257 346 296 Patri3
363 257 486 288 amicus
513 257 615 288 dulcis
628 280 637 296 ,
653 257 758 287 consi·
792 257 886 287 triam
899 256 1127 294 scujudicium
1137 253 1424 298 rationi53virti1tis
1437 274 1494 297 au-

59 305 171 336 liarius
195 303 353 342 prudens,
387 303 514 340 adjutor
543 304 644 333 fortis.
676 303 758 333 Huic
793 303 858 332 tem
871 302 1003 333 dilectio
1017 302 1058 332 ad
1073 302 1174 333 animi
1186 312 1278 342 posse
1288 306 1402 338 referri
1418 318 1493 341 con„

59 358 189 381 securus
210 357 261 378 me
277 349 390 386 credo,
417 349 471 388 qui
494 350 618 380 salvare
635 358 687 380 me
703 357 758 380 ve-

58 395 114 433 lit,
139 395 284 432 noverit,
309 395 421 433 possit.
453 396 558 433 Quem
586 396 757 434 quaesivit,

57 441 144 471 hunc
172 440 204 470 et
231 440 362 470 vocavit
395 449 455 479 per
483 442 620 479 gratiam
641 450 756 471 suam:

57 485 216 524 numquid
230 486 418 516 venientem
444 486 556 524 ejiciet
577 486 681 516 foras?
696 486 756 516 Sed

56 538 117 562 nec
131 531 216 569 vim,
234 539 294 561 nec
317 531 466 561 fraudem
488 532 596 561 metuo
612 531 757 569 profecto

57 577 262 616 ullam,qu0d
278 586 329 607 me
346 578 505 607 videlicet
520 577 559 607 de
575 586 675 607 manu
689 578 756 614 ejus

55 623 155 662 possit
170 631 305 661 eruere3
323 623 378 662 qui
397 623 430 653 et
445 623 634 652 vincentem
650 623 757 652 omnia

54 667 136 698 vicit
150 670 305 706 mortem,
321 670 353 699 et
369 669 574 699 seductorem
597 668 757 698 universi-

53 714 130 745 tatis
159 716 343 753 serpentem
355 737 364 751 ,
383 715 452 744 arte
468 714 581 752 utique
597 714 756 744 sanctiore

53 759 193 798 delusit3
207 762 270 791 isto
286 761 494 799 prudentior,
508 761 563 790 illa
579 761 754 799 potentior.

53 806 162 836 carnis
186 807 318 845 quidem
343 807 477 836 assumit
492 807 683 844 veritatem,
701 807 757 837 sed

53 852 178 890 peccati
194 853 444 883 similitudinem
459 861 466 881 ε
481 852 609 882 dulcem
628 861 756 891 prorsus

53 898 87 928 in
103 898 157 928 illa
173 899 333 928 exhibens
346 899 598 929 consolationem
615 899 756 937 infirmo,

53 944 86 974 et
114 944 149 974 in
170 945 230 974 hac
267 945 447 984 prudenter
472 944 673 974 abscondens
710 946 755 974 la-

51 998 171 1028 queum
196 990 396 1028 deceptionis
427 990 566 1019 diabolo.
593 991 692 1019 Porro
718 991 755 1020 ut

51 1035 137 1064 Patri
158 1043 215 1065 nos
240 1035 449 1073 reconciliet,
466 1036 603 1064 mortem
630 1034 756 1065 sortiter

50 1081 138 1110 subit
153 1081 186 1110 et
207 1081 346 1119 subigit,
364 1081 502 1111 fundens
523 1081 666 1119 pretium
683 1089 756 1111 nos-

51 1126 110 1155 trae
144 1126 378 1164 redemptionis
418 1126 610 1164 sanguinem
647 1136 753 1157 suum.

50 1171 130 1209 Ergo
158 1171 220 1201 nisi
236 1173 375 1202 amasset
390 1172 547 1209 dulciter,
571 1180 636 1201 uon
653 1181 703 1202 me
721 1174 753 1203 in

51 1224 180 1246 carcere
204 1217 394 1255 requisisset
418 1218 474 1247 illa
498 1218 676 1254 majestas:
698 1220 753 1249 sed

48 1262 162 1299 junxit
189 1262 357 1292 affectioni
385 1263 676 1302 sapientiam,qua
702 1266 754 1303 ty—

49 1316 186 1338 rannum
203 1308 506 1347 deciperet31unxit
519 1309 552 1339 et
562 1309 754 1347 patientiam

49 1362 112 1393 qua
134 1355 278 1393 placaret
305 1354 466 1384 offensum
487 1356 591 1384 Deum
614 1356 751 1387 Patrem.

51 1400 92 1429 lli
104 1402 178 1431 sunt
195 1401 301 1439 modi,
317 1409 396 1439 quos
411 1400 504 1430 vobis
516 1401 728 1439 promiseram
743 1412 751 1432 ε

50 1446 106 1476 sed
118 1447 256 1484 praemisi
270 1455 324 1477 eos
339 1447 371 1476 in
383 1446 509 1477 Christo
519 1469 528 1485 ,
540 1447 576 1477 ut
589 1455 753 1479 commen—

51 1492 225 1523 dabiliores
244 1493 418 1523 haberetis.

88 1537 119 1567 lt.
149 1539 262 1576 Disce,
294 1548 312 1569 0
341 1538 538 1576 Christiane,
565 1547 583 1568 a
609 1537 750 1576 Christo,

49 1584 319 1621 quemadmodum
337 1585 451 1622 diligas
465 1585 639 1614 Christum.
657 1585 750 1614 Disce

49 1636 158 1659 amare
192 1630 333 1660 dulciter
349 1653 358 1668 ,
395 1638 503 1660 amare
544 1631 721 1668 prudenter
741 1652 750 1668 ,

49 1682 157 1705 amare
169 1675 308 1705 fortiter.
320 1676 477 1714 Dulciter,
493 1685 535 1706 ne
546 1677 647 1707 illecti
658 1685 666 1714 3
676 1685 752 1715 pru-

49 1720 175 1758 denter,
191 1730 231 1751 ne
242 1722 388 1759 decepti3
402 1722 541 1760 fortiter,
552 1731 592 1752 ne
605 1723 750 1760 oppressi

48 1764 88 1794 ab
101 1774 208 1796 amore
225 1767 351 1796 Domini
366 1768 563 1797 avertamur.
581 1769 625 1797 Ne
640 1768 749 1797 mundi

49 1811 149 1848 gloria
163 1821 220 1842 seu
238 1813 343 1842 carnis
359 1814 583 1850 voluptatibus
608 1814 751 1844 abduca-

48 1858 109 1895 ris,
137 1859 300 1888 dulcescat
327 1859 388 1888 tibi
418 1868 484 1898 prae
515 1860 566 1889 his
590 1861 749 1898 sapientia

47 1903 192 1934 Christus
208 1914 216 1933 ε
234 1913 274 1934 ne
291 1905 456 1935 seducaris
473 1905 591 1943 spiritu
615 1907 750 1936 menda-

48 1949 91 1978 cii
129 1951 162 1980 et
196 1951 333 1989 erroris,
364 1951 507 1981 lucescat
542 1952 601 1981 tibi
630 1953 750 1983 veritas

46 1995 210 2025 Christus:
225 2005 265 2026 ue
300 1997 553 2027 adversitatibus
584 1997 748 2037 fatigeris,

47 2041 205 2072 confortet
221 2044 251 2072 te
265 2043 371 2072 virtus
389 2043 446 2072 Dei
463 2044 617 2074 Christus.
632 2045 750 2075 ZELUM

46 2087 136 2116 tuum
148 2088 326 2118 inflammet
335 2089 450 2118 caritas
461 2089 633 2126 ,informet
646 2090 750 2121 scien-

46 2132 90 2161 tia
104 2155 112 2170 ,
126 2134 232 2164 firmet
248 2135 438 2165 constantia.
463 2135 510 2166 Sit
533 2135 695 2175 fervidus,
707 2137 749 2167 sit

47 2177 319 2218 circumspectus,
341 2181 384 2211 sit
403 2181 556 2211 invictus.
579 2183 643 2212 Nec
659 2183 748 2221 tepo-

47 2231 115 2252 rem
142 2224 279 2262 haheat,
310 2234 371 2256 nec
398 2229 507 2257 careat
531 2227 747 2266 discretione,

46 2276 106 2298 nec
127 2269 260 2300 timidus
286 2271 339 2301 sit.
358 2273 397 2302 Et
417 2272 492 2302 vide
512 2281 554 2303 ne
580 2273 663 2304 forte
685 2274 747 2305 tria

47 2313 107 2344 ista
120 2315 179 2344 tibi
204 2317 237 2346 et
253 2317 285 2345 in
310 2318 382 2355 lege
406 2318 526 2348 tradita
545 2319 686 2357 suerint,
700 2321 748 2350 di-

46 2361 140 2390 cente
155 2362 221 2391 Deo
232 2370 240 2390 z
251 2363 363 2401 Diliqes
375 2365 542 2394 Dominum
551 2367 651 2395 Deum
662 2368 748 2396 tuum

46 2415 86 2436 ex
102 2407 162 2435 foto
178 2408 265 2437 corde
286 2410 350 2445 tuo,
366 2411 393 2438 ct
407 2419 447 2439 ear
472 2412 536 2440 lom
551 2413 659 2441 anima
675 2414 727 2442 Ιιια
738 2435 746 2451 ,

46 2456 75 2484 ct
90 2464 129 2485 ex
153 2456 217 2485 tota
237 2457 348 2486 vii-tute
370 2459 435 2486 Ιιια.
453 2458 531 2487 Mihi
547 2459 678 2489 videtur
695 2459 705 2499 (
721 2462 745 2491 si

47 2499 128 2530 alius
151 2501 385 2538 competentior
400 2511 513 2533 seusus
538 2505 571 2533 iu
587 2505 646 2534 bac
663 2506 746 2536 trina

47 2545 252 2576 distinctione
263 2554 327 2576 non
338 2546 501 2587 occurrit)
515 2557 604 2579 amor
616 2551 746 2588 quidem

48 2591 152 2621 cordis
183 2591 223 2621 ad
245 2592 351 2622 zelum
381 2593 553 2631 quemdam
582 2596 746 2632 pertinere

51 2635 244 2676 allectionis3
259 2637 373 2667 animm
386 2646 463 2668 vcro
479 2646 566 2669 amor
582 2640 618 2669 ad
638 2640 746 2671 indus-

793 347 946 379 stantiam
960 349 1015 379 vel
1034 349 1193 387 vigorem.
1210 350 1318 389 Dilige
1341 360 1415 391 ergo
1430 357 1495 387 Do..

792 394 918 424 minum
933 395 1038 424 Deum
1050 395 1144 425 tuum
1152 396 1220 426 toto
1236 397 1269 426 et
1279 397 1376 434 pleno
1389 401 1494 431 cordis

792 439 912 469 affectu
928 447 936 468 t
953 439 1053 478 dilige
1072 440 1141 470 tota
1167 440 1304 470 rationis
1325 442 1496 479 vigilantia

793 485 826 514 et
841 485 1130 524 circumspectione
1147 494 1156 516 :
1173 486 1273 525 dilige
1294 488 1328 518 et
1347 488 1414 518 tota
1428 490 1498 519 vir-

793 531 875 570 tute,
891 532 928 561 ut
946 540 1007 562 nec
1023 532 1105 562 mori
1127 540 1186 571 pro
1202 533 1273 570 ejus
1288 541 1397 564 amore
1419 543 1497 573 per-

793 577 960 616 timescas,
973 578 1059 608 sicut
1079 580 1238 617 scriptum
1259 580 1309 610 est
1332 580 1366 610 in
1385 589 1499 611 conse-

791 623 968 659 quentibus
983 632 991 652 ε
1006 625 1162 663 Quoniam
1186 625 1275 663 fortis
1296 628 1340 656 est
1356 628 1390 656 ut
1411 636 1498 659 mors

791 668 919 706 dilectio,
932 671 1013 700 dura
1023 672 1100 700 sicut
1113 671 1253 709 infernus
1264 673 1431 703 (emulatio.
1449 673 1499 704 Sit

792 714 899 744 suavis
923 716 956 746 et
976 715 1080 747 dulcis
1102 717 1233 747 affectui
1260 719 1316 747 tuo
1340 719 1499 750 Dominus

790 759 900 798 Jesus,
919 763 1028 791 contra
1051 763 1138 793 male
1153 763 1268 802 utique
1286 764 1399 794 dulces
1421 766 1497 795 vitae

792 807 928 836 carnalis
949 807 1139 846 illecebras,
1168 810 1201 839 et
1222 810 1335 840 vincat
1358 810 1498 841 dulcedo

792 851 997 882 dulcedinem
1009 875 1017 890 ‚
1053 854 1328 892 quemadmodum
1368 856 1496 886 clavum

792 897 899 927 clavus
915 899 1065 936 expellit.
1080 899 1143 930 Sed
1163 900 1205 930 sit
1219 901 1434 932 nihilominus
1447 903 1497 932 in-

792 943 938 973 tellectui
954 945 1073 982 praevia
1087 946 1145 975 lux
1159 947 1192 976 et
1204 946 1270 976 dux
1282 947 1415 985 rationi,
1431 957 1496 979 non

791 988 894 1017 solum
922 989 962 1018 ob
993 991 1153 1021 cavendas
1184 992 1347 1023 haereticae
1374 993 1496 1024 fraudis

791 1032 976 1072 decipulas,
993 1036 1027 1066 et
1041 1037 1117 1066 fidei
1132 1038 1307 1075 puritatem
1327 1038 1367 1068 ab
1383 1048 1494 1069 eorum

791 1081 942 1110 versutiis
956 1082 1199 1112 custodiendam
1210 1106 1218 1121 ,
1235 1092 1350 1113 verum
1366 1085 1403 1114 ut
1418 1093 1495 1114 cau-

791 1124 842 1153 tus
864 1133 991 1164 quoque
1012 1127 1056 1157 sis
1078 1128 1213 1157 nimiam
1231 1131 1265 1159 et
1284 1129 1495 1160 indiscretam

790 1169 1032 1201 vehementiam
1054 1172 1087 1201 in
1108 1175 1164 1203 tua
1181 1174 1426 1204 conversatione
1443 1175 1495 1204 vi-

789 1215 870 1245 tare.
887 1217 934 1246 Sit
950 1217 1049 1247 etiam
1069 1218 1179 1257 fortis,
1196 1221 1228 1249 et
1245 1220 1393 1250 constans
1406 1228 1494 1250 amor

789 1261 881 1299 tuus,
898 1271 958 1293 nec
978 1264 1096 1294 cedens
1118 1266 1316 1303 terroribus,
1332 1274 1394 1296 nec
1417 1274 1492 1296 suc—

789 1308 943 1338 cumbens
954 1309 1130 1340 laboribus.
1142 1312 1221 1349 Ergo
1237 1319 1382 1342 amemus
1394 1312 1494 1342 affec-

788 1352 897 1392 tuose,
919 1353 1152 1393 circumspecte
1164 1378 1174 1394 ,
1199 1358 1232 1387 et
1250 1357 1493 1387 validetscien-

788 1399 836 1428 tes
858 1407 1001 1430 amorem
1023 1402 1146 1441 cordis,
1163 1411 1260 1440 quem
1282 1403 1491 1433 affectuosum

787 1444 923 1476 dicimus
935 1468 944 1485 ,
960 1448 1079 1485 absque
1093 1457 1130 1478 eo
1146 1448 1201 1487 qui
1218 1449 1338 1478 dicitur
1355 1451 1470 1480 animae
1482 1472 1491 1487 ,

788 1490 914 1522 dulcem
927 1492 1072 1532 quidem,
1082 1494 1139 1524 sed
1146 1495 1362 1525 seducibilem
1372 1505 1379 1525 :
1391 1495 1489 1526 istum

786 1545 863 1567 vero
879 1539 1000 1577 absque
1022 1540 1078 1569 illo
1095 1540 1150 1578 qui
1167 1541 1298 1571 virtutis
1311 1542 1378 1581 est,
1394 1542 1490 1571 ratio-

786 1584 927 1614 nabilem
941 1592 1009 1615 esse
1020 1608 1028 1623 ,
1046 1586 1102 1616 sed
1119 1586 1277 1625 fragilem.

826 1630 913 1660 5..Et
925 1631 999 1662 vide
1017 1632 1048 1661 in
1061 1633 1241 1662 manifestis
1254 1632 1414 1671 exemplis
1430 1632 1490 1662 hoc

787 1674 830 1704 ita
851 1683 919 1705 esse
935 1678 973 1707 ut
994 1677 1145 1708 dicimus.
1167 1679 1244 1708 Cum
1262 1687 1345 1716 aegre
1367 1678 1492 1709 ferrent

786 1722 944 1760 Discipuli
963 1724 1060 1761 ¹quod
1083 1724 1122 1754 de
1156 1725 1321 1755 ascensuri
1349 1725 1489 1764 Magistri

786 1767 928 1797 discessu
945 1768 984 1797 ab
1007 1769 1120 1798 eodem
1142 1770 1211 1807 ipso
1234 1770 1416 1807 audierant,
1434 1779 1490 1800 au—

786 1813 915 1844 dierunt
932 1823 940 1842 t
955 1816 989 1845 Si
999 1815 1159 1854 ditasti-etis
1171 1825 1230 1852 me,
1243 1818 1413 1854 {lauden-etis
1428 1818 1490 1846 uti-

786 1869 841 1897 quc
860 1861 932 1898 quia
953 1863 1032 1890 vado
1055 1862 1094 1890 (ul
1119 1863 1259 1891 Patrem.
1280 1862 1364 1898 Quid
1392 1862 1489 1900 ergo?

784 1914 847 1935 non
863 1906 1046 1943 diligebant
1059 1907 1097 1936 de
1115 1907 1207 1944 cujus
1220 1908 1416 1938 discessione
1432 1909 1489 1938 do-

785 1952 916 1982 lebant?
932 1953 993 1983 Sed
1016 1954 1196 1991 diligebant
1220 1954 1358 1992 quodam
1374 1955 1486 1993 modo,

785 1999 817 2027 et
832 2006 895 2028 non
908 1999 1099 2037 diligebant.
1126 1999 1313 2035 Diligebant
1334 2000 1486 2037 dulciter,

784 2044 840 2073 sed
852 2045 959 2075 minus
971 2045 1168 2083 prudenter,
1182 2045 1360 2083 diligebant
1376 2054 1488 2076 carna—

784 2090 872 2127 liter,
888 2091 945 2120 sed
969 2099 1033 2120 non
1059 2091 1315 2129 rationabiliter3
1345 2091 1486 2130 denique

783 2135 964 2174 diligebant
983 2137 1049 2167 toto
1072 2137 1187 2175 corde,
1205 2145 1270 2167 nou
1291 2138 1400 2167 autem
1417 2138 1485 2167 tota

783 2183 900 2212 anima.
924 2182 1062 2213 Dilectio
1088 2191 1200 2213 eorum
1215 2184 1326 2213 contra
1349 2184 1486 2213 salutem

783 2236 906 2258 eorum.
934 2229 1025 2259 Unde
1051 2231 1085 2260 et
1102 2229 1231 2260 aiebat:
1246 2231 1384 2267 Expedit
1400 2230 1487 2260 vobis

781 2276 815 2305 ut
833 2283 886 2313 eqo
901 2276 1032 2312 vadam,
1048 2276 1183 2314 culpans
1209 2275 1381 2306 consilium
1392 2297 1401 2313 ,
1418 2282 1482 2305 non

782 2322 945 2353 affectum.
961 2324 1120 2362 Loquenti
1136 2324 1217 2354 item
1241 2324 1281 2354 de
1301 2324 1405 2353 morte
1427 2332 1484 2354 sua

782 2368 908 2407 futura,
920 2369 1052 2399 obviare
1074 2370 1136 2400 sibi
1153 2370 1323 2400 conantem
1339 2369 1482 2404 Petrum,

781 2414 837 2453 qui
852 2423 928 2445 eum
943 2416 1057 2446 tenere
1078 2416 1254 2454 diligebat,
1271 2424 1344 2446 cum
1367 2416 1431 2454 ita,
1448 2418 1485 2445 ut

781 2461 988 2499 meministis,
1003 2462 1200 2501 increpando
1216 2462 1389 2501 repressit,
1406 2462 1483 2500 quid

782 2507 816 2536 in
847 2515 886 2537 eo
913 2508 1002 2537 aliud
1027 2516 1123 2546 quam
1148 2508 1398 2547 imprudentiam
1430 2516 1483 2537 re-

781 2553 977 2590 prehendit?
990 2555 1153 2583 Postremo
1169 2554 1248 2592 quid
1263 2553 1311 2583 est
1322 2575 1330 2589 ,
1347 2554 1416 2582 Nou
1433 2562 1484 2582 sn-

780 2599 825 2635 pis
841 2608 908 2636 ‹11aeoe
924 2600 1079 2635 Deisunl,
1096 2599 1158 2629 nisi
1175 2606 1239 2628 uon
1255 2598 1418 2635 sapienter
1432 2597 1482 2626 di-

781 2643 866 2682 ligis,
883 2643 1057 2673 humanum
1076 2652 1214 2682 sequeus
1229 2643 1391 2681 affectum,
1406 2650 1484 2672 con·
