1810 3073
517 234 561 262 IN
582 230 784 262 CANTICA
810 229 958 258 SERMO
979 229 1087 256 XXX.

95 306 166 329 rum
187 299 348 328 servorum
368 288 445 328 Dei,
469 286 691 319 aemulantium
721 291 790 313 eam

95 344 155 374 Dei
177 338 400 374 aemulati0m23
424 341 532 365 nonne
555 330 792 369 consequenter

98 388 319 423 veraciterque
344 381 466 412 inferre
481 378 613 418 poterit,
638 376 715 415 quia
737 375 793 412 filii

96 435 204 464 matris
238 438 312 460 meoe
335 425 549 468 puqnaverunt
581 424 689 453 contra
716 419 791 450 me?

93 478 160 508 Erit
172 484 244 514 ergo
255 482 380 511 sensus,
393 472 486 510 juxta
498 468 583 508 quod
596 467 717 498 dictum
730 466 790 503 est,

91 522 129 553 ut
142 521 283 551 Ecclesia
300 528 359 550 seu
378 517 520 548 studiosa
543 512 666 553 quaevis
685 511 790 540 anima

93 566 127 597 id
140 566 303 605 loquatur,
318 573 384 594 non
398 561 488 601 quasi
504 566 636 599 gemens
650 557 707 586 aut
717 564 791 586 con—

92 620 251 651 querens,
273 611 329 642 sed
347 608 438 649 quasi
463 606 606 646 gaudens
625 603 660 634 et
673 602 790 641 gratias

93 667 202 696 agens,
232 659 366 695 insuper
391 655 425 685 et
450 652 606 691 glorians,
627 649 711 688 quod
732 656 789 686 pro

91 705 222 734 nomine
235 705 267 734 et
279 710 387 732 amore
402 699 518 729 Christi
534 697 629 734 digna
641 695 683 725 sit
701 693 789 723 fusca

93 757 152 779 seu
166 749 294 779 decolor
310 755 379 777 esse
391 747 425 776 et
439 743 504 775 dici
521 751 530 771 :
547 742 642 779 atque
658 739 720 768 hoc
740 738 789 776 ip-

94 801 165 823 sum
186 793 345 823 adscribat
361 798 425 820 non
440 797 504 818 suae
526 783 711 820 industriae,
733 783 790 813 sed

92 838 201 876 gratiae
211 838 243 868 et
257 834 486 866 misericordiae
498 828 727 871 praevenientis
741 836 788 866 se,

92 884 125 912 et
135 882 293 913 mittentis
308 882 348 912 ad
362 889 408 910 se.
421 880 498 909 Nam
510 875 667 916 quomodo
680 873 789 903 crede-

90 929 142 959 ret
159 928 231 958 sine
254 924 472 966 praedicante?
493 921 657 961 Quomodo
681 920 789 949 autem

91 974 305 1012 praedicarent
332 972 396 1003 nisi
420 968 630 1001 mitterentur
649 965 663 995 ἓ
693 964 790 994 Filios

93 1020 203 1050 matris
218 1028 283 1050 suae
291 1019 402 1049 contra
413 1026 447 1047 se
455 1021 613 1055 pugnasse
620 1010 788 1048 memorat,

93 1074 156 1096 non
170 1066 207 1096 ut
227 1066 327 1104 irata,
343 1064 401 1094 sed
420 1064 456 1093 ut
470 1069 533 1091 nou
548 1058 683 1097 ingrata.
698 1056 789 1086 Unde

94 1113 127 1141 et
149 1112 317 1150 sequitur:
333 1109 507 1141 Posuemmt
522 1115 568 1136 me
592 1103 744 1135 custodem
758 1103 790 1132 in

94 1159 197 1187 tineis.
213 1157 304 1194 Quod
317 1156 454 1186 verbum
468 1153 582 1190 utique
599 1150 626 1180 si
641 1148 791 1187 spiritua-

92 1203 168 1233 liter
183 1203 404 1238 examinetur,
418 1200 497 1238 puto
514 1198 561 1228 nil
577 1197 610 1227 in
631 1204 665 1226 se
681 1194 790 1233 queri-

92 1249 207 1278 moniae
233 1248 290 1278 aut
310 1246 452 1278 rancoris
475 1244 597 1274 habere
611 1240 788 1277 videbitur.

93 1294 149 1324 sed
163 1294 264 1332 magis
283 1291 460 1324 favorabile
481 1287 606 1326 aliquid
625 1285 788 1316 redolere.

92 1340 213 1370 Verum
229 1339 268 1369 ad
285 1339 319 1368 id
335 1336 586 1375 contingendum
604 1333 693 1372 prius
713 1338 789 1361 sane

93 1394 188 1424 quam
203 1393 334 1415 manum
349 1390 511 1422 apponere
531 1380 705 1410 audeamus
721 1378 790 1417 (lo-

96 1440 152 1462 cus
174 1432 260 1461 enim
280 1430 408 1461 sanctus
424 1428 490 1467 est)
504 1425 726 1457 conciliandus
741 1423 790 1453 est

92 1477 184 1506 nobis
199 1476 300 1506 solitis
314 1475 478 1514 precibus,
494 1473 529 1503 et
543 1472 590 1502 sie
605 1470 789 1501 consultan-

93 1522 153 1552 dus
165 1523 219 1552 ille
231 1521 381 1560 Spiritus,
396 1521 450 1559 qui
462 1519 625 1549 scrutatur
639 1517 702 1547 alta
711 1516 787 1553 Dei3

94 1568 149 1598 aut
172 1567 260 1598 certe
281 1567 472 1605 Unigenitus
495 1564 552 1604 qui
577 1564 626 1594 est
652 1563 688 1593 in
716 1562 788 1592 sinu

92 1612 205 1651 Patris,
224 1620 357 1651 sponsus
374 1611 525 1642 Ecclesiae
539 1610 632 1640 Jesus
645 1608 790 1638 Christus

92 1658 249 1688 Dominus
270 1658 398 1695 noster,
420 1658 475 1696 qui
491 1657 539 1686 est
560 1663 657 1693 super
681 1654 788 1684 omnia

92 1703 179 1735 Deus
192 1703 385 1734 benedictus
399 1704 432 1732 in
446 1702 576 1740 saecula,
591 1708 697 1731 amen.

394 1771 487 1779 .———-

282 1816 453 1849 SERMO
481 1815 605 1848 XXX.

95 1886 223 1918 Qualiter
235 1887 354 1918 populus
366 1886 494 1909 fidelium
508 1892 557 1909 seu
573 1885 676 1908 animae
691 1884 791 1908 electo—

125 1930 192 1946 rum
221 1930 270 1953 per
304 1923 394 1945 Vincas
421 1921 634 1951 significantur,
664 1926 788 1951 quarum

124 1959 242 1983 Ecclesia
266 1960 355 1982 custos
377 1957 483 1980 dicitur
504 1963 512 1982 ε
536 1958 563 1980 et
583 1955 617 1980 de
639 1956 790 1987 prudenfia

123 1995 228 2024 carnis,
241 2000 307 2025 quae
320 1996 357 2018 est
369 1999 454 2017 mors.

128 2057 158 2086 i.
187 2056 360 2086 Posuerunt
382 2063 430 2084 me
454 2053 605 2083 custodem
627 2055 660 2083 in
683 2055 788 2085 vineis.

93 2102 176 2140 Qui?
202 2101 304 2131 Tuine
336 2100 385 2129 illi
420 2099 674 2137 oppugnatores,
711 2108 790 2138 quos

94 2148 240 2186 proxime
263 2145 468 2176 memorasti?
481 2144 598 2174 Audite
618 2145 652 2175 et
667 2146 790 2175 intelli-

94 2194 159 2232 gite
170 2215 179 2230 ,
192 2193 219 2223 si
236 2200 301 2222 non
313 2200 347 2222 se
364 2192 404 2221 ab
420 2190 486 2220 illis
499 2189 578 2228 ipsis
593 2189 716 2220 fatetur
728 2190 789 2221 ista

93 2240 282 2277 promotam,
294 2247 313 2268 a
323 2238 440 2276 quibus
455 2238 489 2267 et
499 2245 634 2275 passam.
651 2237 714 2267 Nec
729 2237 790 2268 mi-

96 2292 168 2314 rum
183 2285 305 2321 tamen,
321 2283 480 2321 siquidem
492 2283 592 2313 suerit
607 2290 700 2313 causa
711 2292 789 2322 pug-

96 2328 195 2359 nandi
224 2328 361 2358 intentio
388 2328 580 2365 corrigendi.
608 2329 688 2358 Nam
717 2330 789 2368 quis

95 2373 220 2404 nesciat
239 2373 356 2403 multos
371 2372 584 2403 amicabiliter
598 2373 788 2413 utiliterque

97 2419 263 2449 multoties
293 2418 509 2456 oppugnatos?
541 2418 644 2455 Quam
670 2421 790 2452 multos

95 2464 243 2502 quotidie
258 2464 445 2503 experimur
458 2464 522 2503 piis
537 2463 790 2503 impugnationi-

96 2509 157 2539 bus
170 2509 377 2539 Praelatorum
397 2509 436 2538 ad
457 2509 592 2539 meliora
610 2509 765 2548 proficere
778 2534 788 2550 ,

96 2554 233 2592 provehi
258 2554 299 2584 ad
320 2554 454 2584 altiora?
471 2556 552 2593 Ergo
577 2555 660 2586 illud
682 2557 790 2594 potius

98 2600 354 2631 demonstremus
363 2622 373 2638 ‚
387 2600 415 2631 si
430 2607 597 2639 possumus
609 2623 619 2639 ‚
634 2603 790 2640 quemad-

99 2644 227 2677 modum
244 2644 397 2677 adversus
418 2646 592 2677 Ecclesiam
613 2648 788 2686 pugnatum

1460 233 1516 261 231

826 282 867 313 sit
880 291 898 313 a
912 282 988 312 filiis
1002 281 1114 312 matris
1129 290 1207 319 suae,
1219 282 1253 312 et
1267 282 1375 313 hostili
1392 285 1497 315 animo
1508 307 1519 323 ,

827 329 858 358 et
873 328 988 358 damno
1003 327 1089 357 utili.
1101 326 1137 356 ld
1149 327 1236 356 enim
1247 327 1432 366 jucundius,
1447 339 1520 359 cum

825 373 881 412 qui
906 381 1026 403 nocere
1048 371 1242 409 intendunt,
1262 373 1396 409 prosunt
1416 375 1450 403 et
1463 383 1520 404 no-

826 420 940 449 lentes.
966 418 1145 456 Utrumque
1173 424 1252 446 vero
1275 424 1404 446 sensum
1430 417 1521 448 tenet

824 465 971 503 superior
986 461 1214 501 interpretatio
1237 470 1246 491 τ
1270 461 1427 500 quoniam
1451 464 1522 500 qui-

825 510 898 540 dem
913 518 977 540 non
988 508 1174 546 defuerunt,
1188 507 1220 537 et
1234 508 1290 546 qui
1304 507 1402 544 bene,
1419 507 1451 536 et
1466 508 1521 545 qui

825 556 908 586 male
924 554 1156 586 aemularentur
1171 561 1255 590 eam,
1275 552 1402 582 diversa
1417 552 1524 581 inten-

825 601 912 631 tione
934 610 1005 639 pug1
1014 601 1132 638 lantes;
1158 599 1215 631 sed
1236 598 1367 637 utrique
1392 597 1524 636 profue-

824 647 909 676 runt.
930 647 968 676 In
991 646 1117 676 tantum
1133 645 1273 682 denique
1290 651 1324 674 se
1347 642 1523 682 profecisse

824 700 866 721 ex
880 692 920 722 iis
933 713 942 729 ‚
955 701 1028 730 quae
1043 691 1083 721 ab
1103 690 1231 721 aemulis
1254 697 1347 728 passa
1371 689 1440 727 est,
1455 689 1525 726 glo-

823 738 938 776 riatur,
954 739 991 768 ut
1005 746 1062 776 pro
1073 746 1137 768 una
1150 738 1257 775 vinea,
1269 744 1366 775 quam
1377 734 1440 764 sibi
1455 735 1524 765 abs-

823 784 934 814 tulisse
953 784 1016 815 visi
1036 785 1132 821 sunt,
1148 790 1246 820 super
1259 781 1378 812 multas
1399 789 1433 810 se
1448 788 1525 819 gau-

823 829 898 860 deat
919 830 1142 860 constitutam.
1175 829 1244 858 Hoc
1268 826 1368 864 mihi,
1397 826 1523 864 inquit,

823 876 1003 912 praestitere
1018 874 1191 913 pugnando
1206 873 1318 903 contra
1332 880 1385 903 me
1398 872 1431 901 et
1446 880 1524 902 con-

823 920 871 948 tra
882 920 1012 950 vineam
1026 927 1150 958 meam,
1165 919 1222 957 qui
1241 918 1353 948 dicunt
1366 939 1376 955 ,
1398 918 1524 947 Exina-

823 965 901 1001 nite,
912 965 1070 994 exinanite
1086 973 1180 1002 usque
1191 965 1231 993 ad
1242 963 1476 1001 fundamentum
1491 963 1523 992 in

823 1019 871 1047 ea,
883 1009 920 1039 ut
934 1017 1032 1039 unam
1044 1009 1193 1047 pluribus
1207 1007 1443 1038 commutarim.
1456 1008 1523 1038 Hoc

823 1055 943 1093 quippe
958 1055 1106 1094 estquod
1129 1054 1250 1092 infert,
1267 1055 1398 1085 Vineam
1421 1061 1523 1083 meam

823 1109 884 1130 non
894 1102 1040 1132 custodivi
1050 1111 1060 1131 .·
1075 1103 1241 1138 tamquam
1252 1107 1381 1129 causam
1389 1098 1524 1135 subjun-

823 1154 901 1183 gens
914 1146 1000 1177 unde
1016 1147 1077 1177 hoc
1092 1146 1141 1176 illi
1158 1145 1345 1183 contigerit,
1360 1144 1472 1174 utnon
1488 1144 1522 1174 in

823 1199 886 1220 uua
899 1191 984 1229 jam,
1000 1192 1057 1222 sed
1072 1192 1106 1221 in
1121 1191 1270 1229 pluribus
1291 1190 1398 1220 custos
1418 1189 1523 1228 posita

823 1236 875 1266 sit.
892 1236 929 1266 Et
944 1237 1053 1268 littera
1067 1237 1199 1275 quidem
1215 1236 1261 1266 sic
1277 1237 1337 1266 est.

861 1283 892 1312 2.
907 1282 970 1313 Sed
992 1284 1019 1313 si
1041 1291 1113 1312 eam
1127 1281 1320 1320 simpliciter
1333 1278 1499 1318 sequimur
1512 1300 1522 1317 ‚

823 1328 966 1358 contenti
982 1336 1020 1358 eo
1036 1328 1102 1358 solo
1123 1327 1208 1366 quod
1223 1334 1337 1357 sonare
1355 1325 1390 1355 in
1405 1332 1522 1362 super-

823 1374 895 1404 ficie
911 1374 967 1404 illa
977 1375 1121 1411 videtur,
1139 1372 1326 1411 putabimus
1339 1379 1397 1401 nos
1412 1372 1521 1408 legere

822 1419 854 1448 in
870 1419 1034 1457 Scriptura
1051 1420 1160 1449 sancta
1175 1419 1214 1448 de
1227 1417 1277 1447 his
1289 1417 1395 1446 vineis
1411 1423 1523 1453 corpo—

821 1464 885 1494 reis
897 1465 930 1494 et
940 1465 1092 1502 terrenis,
1105 1472 1184 1502 quas
1196 1462 1343 1501 quotidie
1358 1461 1522 1491 cernimus

821 1509 861 1538 de
875 1518 948 1540 rore
962 1511 1034 1540 coeli
1048 1511 1081 1540 et
1096 1510 1135 1539 de
1147 1508 1347 1548 pinguedine
1361 1508 1456 1537 terrae
1468 1514 1522 1536 ac-

822 1556 944 1594 cipere,
959 1556 1045 1586 unde
1059 1554 1333 1590 funduntvinum,
1348 1553 1383 1582 in
1395 1559 1458 1590 quo
1473 1552 1522 1581 est

822 1601 951 1631 luxuria
967 1610 975 1631 τ
994 1603 1027 1632 et
1042 1601 1088 1632 sic
1105 1601 1188 1631 nihil
1212 1607 1278 1629 non
1299 1599 1372 1628 dico
1390 1596 1519 1627 Domini

821 1655 943 1684 sponsae
961 1647 1109 1686 dignum,
1125 1646 1182 1676 sed
1196 1653 1258 1675 nec
1269 1644 1374 1674 cuivis
1388 1644 1522 1673 caetera-

823 1700 893 1722 rum
909 1700 1084 1730 congruum
1100 1692 1155 1730 qui
1168 1691 1207 1720 de
1219 1692 1285 1721 tam
1298 1689 1409 1720 sancta
1424 1689 1458 1717 et
1471 1687 1522 1717 di-

822 1738 898 1767 vina
910 1738 1074 1776 Scriptura
1085 1737 1230 1767 attulisse
1239 1735 1436 1766 videbimur.
1444 1734 1522 1770 Quae

823 1783 911 1813 enim
926 1782 1154 1813 convenientia
1169 1781 1291 1820 sponsis
1316 1781 1351 1810 et
1369 1778 1523 1809 custodiae

824 1829 1011 1859 vinearum?
1023 1829 1085 1859 Sed
1099 1828 1170 1859 etsi
1186 1826 1359 1857 convenire
1375 1825 1521 1863 putetur,

822 1874 908 1903 unde
924 1874 1109 1903 docebimus
1119 1894 1128 1910 ‚
1151 1872 1250 1901 fuisse
1272 1869 1442 1908 aliquando
1466 1870 1523 1899 Ec—

823 1918 953 1949 clesiam
982 1917 1163 1949 istiusmodi
1184 1916 1372 1954 deputatam
1394 1913 1522 1944 officio?

821 1964 983 2002 Numquid
995 1965 1034 1994 de
1046 1963 1152 1993 vineis
1165 1970 1241 1993 cura
1254 1962 1304 1992 est
1318 1960 1405 1990 Deo?
1421 1960 1453 1989 Si
1465 1968 1522 1990 au-

823 2011 888 2040 tem
906 2009 1067 2048 spirituali
1080 2017 1176 2039 sensu
1189 2008 1301 2039 vineas
1313 2006 1477 2044 ecclesias,
1486 2006 1520 2035 id

823 2057 871 2086 est
883 2055 994 2086 fideles
1008 2055 1263 2093 interpretamur
1276 2053 1422 2091 populos,
1429 2052 1523 2089 Juxta

822 2102 989 2140 Prophetae
1003 2109 1132 2131 sensum
1153 2100 1311 2136 dicentis,
1336 2100 1435 2130 Vinea
1455 2099 1523 2128 Do-

823 2149 899 2178 mini
911 2147 1042 2178 sabaoth
1060 2148 1166 2177 ‹lonms
1180 2146 1278 2177 Israel
1297 2146 1339 2176 est
1355 2154 1365 2174 .·
1382 2143 1521 2181 incipiet

823 2192 963 2222 fortassis
975 2193 1103 2223 elucere
1112 2192 1217 2229 nobis,
1229 2190 1388 2229 quomodo
1395 2197 1520 2228 sponsae

822 2238 957 2268 minime
973 2237 1142 2276 indignum
1156 2236 1200 2267 sit
1211 2236 1284 2267 fieri
1300 2235 1470 2266 custodem
1484 2233 1520 2264 in

822 2283 940 2314 vineis.

861 2331 892 2360 5.
904 2329 983 2360 Puto
998 2328 1084 2368 quod
1100 2329 1133 2359 et
1144 2336 1209 2358 non
1223 2334 1325 2366 parva
1341 2327 1476 2364 insuper
1487 2324 1521 2355 et

822 2376 856 2405 in
870 2376 931 2405 hoc
955 2375 1024 2414 ipso
1049 2374 1218 2413 apparebit
1239 2372 1471 2411 praerogativa,
1493 2370 1520 2400 si

822 2421 894 2459 quis
906 2420 1097 2459 diligentius
1109 2420 1203 2450 curet
1217 2419 1401 2454 advertere,
1416 2423 1520 2454 quan—

822 2467 891 2496 tum
911 2467 1033 2505 ubique
1057 2474 1118 2505 per
1139 2465 1248 2496 orbem
1278 2464 1311 2494 in
1334 2459 1519 2500 huJusmodi

823 2513 935 2543 vineas
954 2512 1140 2543 dilataverit
1158 2511 1313 2542 terminos
1333 2516 1406 2538 suos
1427 2514 1443 2535 a
1465 2505 1518 2535 dic

823 2559 891 2597 illa,
906 2567 969 2598 qua
982 2557 1191 2596 Jerosolymis
1206 2564 1224 2586 a
1238 2555 1314 2585 siliis
1325 2552 1436 2584 matris
1451 2558 1518 2580 suae

823 2604 1007 2642 expugnata
1024 2603 1074 2633 est
1095 2602 1129 2633 et
1149 2600 1340 2635 exturbata,
1356 2604 1420 2626 una
1443 2603 1518 2625 cum

822 2650 924 2688 priina
937 2649 990 2678 illa
1004 2656 1060 2679 sua
1071 2646 1199 2678 novella
1208 2642 1404 2684 plantatione
1415 2650 1423 2685 3
1436 2649 1466 2671 m
1472 2649 1487 2671 u
1494 2641 1520 2670 lo.
