1830 3073
446 229 501 258 DE
523 226 731 256 DIVERSIS
756 224 905 252 SERMO
926 225 1104 253 LXXVII.

1446 226 1503 254 413

75 285 377 329 partoscorporis‚in
393 284 511 323 quibus
523 280 771 321 singulismaxi-
805 277 871 316 dis,
887 286 984 316 quam
1002 278 1059 307 vix
1074 277 1176 306 multo
1190 277 1337 316 tempore
1355 280 1411 309 alii
1428 290 1504 310 con„

76 344 128 365 me
144 334 255 372 vigent
278 331 403 368 singula
431 330 606 359 elementa.
631 328 710 356 Nam
736 325 770 354 in
804 324 1004 362 sequuntur:
1032 323 1090 353 sed
1113 322 1199 352 unde
1220 323 1302 360 scis,
1323 325 1408 361 quod
1429 328 1503 355 lun:-

77 381 178 411 oculis
193 380 239 408 est
250 377 354 416 ignis:
372 375 406 405 in
427 375 535 413 lingua
546 396 555 411 ,
571 383 643 412 quae
658 379 770 402 vocem

76 424 206 462 format,
221 431 296 453 aer:
315 422 350 451 in
365 421 533 457 manibus,
547 426 682 458 quarum
696 425 772 456 pro-

75 471 144 509 prie
158 469 259 498 tactus
281 468 348 505 est,
364 467 450 496 terra
464 476 471 495 ε
496 466 531 495 in
547 463 701 495 membris
716 470 771 501 ge-

74 514 237 551 uitalibus,
254 521 346 551 aqua.
361 513 423 541 llas
438 510 689 550 qnatuorpartes
701 516 771 537 cor-

73 559 191 597 rumpit
206 560 262 589 illa
277 557 511 596 quadripertita
523 555 640 594 pestis:
661 554 771 584 oculos

71 606 197 635 scilicet
211 605 392 641 curiositas,
417 604 561 640 linguam
576 599 769 638 loquacitas,

70 659 185 681 manus
193 650 376 686 crudelitas,
385 643 540 687 genitalia
548 645 708 683 voluptas.
719 644 770 674 Sic

71 695 153 726 liunt
168 696 315 726 homines
332 694 469 731 corrupti
489 694 518 722 et
538 691 769 727 abominabiles,

71 743 211 780 corrupti
225 742 258 771 in
274 741 391 776 anima,
408 737 643 768 abominabiles
655 737 690 766 in
701 745 771 767 cor-

70 795 148 824 pore
159 795 168 824 ;
181 785 323 823 corrupti
335 793 440 814 coram
449 784 528 821 Deo,
537 782 771 813 abominabiles

71 840 176 861 coram
192 831 387 861 hominibus.
403 832 473 860 Non
488 832 530 860 cst
546 831 599 868 qui
612 830 708 867 faciat
721 829 771 858 bo-

69 887 163 914 num,
178 886 241 907 non
264 879 413 915 estusque
435 877 474 906 ad
495 884 604 905 mium.
627 875 772 912 Quatuor

69 931 187 962 genera
201 923 276 953 sunt
286 922 463 960 hominum,
473 929 609 960 quorum
626 920 770 951 omnium

69 970 193 998 nullum
219 969 267 999 est
296 968 381 1007 quod
410 967 509 997 faeiat
540 967 661 997 bonum
673 989 681 1004 ,
706 968 769 997 nisi

69 1022 181 1043 unum.
199 1014 336 1051 Quidam
362 1013 450 1043 enim
473 1013 561 1049 sunt,
589 1012 642 1050 qui
666 1013 770 1042 Deum

68 1067 129 1089 nec
155 1059 360 1098 intelligunt,
380 1067 441 1089 nec
468 1058 661 1096 requirunt3
679 1059 711 1088 et
736 1058 769 1087 hi

69 1105 188 1133 mortui
211 1105 297 1134 sunt.
325 1104 387 1134 Alii
413 1104 604 1141 intelligunt
618 1104 770 1142 quidem,

69 1149 127 1178 sed
146 1159 209 1179 non
231 1151 419 1188 requirunt3
441 1149 475 1179 ct
503 1149 538 1178 hi
564 1149 657 1187 impii
684 1151 769 1180 sunt.

70 1195 131 1224 Alii
147 1196 317 1233 requirnnt
328 1217 336 1233 ,
353 1203 418 1224 non
437 1195 546 1224 autem
562 1195 768 1234 intelligunt3

70 1240 152 1269 ethi
168 1240 248 1270 fatui
262 1241 348 1270 sunt.
359 1240 505 1270 Aliivero
522 1241 555 1269 et
570 1240 770 1279 intelligunt,

70 1287 104 1315 et
119 1286 304 1325 requirunt3
319 1286 351 1316 et
374 1285 520 1315 bisancii
534 1286 627 1323 sunt3
643 1286 682 1315 de
698 1286 771 1325 qui-

71 1330 129 1361 bus
144 1332 218 1361 solis
233 1331 297 1361 dici
312 1331 432 1369 potest,
452 1331 528 1370 quia
544 1331 607 1369 ipsi
623 1332 698 1362 sunt
714 1333 769 1370 qui

70 1375 192 1407 faciunt
207 1377 340 1407 bonum.

365 1439 461 1446 —-

244 1483 412 1516 SERMO
435 1483 589 1515 LXXV.

109 1561 316 1599 Multiplicalae
337 1563 407 1591 sunt
431 1561 624 1598 infirmitates
650 1569 769 1597 corum,

66 1609 172 1646 postca
208 1608 463 1637 acceleraverunt.
499 1606 584 1643 Quid
620 1606 771 1636 dissimu—

71 1653 137 1682 lant
164 1652 313 1682 homines
341 1653 374 1682 in
400 1653 467 1682 vita
496 1660 554 1682 sua
583 1660 677 1690 agere
703 1661 770 1690 poe-

69 1698 259 1736 nitentiam,
277 1699 310 1728 et
334 1699 479 1728 extrema
506 1698 545 1727 de
569 1698 769 1728 confessione

68 1744 292 1781 praesumunt?
307 1744 472 1780 Quomodo
493 1743 552 1773 sub
571 1743 667 1772 unius
683 1743 769 1773 horae

69 1789 203 1818 articulo
222 1790 367 1819 revocari
382 1797 475 1827 posse
491 1789 650 1818 aestimant
663 1789 769 1818 omnia

70 1835 184 1863 animae
199 1835 343 1864 membra
355 1856 364 1871 ‚
388 1834 481 1871 cujus
497 1834 769 1872 concupiscentiae

68 1881 102 1910 ct
117 1880 277 1909 desideria
293 1888 352 1917 pcr
368 1881 470 1910 totum
486 1879 645 1909 mundum
662 1887 768 1916 sparsa

67 1926 158 1964 sunt,
172 1927 205 1956 et
220 1926 339 1964 ubique
356 1927 515 1955 terrarum
529 1927 618 1955 velut
632 1927 768 1963 quodam

67 1971 154 2002 visco
167 1971 339 2002 tenentur?
350 1972 418 2001 Non
431 1972 502 2001 (lico
514 1993 522 2008 ,
539 1971 766 2011 aitDominns,

67 2017 145 2056 quin
166 2017 199 2047 et
220 2018 334 2048 talium
351 2018 472 2047 salvem
495 2017 638 2055 aliquos:
655 2018 768 2055 potens

67 2071 137 2092 sum
152 2064 238 2093 enim
255 2064 287 2092 in
296 2063 458 2093 momento
470 2063 578 2091 omnia
594 2070 765 2093 revocare:

67 2108 196 2138 sednon
219 2109 407 2147 consp-cyabo
429 2109 636 2138 conventicula
661 2118 767 2138 eorum

67 2156 101 2184 de
111 2155 321 2193 sanquinibus,
349 2154 383 2183 id
405 2155 466 2191 est,
488 2153 543 2192 qui
561 2154 594 2183 in
610 2155 766 2193 sanguine

68 2201 292 2238 perseverant,
309 2200 411 2229 donec
430 2199 656 2238 multiplicatis
676 2200 767 2230 infir-

67 2246 233 2275 mitatibus
248 2246 437 2276 deserantur
456 2253 474 2274 a
492 2245 655 2283 peccatis,
672 2246 767 2276 ante-

67 2300 162 2329 quam
184 2292 336 2321 deserant
356 2299 406 2321 ea.
428 2292 497 2321 Non
515 2299 632 2329 magna
652 2292 766 2322 talium

67 2337 293 2367 conventicula
308 2338 521 2376 congregabo.
541 2337 574 2366 Si
592 2337 677 2367 bene
697 2347 767 2368 me—

66 2383 167 2419 mini,
198 2383 230 2411 in
272 2384 339 2412 toto
381 2392 503 2413 canone
529 2383 766 2421 Scripturarum

67 2437 165 2458 unum
181 2429 351 2457 Latronem
368 2428 517 2459 invenies
531 2429 577 2459 sic
595 2429 765 2460 salvatum.

66 2474 135 2504 Noli
152 2482 226 2511 ergo
241 2473 318 2502 huic
336 2474 400 2503 tam
424 2474 613 2512 periculosae
634 2483 767 2513 exspec-

66 2519 178 2549 tationi
192 2519 324 2549 credere
339 2520 559 2558 temetipsum.
583 2521 621 2550 Et
635 2521 767 2558 quidem

68 2565 199 2601 spiritus
213 2573 277 2594 non
293 2564 385 2594 modo
394 2565 450 2594 ubi
466 2566 549 2602 vult,
566 2565 622 2595 sed
637 2567 766 2603 quando

67 2609 151 2647 vult,
165 2610 281 2647 spii-2113
296 2618 357 2640 nce
380 2610 410 2639 ei
427 2609 560 2640 difficile
576 2611 625 2641 est
649 2611 688 2640 de
714 2620 766 2641 sn-

70 2654 136 2685 bito
150 2655 322 2694 perfectam
348 2655 424 2686 (lare
446 2655 675 2687 contritionem
695 2665 768 2687 cor-

201 2714 225 2728 -J,

804 368 863 397 tibi
880 368 924 398 ita
940 368 1116 398 subvenire
1132 368 1233 405 velit,
1248 376 1346 406 quem
1364 369 1400 398 tu
1423 370 1505 400 inu·-

803 414 865 443 rim
888 414 933 443 sic
952 413 1111 452 repellis?
1126 413 1288 451 Benignus
1308 413 1439 451 quidem
1459 419 1507 445 cst

803 460 937 498 spiritus
953 460 1122 498 sapientiae
1139 468 1148 488 ε
1175 459 1233 489 sed
1260 467 1325 488 non
1355 459 1508 489 liberabit

803 504 1013 534 maledictum
1025 512 1044 533 a
1058 504 1153 534 labiis
1165 503 1243 534 suis.
1263 503 1346 533 Audi
1361 504 1435 542 quis
1450 503 1506 532 ille

803 549 845 580 sit
854 558 866 578 v2
882 551 1060 580 Maledictus
1072 550 1126 588 qm·
1132 551 1237 588 peccat
1250 551 1283 580 in
1293 559 1355 588 spe.

960 672 1130 706 SERMO
1166 673 1343 706 LXXVI.

843 750 1023 780 Praevenz'sli
1036 758 1104 779 eum
1122 750 1152 780 in
1174 749 1428 780 benedictionibus
1441 749 1510 778 dul—

802 796 924 825 cedinis.
936 796 1069 834 Triplex
1079 795 1172 826 nobis
1187 795 1370 825 necessaria
1385 796 1435 825 est
1451 795 1510 824 bv—

803 841 957 879 nedictio,
972 841 1189 880 praeveniens,
1202 841 1358 878 adjuvans
1367 863 1375 878 ,
1388 841 1421 870 et
1433 849 1511 870 con—-

802 895 978 917 summans.
992 888 1098 916 Prima
1112 887 1355 925 misericordiae,
1365 886 1509 917 secunda

787 933 912 971 ¹gratiae
923 955 932 971 ,
948 933 1046 963 tertia
1062 933 1184 971 gloriae.
1201 933 1364 963 Praevenit
1379 933 1508 962 miseri-

803 979 913 1009 cordia
947 979 1213 1017 conversionem,
1240 979 1373 1016 adjuvat
1407 979 1507 1016 gratia

803 1025 1092 1063 conversationem,
1105 1025 1234 1063 perficit
1246 1025 1346 1063 gloria
1361 1033 1511 1054 consum⁶

804 1071 993 1101 mationem.
1016 1071 1083 1101 Nisi
1108 1071 1227 1100 trinam
1250 1071 1333 1100 hanc
1354 1070 1510 1100 benedie-

804 1116 925 1146 tionem
941 1117 1071 1147 dederit
1086 1118 1190 1154 Deus,
1209 1125 1275 1146 non
1296 1116 1418 1154 poterit
1431 1115 1509 1145 darn.

804 1162 889 1192 terra
922 1164 1029 1193 nostra
1064 1163 1206 1192 fructum
1235 1163 1361 1192 salutis.
1396 1163 1508 1200 Neque.

803 1207 890 1236 enim
906 1209 962 1237 aut
977 1208 1129 1237 inchoare
1151 1208 1286 1245 bonum,
1303 1207 1404 1237 donec
1417 1215 1434 1236 a
1448 1207 1509 1235 mi-

802 1253 976 1282 sericordia
991 1254 1250 1291 praeveniamurg
1267 1254 1322 1282 aut
1337 1261 1432 1290 agere
1451 1253 1509 1281 bo*

803 1306 901 1336 num,
928 1299 1031 1329 donec
1054 1299 1246 1336 adjuvemur
1271 1307 1289 1328 a
1310 1298 1430 1336 gratia3
1455 1301 1509 1327 aut

803 1344 1020 1374 consummari
1036 1344 1071 1373 in
1097 1345 1180 1374 hono
1195 1352 1385 1383 possumus,
1407 1343 1509 1373 donec

802 1391 903 1428 gloria
918 1392 1116 1430 repleamur.
1133 1392 1253 1421 Verum
1270 1390 1304 1420 in
1325 1390 1378 1419 liis
1403 1390 1509 1420 tribus

803 1445 866 1466 non
882 1437 1046 1467 immerito
1063 1436 1189 1466 dulcius
1201 1436 1285 1475 sapit
1300 1444 1429 1474 ea,quae
1444 1444 1509 1465 non

803 1483 897 1512 inodo
910 1483 1109 1520 immeritos,
1134 1483 1193 1513 sed
1217 1483 1251 1512 et
1274 1483 1359 1512 male
1378 1482 1509 1511 meritos·

803 1529 987 1566 praevenit:
1014 1530 1051 1558 ut
1075 1528 1153 1558 dum
1184 1528 1290 1558 adhuc
1316 1528 1377 1557 filii
1398 1536 1510 1557 sumus

804 1575 871 1613 irin,
887 1574 920 1604 et
931 1583 1103 1613 operamur
1117 1582 1215 1612 opera
1230 1574 1360 1611 mortis,
1377 1574 1445 1612 ipse
1458 1582 1509 1603 co-

803 1621 883 1658 gitet
895 1629 993 1658 super
1006 1629 1063 1650 nos
1079 1620 1291 1658 cogitationes
1306 1620 1406 1657 pacis,
1422 1620 1453 1649 et
1468 1628 1508 1648 ne.

803 1667 989 1704 petentibus
1001 1666 1153 1704 quidem,
1170 1666 1270 1695 inuno
1294 1666 1328 1695 et
1348 1665 1510 1703 impotem

803 1712 889 1742 tibus
900 1721 909 1750 3
921 1721 986 1742 non
1002 1712 1241 1748 invocantibus,
1254 1711 1310 1740 sed
1328 1719 1509 1749 provocan-

803 1758 908 1795 tibus3
924 1766 991 1787 non
1013 1757 1318 1795 interpellantibus,
1334 1757 1391 1786 sed
1408 1757 1506 1786 etiam

803 1804 1051 1841 repellentibus,
1069 1802 1219 1840 spiritum
1244 1802 1364 1831 bonum
1377 1823 1385 1838 ,
1411 1801 1508 1839 spiri-

804 1850 873 1878 tuni
889 1849 983 1886 vitae,
1007 1848 1190 1886 adoptionis
1215 1847 1365 1885 spiritum
1392 1847 1510 1885 largia-

803 1896 865 1924 tur.
880 1895 965 1932 Quid
986 1895 1034 1924 illi
1056 1893 1172 1923 animae
1196 1893 1291 1923 dulce
1313 1893 1433 1931 sapiat,
1456 1894 1510 1922 cui

803 1941 1024 1971 misericordia
1045 1941 1135 1970 tanta
1161 1947 1226 1969 nen
1252 1939 1335 1976 sapit
1357 1939 1368 1968 ἓ
1395 1939 1509 1968 Merito

802 1987 938 2025 proinde
958 1986 1146 2016 benedictio
1161 1985 1344 2015 dulcedinis
1358 1986 1509 2014 nomina-

803 2034 854 2062 tur
863 2041 898 2062 ea
908 2041 980 2070 qnae
992 2031 1171 2070 praevenit3
1187 2031 1263 2069 quia
1275 2039 1347 2068 qnae
1363 2031 1508 2068 adjuvat,

801 2078 1021 2116 fortitudini53
1038 2086 1109 2116 quae
1133 2078 1348 2114 consummat,
1364 2077 1509 2115 plenitu-

801 2125 886 2155 dinis
901 2124 960 2155 est.

953 2215 1126 2249 SERMO
1155 2215 1354 2249 LXXVII.

840 2292 976 2332 Populus
1004 2301 1094 2331 quem
1127 2301 1191 2322 non
1216 2293 1356 2331 coqnovi,
1390 2293 1510 2324 servis-it

799 2339 887 2368 mim.
902 2340 969 2368 Non
985 2338 1069 2368 esset
1085 2346 1207 2375 magnae
1220 2338 1443 2368 admirationis
1454 2361 1463 2375 ,
1480 2338 1509 2367 si

801 2385 938 2421 populus
964 2392 982 2414 a
1004 2385 1072 2414 Deo
1099 2384 1247 2422 cognitus
1275 2385 1414 2414 serviret
1445 2384 1507 2413 illi.

801 2430 878 2458 Cum
894 2438 969 2460 vero
992 2430 1176 2468 incognitus
1198 2430 1247 2459 illi
1271 2431 1408 2467 serviat,
1426 2430 1458 2459 et
1475 2429 1509 2457 in

801 2476 915 2505 auditu
932 2476 1019 2506 auris
1034 2476 1186 2513 obediat,
1205 2485 1328 2514 magnae
1344 2476 1433 2505 laudi
1449 2475 1508 2503 ad-

801 2521 1009 2551 scribendum
1022 2522 1081 2552 est.
1096 2523 1143 2550 Ex
1154 2522 1214 2552 hoc
1228 2530 1346 2559 genere
1363 2520 1508 2557 cognito—

801 2575 871 2597 rum
888 2568 920 2597 et
935 2575 997 2597 non
1013 2567 1216 2606 cognitorum
1227 2588 1235 2603 ,
1259 2567 1292 2595 et
1312 2572 1508 2602 cognoscen-

800 2612 894 2650 tium,
910 2614 942 2642 et
955 2621 1020 2642 non
1036 2612 1312 2650 cognoscentium,
1335 2609 1411 2639 sunt
1426 2617 1506 2646 qua—

801 2657 873 2687 tuor
898 2658 1100 2689 diii'erentiae.
1138 2657 1276 2695 Quidam
1314 2655 1402 2685 enim
1431 2654 1507 2684 sunt

1260 2703 1277 2729 8
