1810 3073
277 246 336 276 228

273 301 339 340 git,
364 309 426 331 nee
444 301 622 332 Ecclesiam
646 301 730 339 Dei,
752 301 806 331 cui
826 300 969 331 dicitur:

272 347 358 377 flecti
370 347 499 386 diligunt
514 346 561 377 te?
584 347 618 377 Si
633 355 708 385 ergo
723 354 784 376 nec
808 346 888 375 fides
902 345 971 375 sine

273 392 426 430 operibus
447 400 509 422 nec
524 400 622 431 opera
643 393 715 422 sine
731 391 794 421 fide
808 390 972 420 sufficiunt

271 437 312 467 ad
321 438 422 468 animi
433 438 663 469 rectitudinem
673 446 680 467 :
689 445 746 469 nos
757 438 857 476 quiin
865 437 973 466 Chris-

271 483 342 513 tum
363 483 540 521 credimus,
563 483 695 521 fratres,
714 484 819 513 rectas
840 482 972 512 studea·

273 536 344 558 mus
357 528 463 558 facere
475 529 544 558 vias
554 529 679 558 nostras
689 529 722 558 et
735 528 842 558 studia
852 528 970 557 nostra.

272 574 431 604 Levemus
447 574 542 604 corda
557 575 664 603 nostra
681 582 753 604 cum
765 574 914 604 manibus
933 573 973 603 ad

271 620 397 658 Deum,
419 620 457 650 ut
474 620 534 650 toti
550 619 632 649 recti
653 620 876 658 inveniamur,
896 619 970 649 fidei

269 666 386 695 nostrae
397 665 632 695 rectitudinem
640 665 738 695 rectis
746 665 872 695 actibus
885 674 973 695 com-

269 711 442 749 probantes
452 732 461 748 ,
474 711 646 741 dilectores
658 719 781 749 sponsae
794 733 803 749 ,
828 711 941 740 dilecti
954 719 971 740 a

269 764 383 793 sponso
396 756 471 786 Jesu
483 756 606 786 Christo
619 756 757 786 Domino
772 757 880 786 nostro
889 778 898 794 ,
915 756 970 794 qui

273 802 322 831 est
344 802 431 833 Deus
449 801 640 832 benedictus
659 802 693 831 in
709 803 839 840 saccula,
860 810 968 832 amen.

573 869 656 876 —

466 908 635 940 SERMO
662 909 784 940 XXV.

279 977 318 1001 De
336 976 484 1008 nigredine
503 978 529 1000 et
547 976 719 1000 formositate
739 982 858 1007 sponsae,
875 975 904 1000 id
923 978 960 1001 est

552 1012 690 1036 Ecclesiae.

311 1067 341 1096 l.
366 1067 454 1096 Ecce
473 1064 558 1103 quod
577 1064 725 1094 dixeram
744 1063 780 1093 in
800 1071 970 1101 sermone,

273 1112 351 1152 quia
372 1111 498 1142 aemulis
526 1110 760 1140 lacessentibus
784 1117 900 1147 sponsa
921 1118 972 1139 re-

271 1158 431 1197 spondere
447 1156 590 1194 cogatur,
607 1163 679 1193 quae
692 1162 826 1192 corpore
838 1154 970 1192 quidem

271 1204 312 1234 de
335 1211 471 1233 numero
493 1201 807 1231 adolescentularum
827 1208 898 1230 esse
921 1200 971 1229 vi—

268 1250 409 1286 dentur,
426 1248 532 1277 animo
554 1249 665 1277 autem
687 1247 782 1284 longe
807 1246 892 1276 sunt.
920 1246 970 1275 Ait

267 1305 406 1335 nempe,
427 1298 527 1334 Nz'qra
546 1304 633 1331 sum,
655 1296 705 1325 scd
725 1295 880 1333 formosa,
900 1295 970 1332 filioe

269 1344 452 1374 Jerusalem.
475 1342 565 1371 Patet
581 1341 666 1379 quod
687 1341 897 1370 detraherent
919 1341 969 1378 ei,

268 1389 470 1427 nigredinem
482 1388 749 1425 improperantes.
761 1387 824 1416 Sed
836 1387 969 1416 adverte

269 1443 393 1473 spousae
429 1433 623 1472 patientiam
651 1440 688 1461 ac
721 1432 968 1470 benignitatem.

269 1485 338 1513 Non
361 1483 456 1512 modo
473 1482 561 1511 enim
575 1489 640 1511 non
655 1481 799 1510 reddidit
815 1482 970 1511 maledic-

267 1528 337 1558 tum
353 1536 412 1567 pro
430 1526 621 1564 maledictO,
638 1526 695 1555 sed
711 1526 845 1564 insuper
867 1526 969 1556 bene-

270 1572 375 1610 dixit,
389 1573 468 1609 filias
482 1571 652 1602 Jerusalem
665 1578 800 1608 vocans,
816 1579 886 1608 quae
901 1579 969 1600 lua-

268 1618 316 1654 gis
327 1626 384 1655 pro
399 1626 456 1647 sua
471 1615 618 1654 nequltia
635 1615 708 1644 filiae
721 1616 903 1653 Babylonis,
916 1617 967 1646 vel

267 1662 341 1691 filiae
357 1662 431 1691 Baal
441 1683 450 1699 ,
464 1662 519 1690 aut
534 1661 561 1690 si
572 1659 656 1698 quod
672 1659 761 1689 aliud
776 1668 893 1690 nomen
910 1661 970 1690 iin-

268 1707 411 1745 properii
427 1706 640 1742 occurrisset,
662 1706 821 1742 appellari
843 1714 969 1742 merue-

268 1754 352 1783 rant.
366 1752 448 1782 Sane
464 1752 624 1782 didicerat
641 1761 658 1782 a
675 1752 833 1790 Propheta
845 1774 853 1790 ,
870 1754 968 1784 immo

268 1799 308 1828 ab
322 1799 392 1837 ipsa
404 1799 556 1829 unctione
572 1807 643 1837 quae
656 1798 749 1829 docet
762 1799 967 1838 suavitatem,

267 1845 425 1874 calamum
441 1846 627 1882 quassatum
644 1852 707 1873 non
724 1844 966 1884 conterendum,

268 1890 301 1919 et
316 1890 419 1919 linum
432 1889 593 1928 fumigans
605 1898 668 1919 non
681 1891 966 1928 exstinguendum.

267 1935 443 1974 Propterea
458 1943 521 1965 non
537 1936 665 1974 putavit
681 1936 819 1974 amplius
841 1936 970 1967 irritan-

268 1980 324 2010 das
346 1980 423 2010 satis
440 1981 613 2010 commotas
633 1988 692 2018 per
716 1988 750 2009 se
764 2001 773 2017 ,
795 1988 855 2009 nec
877 1981 969 2019 quic-

268 2034 366 2064 quam
381 2025 564 2055 addendum
577 2024 718 2055 stimulis
733 2025 869 2055 invidiae
880 2048 889 2063 ,
906 2035 967 2064 qua

267 2071 514 2109 torquebantur.
531 2071 627 2109 Magis
639 2071 747 2100 autem
762 2079 836 2100 cum
851 2071 901 2102 his
913 2073 968 2110 qui

268 2117 405 2146 oderunt
420 2125 535 2154 pacem
549 2138 558 2154 ,
575 2116 703 2146 studuit
723 2124 792 2145 esse
813 2117 945 2154 pacifica
959 2139 967 2155 ,

269 2162 374 2192 sciens
399 2171 432 2191 se
454 2163 551 2192 etiam
576 2162 806 2200 insipientibus
833 2162 970 2192 debitri-

268 2215 350 2237 cem.
377 2208 489 2237 Maluit
512 2215 587 2244 ergo
609 2208 695 2245 ipsas
718 2206 889 2236 favorabili
912 2208 967 2237 de-

267 2253 410 2282 mulcere
432 2253 590 2282 vocabulo
605 2274 613 2289 ,
634 2253 710 2290 quia
736 2260 820 2282 curae
850 2252 912 2281 fuit
938 2253 966 2282 ei

267 2297 467 2328 infirmarum
484 2298 592 2335 potius
607 2306 739 2335 operam
754 2297 831 2328 dare
847 2298 966 2337 saluti,

267 2351 364 2382 quam
382 2343 518 2381 propriae
533 2343 663 2372 ultioni.

308 2389 339 2418 2.
357 2388 516 2418 Omnibus
531 2388 663 2426 quidem
678 2387 817 2426 optanda
834 2388 882 2419 est
908 2388 966 2418 ista

268 2433 427 2472 perfectio
453 2442 460 2461 :
485 2434 614 2471 proprie
639 2434 748 2463 autem
770 2434 986 2473 optimorum,

266 2479 369 2509 forma
398 2479 447 2508 est
471 2479 690 2508 Praelatorum.
711 2479 823 2508 Sclunt
846 2474 986 2516 quippo*

266 2525 347 2555 boni
360 2524 535 2562 fidelesque
550 2524 729 2563 Praepositi,
742 2525 966 2563 languentium

269 2571 330 2601 sibi
359 2569 517 2600 creditam
544 2571 724 2600 animarum
751 2579 879 2607 curam,
903 2579 966 2600 non

267 2623 430 2653 pompam.
456 2615 598 2654 Cumque
630 2616 795 2646 internum
821 2623 967 2645 murmur

271 2659 452 2700 cujuspiam
467 2659 595 2692 illarum
611 2660 756 2701 querulae
772 2659 860 2693 vocis
881 2660 966 2692 indi·
980 2678 988 2697 ι

737 248 767 275 S.
796 246 1032 275 BERNARDI
1056 245 1245 275 ABBATls

1005 299 1056 329 cio
1071 299 1345 340 deprehendunt,
1368 304 1428 334 etsi
1446 304 1479 335 in
1498 304 1583 343 ipsos
1600 311 1699 342 usquc

1005 344 1044 373 ad
1056 345 1203 375 convicia
1216 346 1249 376 et
1264 348 1476 380 contumelias
1487 357 1700 389 prorumpen-

1007 391 1063 428 tis3
1076 391 1220 422 medicos
1232 401 1265 422 se
1278 415 1288 431 ‚
1304 394 1336 423 et
1348 402 1413 424 non
1426 397 1573 427 dominos
1588 404 1701 434 agnos-

1004 435 1113 465 centes
1128 458 1137 474 ,
1178 438 1294 475 parant
1334 440 1504 471 confestim
1548 442 1702 472 adversus

1004 480 1190 517 phrenesim
1206 484 1323 514 animae
1335 506 1345 521 ,
1360 494 1425 515 non
1439 487 1615 517 vindictam
1625 509 1634 524 ,
1646 486 1702 516 sed

1004 526 1210 557 medicinam.
1221 529 1295 559 Haec
1305 529 1404 567 igitur
1414 531 1510 569 ratio,
1522 541 1580 562 eur
1589 539 1699 570 sponsa

1001 571 1080 607 filias
1100 574 1270 604 Jerusalem
1288 574 1374 605 dicat
1403 585 1458 606 eas
1484 577 1594 615 ipsas,
1622 585 1702 615 quas

1004 618 1176 649 malevolas
1209 620 1350 651 sustinet
1381 622 1478 660 atque
1497 623 1671 652 maledicas
1691 630 1700 652 2

1003 663 1159 695 videlicet
1172 666 1209 695 ut
1223 665 1257 695 in
1271 666 1389 697 blando
1403 676 1551 698 sermone
1565 668 1703 698 deliniat

1003 711 1257 747 murmurantes,
1273 712 1522 742 commotionem
1535 713 1637 751 sedet,
1654 721 1701 743 sa-

1004 754 1059 783 net
1080 754 1229 785 livorem.
1251 756 1413 795 Scriptum
1430 758 1480 788 est
1496 758 1583 788 enim
1601 767 1609 787 ε
1625 760 1703 788 Lz'n-

1003 808 1063 836 qua
1084 802 1213 838 pacifica
1236 804 1395 840 compescit
1416 804 1492 834 lites.
1519 804 1604 833 Alias
1625 812 1702 834 vero

1004 844 1077 874 filiae
1097 854 1212 876 revera
1233 847 1413 878 Jerusalem
1441 849 1579 887 quodam
1607 849 1702 879 modo

1003 892 1076 920 sunt
1090 899 1161 929 quae
1176 892 1360 929 hujusmodi
1376 896 1467 932 sunt,
1482 903 1544 924 nec
1562 895 1641 925 salso
1657 895 1702 924 ita

1003 943 1056 965 eas
1072 937 1216 967 nominat
1232 946 1358 975 sponsa.
1375 939 1450 969 Sive
1467 940 1555 969 enim
1570 940 1703 978 propter

1004 980 1210 1011 Sacramenta
1218 984 1382 1021 Ecclesiae,
1395 993 1466 1022 quae
1476 985 1704 1015 indifferenter

1003 1025 1134 1062 quidem
1167 1036 1241 1056 cum
1275 1028 1368 1058 bonis
1397 1030 1597 1068 suscipiunt3
1632 1031 1701 1059 slve

1003 1072 1134 1108 propter
1152 1071 1227 1101 fidei
1242 1081 1332 1110 aeque
1348 1081 1553 1103 communem
1576 1074 1703 1105 confes-

1003 1115 1147 1153 sionem3
1166 1116 1235 1146 sive
1261 1118 1301 1146 ob
1330 1117 1477 1147 fidelium
1503 1120 1701 1157 corporalem

1003 1160 1116 1189 saltem
1141 1162 1349 1200 societatem,
1369 1171 1427 1192 seu
1449 1163 1547 1193 etiam
1568 1165 1700 1202 propter

1003 1214 1091 1243 spem
1108 1206 1224 1237 futurae
1237 1208 1348 1238 salutis
1362 1230 1370 1246 ,
1384 1216 1401 1238 a
1416 1217 1478 1247 qua
1494 1210 1623 1239 omnino
1637 1218 1700 1239 non

1002 1252 1093 1290 sunt,
1115 1253 1270 1290 quamdiu
1289 1254 1341 1283 hic
1369 1254 1486 1284 vivunt
1497 1277 1507 1293 ,
1535 1256 1588 1284 vel
1616 1255 1699 1285 tales

1002 1298 1210 1336 desperandae
1223 1321 1232 1337 ,
1255 1300 1493 1337 quantumlibet
1513 1300 1628 1330 vivant
1643 1300 1700 1330 de-

1002 1344 1146 1381 sperate3
1163 1352 1226 1373 non
1241 1343 1415 1382 incongrue
1430 1344 1505 1374 filiae
1519 1344 1698 1374 Jerusalem

1002 1389 1222 1419 nominantur.

1041 1434 1071 1462 5.
1086 1434 1334 1471 videamusjam
1347 1434 1426 1472 quid
1441 1434 1522 1464 illud
1536 1434 1635 1464 fuerit
1650 1435 1701 1464 di-

1002 1487 1074 1507 cerc
1092 1487 1099 1507 :
1116 1481 1214 1517 ‚Niara
1230 1489 1295 1509 sum
1307 1501 1317 1516 ,
1333 1481 1382 1510 sed
1393 1481 1542 1517 formosa.
1564 1480 1698 1510 Nullane

1003 1525 1034 1553 in
1056 1525 1105 1553 his
1130 1525 1239 1554 verbis
1261 1525 1478 1562 repugnantia
1500 1525 1569 1555 est?
1594 1526 1696 1555 Absit.

1001 1571 1133 1608 Propter
1157 1571 1322 1608 simplices
1338 1571 1408 1600 dico
1419 1592 1428 1607 ,
1440 1571 1496 1608 qui
1513 1571 1599 1601 inter
1615 1572 1700 1601 colo-

1001 1624 1069 1645 rem
1089 1616 1122 1646 et
1145 1615 1281 1645 formam
1303 1616 1488 1645 discernere
1515 1624 1580 1645 non
1597 1624 1699 1645 nove-

1000 1662 1093 1699 runt,
1119 1670 1193 1690 cum
1227 1660 1329 1689 forma
1359 1660 1399 1689 ad
1432 1661 1699 1699 compositionem

1000 1706 1178 1743 pertineat,
1200 1705 1334 1743 nigredo
1344 1706 1429 1734 color
1444 1705 1497 1734 sit.
1520 1706 1586 1734 Non
1602 1714 1698 1735 omne

1001 1751 1141 1788 denique
1156 1751 1240 1788 quod
1257 1750 1384 1788 nigrum
1398 1750 1466 1787 est,
1480 1751 1631 1780 contInuo
1644 1751 1700 1781 de-

1002 1796 1102 1826 forme
1126 1798 1186 1826 est.
1213 1796 1350 1834 Nigredo
1378 1795 1491 1834 (verbi
1515 1795 1632 1836 causa)
1662 1797 1696 1827 iu

1000 1842 1124 1880 pupilla
1149 1850 1211 1872 non
1230 1842 1386 1879 dedecet3
1413 1842 1446 1871 et
1460 1842 1544 1880 nigri
1566 1843 1695 1880 quidam

1001 1888 1103 1926 lapilli
1120 1887 1154 1917 in
1175 1888 1375 1917 ornamentis
1396 1887 1544 1925 placent3
1561 1889 1593 1917 et.
1612 1887 1695 1926 nigri

1000 1934 1108 1972 capilli
1124 1933 1270 1963 candidis
1282 1933 1425 1963 vultibus
1438 1933 1536 1962 etiam
1551 1933 1696 1962 decorem

1000 1980 1121 2018 augent
1137 1979 1170 2010 et
1193 1979 1342 2017 gratiam.
1359 1979 1410 2008 Sic
1427 1979 1486 2008 tibi
1507 1987 1630 2016 quoque
1652 1978 1697 2008 fa-

1002 2025 1062 2054 cile
1084 2025 1253 2054 advertere
1276 2025 1323 2054 cst
1340 2024 1374 2053 In
1392 2024 1488 2053 rebus
1504 2023 1694 2053 innumeris.

1000 2072 1198 2108 Quamquam
1213 2070 1282 2099 sine
1301 2078 1435 2099 numero
1461 2070 1547 2106 sunt,
1573 2077 1643 2107 quae
1660 2069 1694 2098 in

1000 2116 1169 2154 superficie
1192 2115 1324 2153 quidem
1345 2115 1492 2152 reperies
1515 2114 1696 2153 decoloria,

1001 2162 1032 2190 in
1042 2161 1272 2198 compositione
1286 2168 1360 2189 vero
1370 2160 1498 2189 decora.
1509 2159 1578 2188 Tali
1587 2159 1698 2189 sortas-

1000 2207 1042 2236 sis
1059 2206 1153 2235 modo
1172 2206 1278 2243 potest
1295 2213 1408 2242 sponsa
1420 2227 1428 2242 ,
1445 2213 1519 2233 cum
1541 2205 1698 2242 pulcritu-

1001 2252 1074 2281 dine
1100 2251 1212 2289 utique
1236 2251 1496 2288 compositionis,
1521 2258 1612 2280 ncrvo
1633 2258 1694 2280 non

1001 2306 1109 2327 carcre
1126 2296 1305 2334 nigredinis
1322 2304 1329 2324 :
1347 2296 1402 2325 sed
1418 2304 1494 2325 sane
1511 2296 1544 2325 in
1559 2296 1627 2325 loco
1641 2303 1696 2334 pe-

1001 2342 1222 2381 regrinationis
1246 2351 1322 2372 suae.
1354 2342 1504 2379 Alioquin
1535 2341 1598 2370 erit
1623 2348 1693 2370 cum

1000 2396 1070 2417 eam
1094 2388 1154 2417 sibi
1175 2387 1208 2416 in
1233 2387 1337 2425 patria
1362 2386 1534 2416 exhibebit
1558 2385 1694 2423 Sponsus

999 2434 1106 2471 gloriae
1118 2434 1285 2472 gloriosam
1297 2454 1306 2470 ,
1321 2441 1385 2462 non
1401 2432 1576 2461 habentem
1587 2438 1697 2460 macu-

1001 2482 1061 2509 lam
1071 2502 1080 2518 ,
1094 2481 1148 2509 aut
1156 2488 1266 2517 rugam
1278 2501 1287 2515 ,
1298 2480 1355 2508 aut
1368 2477 1491 2516 aliquId
1500 2475 1693 2514 hujusmodi.

999 2527 1037 2555 At
1052 2534 1128 2555 vero
1149 2533 1235 2555 nuuc
1254 2525 1280 2555 si
1297 2524 1442 2561 diceret,
1457 2523 1532 2561 quia
1552 2521 1695 2559 nigredi-

999 2579 1073 2600 nem
1095 2578 1159 2599 non
1176 2569 1312 2600 haberet
1326 2591 1335 2607 ,
1355 2569 1492 2607 seipsam
1507 2566 1692 2605 seduceret,

1000 2617 1031 2646 et
1047 2616 1168 2646 veritas
1187 2615 1221 2644 in
1237 2623 1274 2644 ea
1288 2622 1351 2644 non
1374 2613 1467 2643 esset.
1483 2610 1692 2649 Quamobrem

1002 2669 1042 2692 ne
1070 2661 1198 2693 mireris
1216 2660 1290 2699 quia
1313 2658 1415 2697 dixit,
1437 2659 1531 2698 Niyra
1553 2664 1639 2695 sum5
1660 2655 1693 2684 et
