1830 3073
336 216 394 244 {OG

788 226 817 254 S.
838 227 1070 254 BERNARDI
1091 228 1283 261 ABBATIS

335 276 537 312 Quoecumque
560 275 651 307 cultis
661 280 695 308 ut
708 278 1033 317 fiaeciant-vobe'shomi-
1067 282 1233 314 Trinitatis
1257 286 1367 326 factae,
1398 289 1525 320 scilicet
1552 291 1763 330 servitutem,

332 327 404 355 νιος,
416 320 444 349 et
458 329 510 350 cos
523 321 613 358 facite
626 324 694 354 illis.
704 325 859 355 Volumus
870 326 1030 363 siquidem
1069 327 1245 369 vilitatem,
1260 335 1481 371 asperitatem.
1498 337 1534 366 In
1550 338 1764 376 abnegatione

331 364 471 395 retribui
487 367 595 406 nobis,
611 370 760 401 volumus
781 371 922 410 ignosci,
937 372 1030 401 volu-

331 416 403 441 mus
415 412 514 450 gratis
529 412 611 444 dari.

517 519 686 551 SERMO
714 520 836 553 LXII.

422 596 472 620 -De
484 596 561 619 varia
573 598 599 620 et
612 602 679 620 vera
690 598 800 628 sequela
812 597 925 625 Christi.

366 653 426 691 Qui
438 654 516 682 mihi
527 654 683 684 ministrat
694 676 705 692 ,
717 663 765 685 me
775 659 933 695 sequatur.
949 658 1025 695 Qui-

324 697 396 727 dam
410 700 483 728 sunt
498 699 554 737 qui
569 707 634 729 non
648 702 829 738 sequuntur
844 703 1022 742 Christum,

323 743 381 772 sed
396 743 528 781 fugiunt
556 745 637 775 :alii
662 754 727 776 non
748 750 944 788 sequuntur,
966 752 1023 781 sed

321 791 469 826 praeeunt
486 799 493 819 ι
510 792 659 821 nonnulli
676 796 875 833 sequuntur,
891 797 946 826 sed
958 805 1021 827 non

320 836 536 874 assequuntur
558 846 566 866 :
592 838 648 868 alii
663 847 741 869 vero
766 843 962 880 sequuntur,
988 844 1022 873 et

319 884 573 921 consequuntur.
592 885 661 914 Non
676 888 858 923 sequuntur
873 909 882 925 ,
899 888 955 918 sed
970 889 1020 919 fu-

319 927 429 965 giunt,
445 929 500 967 qui
522 930 660 960 necdum
681 939 818 969 peceare
839 933 1019 974 desistunt,

318 973 358 1002 de
375 975 493 1012 quibus
505 975 660 1014 scriptum
674 978 723 1007 est
737 986 744 1006 :
759 980 865 1011 Omnis
875 983 927 1019 qui
940 984 1020 1012 male

317 1021 399 1058 aqit,
416 1022 478 1051 odit
492 1022 600 1052 lucem.
614 1024 652 1053 Et
665 1024 847 1062 Propheta:
867 1028 945 1058 Ecce
969 1030 1021 1059 isti

317 1068 371 1103 qui
382 1067 570 1106 elonqantse
593 1079 614 1098 a
638 1071 683 1107 te,
698 1071 851 1109 peribunt.
876 1073 944 1103 Non
969 1083 1018 1104 se-

314 1114 469 1150 quuntur,
483 1114 539 1143 sed
555 1117 713 1154 praeeunt,
725 1116 781 1154 qui
793 1118 1017 1156 magistrorum

314 1159 487 1189 sententiis
503 1168 574 1190 suas
585 1161 775 1198 praeferunt.
786 1164 928 1200 Quorum
939 1167 1018 1195 ima-

314 1204 421 1242 ginem
434 1206 569 1236 tenebat
594 1207 707 1238 Petrus
718 1230 727 1246 ,
751 1217 823 1238 cum
842 1218 900 1248 pro
912 1212 1015 1242 salute

313 1251 420 1280 nostra
437 1252 602 1282 volentem
624 1253 691 1290 pati
712 1255 885 1284 Dominum
912 1257 1015 1287 incre—

313 1296 424 1333 paret,
443 1296 553 1326 dicens
575 1306 584 1326 t
608 1298 725 1328 Absita
740 1301 929 1337 te,Domine,
951 1311 1013 1331 non

311 1341 368 1370 erit
385 1341 440 1371 tibi
453 1342 519 1371 hoc.
537 1342 743 1381 Sequuntur,
768 1345 823 1373 sed
839 1354 902 1375 non
927 1354 1014 1377 asse-

311 1389 465 1425 quuntur,
478 1388 533 1426 qui
551 1388 694 1425 segniter
707 1398 743 1419 ac
759 1391 892 1420 remisse
902 1395 1011 1431 agunt,

311 1433 364 1461 vel
388 1441 490 1471 usque
508 1434 548 1463 ad
572 1434 671 1464 finem
686 1443 750 1465 non
766 1441 1013 1474 perseverantes

310 1477 350 1507 de
375 1479 483 1508 medio
500 1479 618 1510 itinere
640 1483 865 1512 revertuntur.
882 1484 1012 1516 Talibus

310 1523 391 1553 dicit
418 1526 587 1563 Apostolus
611 1534 620 1555 z
648 1529 802 1558 Rcmissas
830 1538 962 1568 manus,
984 1534 1011 1562 et

309 1571 453 1600 dissoluta
475 1581 575 1609 qenna
586 1574 689 1611 eriqitc
703 1595 713 1611 ,
729 1575 757 1603 et
778 1583 896 1612 qrcssus
915 1579 1011 1608 rectos

309 1616 398 1653 sace'te
411 1618 536 1655 pedibus
551 1620 657 1649 vestris
668 1640 677 1656 ‚
703 1621 737 1649 ut
755 1628 817 1649 non
836 1622 1010 1654 claudicans

307 1663 374 1699 quis
389 1665 480 1700 erret,
494 1666 590 1702 mayis
602 1666 703 1694 autem
715 1668 852 1696 sanctur.
866 1667 1010 1707 Sequun-

308 1709 361 1736 tur
379 1709 410 1737 et
427 1711 669 1747 consequuntur
681 1732 690 1748 ‚
705 1711 761 1748 qui
773 1712 860 1742 viam
876 1714 1010 1745 humili-

306 1756 383 1785 tatis
400 1757 469 1793 cjus
485 1758 602 1788 devoto
617 1759 736 1789 mentls
755 1759 877 1791 affectu
898 1771 1010 1801 perse-

306 1803 459 1831 veranter
472 1803 651 1834 imitantur.
666 1806 858 1842 Hujusmodi
871 1809 947 1839 ver'e
960 1818 1009 1840 se-

304 1848 450 1884 quuntur
464 1849 649 1879 Dominum.
667 1853 814 1891 Quintilli
833 1856 1007 1893 ministrat,

305 1901 352 1922 -me
366 1896 514 1932 sequatur
527 1917 535 1932 ,
560 1896 593 1925 id
609 1898 677 1934 est,
694 1907 746 1929 me
764 1900 922 1930 imitetur.
940 1901 1007 1938 Quo

305 1937 433 1968 fructu?
448 1942 484 1970 Ut
498 1942 552 1970 ubi
563 1951 631 1971 sum
646 1953 698 1981 eqo
709 1966 718 1980 ,
734 1945 858 1983 inquit,
875 1946 919 1976 ibi
930 1949 968 1977 sit
979 1950 1007 1977 et

303 1986 441 2015 minister
454 1995 546 2017 meus.
557 1988 692 2019 Fructus
703 1989 811 2028 itaque
825 1991 923 2029 hujus
932 1993 1005 2022 imi—

304 2031 434 2062 tationis
444 2033 567 2063 mansio
579 2036 628 2064 est
638 2036 766 2067 aeternae
779 2037 1003 2069 beatitudinis.

476 2145 644 2178 SElmo
678 2146 825 2182 LXIII.

318 2210 356 2234 De
378 2212 458 2236 tribus
483 2214 575 2237 mediis
600 2216 777 2245 recuperandae
801 2217 965 2242 beatitudinis
989 2227 1003 2241 n

347 2246 444 2270 Clu-isto
453 2252 606 2280 proescriptis
633 2253 661 2274 in
672 2252 737 2276 illud
749 2269 754 2282 ,
766 2252 822 2285 Qui
835 2255 897 2279 vult
906 2256 1003 2279 venire

346 2286 403 2313 post
415 2290 461 2306 me
470 2301 477 2313 ,
490 2288 541 2309 etc.

341 2337 404 2373 QUI
419 2338 511 2375 vult,
527 2340 640 2370 veniat
659 2342 731 2378 post
759 2351 812 2373 me
825 2365 836 2380 ,
856 2351 915 2381 per
929 2352 1001 2381 me,

302 2382 343 2412 ad
357 2391 421 2412 me.
435 2384 509 2413 Post
523 2392 574 2414 me
586 2407 594 2422 ,
607 2386 682 2423 quia
698 2388 818 2418 veritas
830 2397 900 2419 sum
918 2398 926 2418 ε
943 2398 1003 2427 per

302 2436 375 2466 me,
389 2429 466 2467 quia
489 2429 543 2459 via
568 2439 638 2459 sum
656 2440 663 2459 :
681 2432 721 2461 ad
746 2441 818 2470 me,
841 2435 917 2472 quia
933 2435 1001 2464 vita

301 2483 384 2503 suni.
407 2476 467 2514 Qui
488 2476 553 2506 vult
573 2478 675 2506 venire
695 2480 761 2515 post
786 2488 833 2509 mc
841 2501 851 2516 ,
875 2480 1001 2519 abneget

299 2521 491 2559 semetipsum
500 2543 509 2559 ,
522 2523 550 2551 ct
563 2522 649 2552 tollat
663 2532 780 2552 omrem
792 2534 881 2554 suam
889 2547 899 2562 ‚
915 2528 942 2556 ct
956 2536 1001 2556 sc-

301 2567 416 2603 quatur
431 2575 488 2596 me.
501 2567 574 2596 Tfia
590 2568 909 2605 proposuitChristus
918 2592 927 2607 ,
939 2571 999 2600 Dei

301 2610 405 2640 virtus
420 2611 453 2642 et
467 2612 527 2641 Dei
542 2612 700 2650 sapientia
710 2635 719 2651 ‚
732 2613 872 2652 Angelus
891 2616 998 2652 magni

301 2656 446 2696 consilii,
466 2657 582 2688 animae
597 2658 746 2690 rationali
763 2659 802 2689 ad
824 2660 997 2699 imaginem

1065 373 1113 402 sui
1129 377 1287 415 servitus3
1304 379 1338 409 in
1353 381 1543 413 toleratione
1563 384 1666 414 crucis
1687 385 1764 415 vili-

1064 418 1130 456 tas3
1161 421 1195 450 in
1220 423 1401 456 imitatione
1429 428 1547 458 Christi
1574 429 1762 468 designatur

1063 466 1219 502 asperitas
1233 477 1240 498 :
1254 470 1291 499 ut
1302 479 1372 508 quae
1383 481 1442 510 per
1453 473 1708 505 inobedientiam
1720 476 1760 506 de

1061 512 1146 540 statu
1160 513 1254 544 trinae
1273 515 1440 548 felicitatis
1456 519 1635 558 ceciderat,
1652 521 1762 551 hurni-

1062 555 1139 586 liata
1154 558 1333 591 afssictIOne
1349 563 1443 593 trinae
1457 564 1595 595 miseriae
1609 575 1668 604 per
1682 567 1762 598 obe-

1060 601 1215 634 dientiam
1243 608 1402 645 resurgat.
1431 608 1600 639 Ceciderat
1624 611 1713 640 enim
1741 619 1760 641 a

1058 648 1163 686 seipsa
1172 672 1181 688 ,
1194 659 1210 680 a
1221 652 1375 683 societate
1388 654 1594 693 Angelorum,
1605 663 1622 684 a
1633 656 1760 687 visione

1058 693 1135 732 Dei,
1152 695 1184 725 id
1209 698 1260 727 est
1274 706 1292 727 a
1314 698 1485 738 libertate,
1508 707 1526 729 a
1548 700 1724 739 dignitate,
1739 709 1765 731 a,

1058 739 1275 772 heatitudine.
1291 743 1409 774 Audiat
1424 753 1500 783 ergo
1516 746 1706 784 consilium,
1721 747 1761 777 ut

1057 785 1243 825 abnegando
1253 790 1460 828 semetipsam
1470 814 1480 830 ‚
1490 791 1523 820 id
1536 792 1584 821 est
1595 792 1758 829 propriam

1058 832 1254 864 voluntatem
1267 857 1277 873 ,
1293 835 1342 865 sui
1358 836 1544 866 libertatem
1559 838 1733 875 recuperet
1746 845 1756 868 ε

1057 877 1196 909 tollendo
1213 889 1344 911 crucem
1359 890 1470 920 suam,
1492 882 1526 912 id
1551 884 1601 913 est
1625 892 1755 914 carnem

1054 931 1143 954 suam
1159 934 1234 955 cum
1249 927 1338 957 vitiis
1350 928 1382 957 et
1397 928 1668 967 concupiscentiis
1682 938 1756 960 cru-

1054 970 1232 1010 cifigendo,
1256 981 1316 1010 per
1333 974 1544 1004 continentiae
1566 975 1686 1005 bonum
1702 984 1755 1005 re-

1053 1019 1189 1056 cuperet
1219 1019 1408 1050 societatem
1442 1021 1637 1058 Angelorum
1666 1029 1674 1050 t
1701 1029 1754 1051 se-

1052 1065 1181 1102 quendo
1202 1065 1381 1103 Christum,
1404 1066 1437 1095 id
1459 1068 1508 1096 est
1533 1067 1603 1103 ejus
1631 1068 1754 1104 passio-

1051 1118 1126 1140 nem
1141 1110 1298 1141 imitando
1309 1133 1318 1149 ,
1330 1112 1502 1150 recuperet
1514 1112 1671 1142 claritatis
1683 1112 1753 1150 ejus

1051 1157 1210 1186 visionem
1233 1166 1241 1186 :
1263 1157 1340 1193 quia
1355 1157 1382 1188 si
1408 1157 1622 1188 comoatimur
1643 1158 1696 1192 ei.
1719 1157 1765 1190 et.

1050 1203 1329 1242 conregnabimus.

1225 1310 1395 1343 smum
1431 1310 1571 1344 LXIV.

1114 1377 1154 1401 De
1164 1379 1281 1408 pretiosa
1293 1379 1349 1401 rita
1361 1380 1387 1402 et
1402 1381 1495 1402 morte
1506 1381 1679 1406 sanctorum.

1087 1433 1116 1462 1.
1139 1435 1279 1464 Pretiosa
1294 1435 1326 1463 in
1343 1437 1500 1473 conspectu
1519 1437 1648 1466 Domini
1665 1445 1750 1468 mors

1045 1481 1223 1510 sanctorum
1237 1481 1313 1518 ejus.
1327 1481 1508 1510 Pretiosam'
1524 1481 1557 1511 in
1574 1483 1749 1520 conspectu

1046 1525 1175 1555 Domini
1204 1527 1343 1556 mortem
1372 1526 1555 1556 sanctorum
1579 1528 1648 1564 ejus
1671 1527 1748 1558 facit

1045 1571 1216 1609 aliquando
1239 1572 1326 1609 vita,
1350 1572 1524 1610 aliquando
1549 1581 1662 1611 causa,
1686 1573 1748 1603 ali-

1044 1615 1170 1653 quando
1186 1615 1254 1645 vita
1279 1616 1375 1645 simul
1399 1626 1472 1646 cum
1489 1625 1596 1647 causa.
1615 1619 1651 1647 In
1666 1619 1749 1648 Con-

1044 1661 1237 1699 tessorffius,
1262 1661 1316 1699 qui
1333 1661 1368 1691 in
1384 1662 1520 1692 Doinino
1543 1663 1745 1701 moriuntur,

1043 1707 1121 1737 facit
1135 1708 1310 1745 pretiosam
1323 1708 1402 1737 vita.
1416 1709 1451 1737 Iu
1463 1709 1673 1746 Martyribus,
1689 1709 1745 1748 qui

1042 1761 1099 1790 pro
1115 1754 1252 1782 Domino
1268 1753 1471 1791 moriuntur,
1488 1753 1567 1783 facit
1581 1762 1652 1783 eam
1673 1763 1745 1793 pre-

1042 1798 1155 1828 tiosam
1172 1798 1345 1836 aliquando
1361 1800 1427 1828 sola
1442 1807 1536 1829 causa
1549 1822 1558 1836 ,
1573 1800 1745 1837 aliquando

1042 1852 1136 1874 causa
1164 1845 1286 1882 pariter
1316 1845 1350 1874 et
1377 1845 1457 1874 vita.
1473 1845 1512 1874 Et
1534 1845 1592 1874 illa
1612 1845 1744 1883 quidem

1042 1899 1126 1920 mors
1152 1890 1292 1928 pretiosa
1322 1890 1389 1927 est,
1416 1898 1512 1927 quam
1541 1891 1744 1921 commendat

1041 1936 1108 1964 vita
1121 1934 1314 1973 :pretiosior
1323 1956 1331 1972 ,
1341 1943 1437 1972 quam
1450 1935 1527 1965 facit
1539 1944 1633 1965 causa
1650 1945 1744 1975 :pre-

1040 1981 1212 2010 tiosissima
1242 1988 1338 2018 vero,
1365 1988 1462 2019 quam
1486 1981 1650 2019 praevenit
1674 1982 1743 2012 vita

1039 2026 1132 2056 simul
1157 2034 1231 2055 cum
1248 2034 1357 2056 eausa.

1077 2072 1109 2101 Ξ.
1119 2072 1214 2101 Porro
1228 2072 1289 2101 tria
1298 2072 1373 2101 sunt
1384 2080 1455 2109 quae
1464 2072 1607 2102 sanctam
1619 2072 1743 2104 faciunt

1039 2118 1180 2148 hominis
1203 2118 1328 2155 vitam;
1354 2117 1462 2147 victus
1486 2117 1630 2156 sobrius,
1654 2119 1742 2150 actus

1035 2164 1141 2200 justus
1152 2185 1160 2201 ,
1177 2171 1290 2193 sensus
1304 2164 1389 2202 pius.
1403 2163 1514 2193 Victus
1524 2164 1651 2194 sobrius
1667 2165 1740 2203 erit,

1037 2209 1063 2239 si
1077 2210 1281 2240 continenter
1291 2233 1300 2247 ,
1309 2209 1336 2239 si
1348 2210 1512 2240 socialiter
1521 2231 1530 2247 ,
1547 2209 1573 2239 si
1586 2210 1740 2240 obedien-

1037 2257 1105 2293 ter,
1122 2255 1156 2285 id
1168 2256 1217 2285 est
1232 2257 1318 2285 caste
1330 2277 1339 2293 ,
1351 2255 1520 2285 caritative
1529 2276 1539 2292 ,
1552 2255 1739 2295 humiliter,

1037 2301 1230 2331 vixerimus.
1246 2302 1307 2331 Per
1323 2299 1556 2331 continentiam
1572 2299 1659 2329 enim
1674 2309 1741 2330 cas-

1036 2346 1110 2376 titas
1121 2368 1129 2384 ‚
1145 2355 1204 2384 per
1220 2347 1434 2376 socialitatem
1447 2345 1579 2381 caritas,
1595 2354 1655 2384 per
1666 2346 1740 2377 obe-

1036 2392 1194 2422 dientiam
1210 2392 1378 2422 humilitas
1403 2391 1644 2429 acquiriiurAEt
1668 2392 1738 2421 haec

1037 2438 1085 2466 est
1106 2437 1229 2475 virtus,
1249 2446 1320 2475 quae
1341 2437 1484 2466 animam
1507 2436 1654 2474 perfecte
1671 2437 1737 2467 Deo

1035 2482 1196 2512 subditam
1208 2504 1217 2520 ,
1234 2483 1291 2512 sub
1307 2482 1419 2512 umbra
1437 2483 1560 2511 alarum
1576 2482 1676 2521 ipsius
1689 2490 1738 2512 se-

1036 2536 1112 2556 cure
1129 2527 1207 2557 facit
1231 2528 1355 2557 vivere.
1373 2528 1469 2557 Actus
1482 2527 1590 2565 justus
1606 2528 1686 2566 erIt,
1708 2527 1737 2558 si

1036 2572 1135 2602 ruerit
1163 2574 1271 2603 rectus
1283 2595 1293 2610 ,
1331 2573 1506 2610 discretus,
1538 2572 1735 2603 fructuosus.

1035 2618 1154 2648 Rectus
1168 2626 1226 2656 per
1238 2618 1355 2648 honam
1371 2617 1586 2648 intentionem
1597 2639 1606 2655 ,
1619 2618 1737 2648 discre-

1034 2663 1086 2692 tus
1107 2671 1167 2702 per
1182 2671 1367 2693 mensuram
1382 2663 1607 2701 possibilitatis
1621 2685 1630 2702 ,
1651 2663 1738 2694 fruc—
