1830 3073
251 227 287 258 36

248 284 311 315 nisi
335 283 533 316 crediderit?
551 283 715 324 Quomodo
736 286 865 324 credet,
885 286 947 316 nisi

248 327 409 360 audierit?
419 329 584 367 Quomodo
599 329 723 367 audiet,
742 330 807 359 nisi
822 338 949 359 annun-

248 372 349 404 tietur
362 373 419 404 ei?
442 374 524 406 Sane
543 375 717 413 propterea
740 374 895 411 maj0rem
917 374 948 404 ei

249 418 462 458 diligentiam,
478 420 511 450 et
522 419 763 458 diligentiorem
772 418 949 448 custodiam

247 465 400 496 convenit
410 464 666 503 exhiberi,quod
674 464 828 501 sit,J'uxta
842 464 950 502 Scrip—

247 510 367 547 turam,
388 519 472 542 mors
486 513 515 541 et
528 512 593 541 vita
607 511 641 539 in
663 509 807 540 manibus
824 510 946 548 linquae.

245 554 397 594 Alioquin
413 556 440 586 si
461 555 528 585 sola
551 554 673 585 inesset
695 554 778 591 vita,
800 562 862 584 nec
885 554 950 584 cir-

247 600 400 631 cumcisio
411 600 542 639 quidem
553 601 603 637 ei;
619 600 646 629 si
661 600 728 629 sola
744 608 841 637 mors,
851 600 948 630 etiam

246 645 399 677 abscissio
412 645 696 676 deberetur.N11nc
711 653 790 675 vero
801 646 948 684 ponenda

247 692 296 721 ori
310 693 416 722 nostro
430 691 573 721 custodia
583 712 592 729 ,
617 691 650 720 et
664 691 783 721 ostium
808 692 949 722 circum-

245 737 489 773 stantiaelabiiS,
504 737 541 766 ut
563 744 626 766 nec
650 737 786 766 vitalem
811 737 948 767 aedifica-

245 784 367 814 tionem
395 782 543 812 clausura
562 781 696 812 damnet
721 784 862 820 aeterna,
886 790 948 813 nec

243 827 349 859 letalis
357 826 666 865 perniciesliberum
675 828 828 857 sortiatur
839 836 948 866 egres-

243 880 324 903 sum.
342 871 518 909 Vigilemus
532 871 642 910 itaque
657 881 755 909 super
769 880 866 911 opera
874 881 948 904 nos-

244 918 311 954 tra,
341 917 483 953 Fratres,
507 925 550 947 ne
574 917 630 947 vel
651 918 838 948 omittamus
862 918 948 956 quod

243 962 441 1000 praeceptum
469 963 529 1001 est,
554 963 609 993 vel
636 964 722 1001 quod
746 963 947 1001 prohibitum

243 1007 291 1036 cst
306 1006 556 1038 committamus.
579 1008 734 1037 Hortatur
755 1016 813 1037 nos
833 1008 873 1038 ad
896 1008 948 1038 bi-

240 1051 395 1089 pertitam
408 1051 491 1081 hanc
503 1051 681 1082 custodiam
689 1053 861 1090 Propheta,
874 1061 946 1083 cum

243 1096 343 1126 dicit:
359 1098 489 1128 Declina
504 1107 523 1127 a
538 1098 635 1134 malo,
650 1100 680 1128 et
690 1098 741 1136 fac
757 1099 948 1128 bonum.Vi-

239 1141 378 1179 gilemus
398 1143 496 1173 etiam
510 1143 725 1173 nihilominus
748 1151 846 1182 super
871 1152 946 1174 ver-

240 1187 282 1218 ba
294 1189 415 1226 nostra,
424 1196 466 1218 ne
479 1189 512 1218 in
523 1189 570 1219 eis
584 1190 638 1219 vel
647 1189 813 1219 offendere
828 1191 943 1228 Deum,

240 1233 296 1263 vel
311 1234 496 1271 proximum
510 1242 630 1265 nocere
645 1235 826 1273 contingat.
842 1236 944 1265 me

239 1278 414 1317 siquidem,
429 1280 570 1318 quemin
584 1280 671 1310 omni
685 1280 944 1311 confabulatione

239 1323 363 1363 duplex
379 1326 477 1355 timor
500 1326 557 1356 ille
571 1325 741 1363 sollicitat,
761 1327 794 1356 et
810 1327 944 1356 duorum

241 1369 457 1401 consideratio
472 1371 618 1401 stimulat
640 1372 825 1401 auditorum
847 1380 855 1400 :
877 1372 946 1410 pri-

239 1421 331 1444 mum
354 1416 487 1454 quidem
500 1416 620 1446 divinae
634 1416 824 1455 majestatis,
841 1415 876 1446 in
891 1426 946 1447 cu-

238 1460 291 1498 jus
303 1469 417 1492 manus
430 1462 711 1500 incidereprorsus
720 1463 918 1492 horrendum
935 1472 943 1492 :

240 1506 362 1536 dehine
370 1507 520 1537 fraternae
534 1507 745 1545 infirmitatis,
763 1509 945 1538 cuinrhilo-

241 1551 349 1582 minus
363 1552 521 1591 perfacile
535 1554 585 1583 est
599 1553 836 1583 offendiculum
854 1554 943 1584 dare.

279 1598 311 1628 8.
322 1599 403 1628 Puto
415 1599 524 1628 tamen
539 1607 581 1628 ne
597 1607 672 1629 eum
684 1599 828 1637 quidem,
845 1600 944 1637 quiin

241 1643 342 1673 verbo
369 1644 464 1673 cavet
491 1643 726 1681 offensionem,
760 1644 944 1682 perfectum

241 1687 347 1718 adhuc
356 1687 421 1719 diei
433 1690 595 1727 oportere,
603 1689 666 1718 nisi
675 1688 809 1719 forsitan
818 1698 945 1728 compa-

242 1734 367 1765 ratione
384 1734 517 1773 prioris,
529 1736 585 1773 qui
597 1735 725 1764 tantum
737 1743 834 1773 super
847 1744 944 1774 opera

243 1779 408 1818 vigilabat.
424 1782 503 1810 Nam
519 1782 552 1810 et
572 1781 698 1810 Veritas
714 1780 748 1810 in
769 1782 944 1819 Evangelio

240 1824 280 1856 de
295 1826 506 1863 vigilantibus
514 1825 678 1863 servis,et
693 1826 869 1857 adventum
883 1829 945 1858 Do-

239 1871 322 1901 mini
330 1872 589 1910 praestolantibus
603 1872 739 1911 loquens
751 1881 759 1901 t
770 1874 814 1909 Si,
824 1873 943 1912 inquit,

239 1918 273 1947 in
286 1918 377 1947 tet-lla
386 1917 492 1956 vigilia
504 1918 635 1953 venerit,
657 1919 686 1947 et
714 1918 758 1947 ita
785 1919 942 1955 invenerit,

243 1962 405 1994 beatisimi
419 1963 498 1994 servi
510 1963 565 1993 illi.
582 1962 674 2000 Quod
688 1971 892 2001 nequaquam
905 1964 943 1994 de

241 2007 358 2046 prima,
374 2007 431 2038 sed
441 2015 503 2037 nec
518 2006 558 2037 de
574 2007 717 2038 secunda
733 2008 863 2046 quidem
878 2008 944 2038 dic-

243 2053 312 2081 tum
339 2061 409 2083 esse
435 2053 593 2091 reperies.
622 2053 677 2083 Est
699 2055 808 2083 autem
831 2054 943 2093 vigilia

243 2097 312 2127 haec
327 2106 424 2136 super
447 2107 521 2137 cor,
544 2098 597 2129 cui
619 2107 696 2129 sane
725 2107 855 2129 omnem
878 2100 944 2138 jam

245 2143 420 2173 custodiam
430 2144 651 2175 adhibendam
667 2145 801 2183 Sapiens
816 2146 942 2175 monet:

243 2187 397 2217 nimirum
411 2191 484 2226 quia
498 2199 537 2220 ex
555 2191 620 2229 ipso
637 2191 703 2220 vita
720 2192 865 2229 procedit.
882 2191 944 2229 Ego

242 2234 353 2263 tamen
383 2234 482 2263 etiam
507 2235 592 2265 hanc
626 2236 772 2266 constare
808 2236 945 2267 arbitror

243 2277 474 2316 specialiterin
481 2278 605 2311 duobus
618 2282 673 2311 :ut
680 2281 836 2312 videlicet
848 2291 945 2321 super

243 2323 453 2354 affectionum
490 2326 614 2363 pariter
648 2328 682 2357 et
715 2327 943 2366 cogitationum

243 2377 373 2399 suarum
385 2377 498 2407 greges
511 2378 602 2401 mens
617 2372 756 2403 sollicita
771 2373 945 2411 vigilanter

244 2414 405 2445 intendat.
416 2415 456 2445 Et
469 2415 554 2445 bene
564 2415 643 2446 huic
657 2418 750 2447 datur
765 2419 868 2449 omnis
876 2428 945 2449 cus-

243 2459 344 2497 todia,
359 2468 377 2490 a
393 2468 456 2498 quo
471 2460 603 2491 caeteras
627 2470 754 2500 quoque
770 2464 848 2493 duas
870 2473 944 2502 pro-

246 2505 363 2536 cedere
379 2506 502 2536 constat
517 2515 525 2535 τ
539 2506 602 2535 nisi
618 2506 701 2536 forte
720 2506 823 2545 (quod
836 2509 941 2549 absit)

245 2550 462 2581 simulationis
483 2552 636 2590 gerantur
650 2553 757 2583 studio
769 2575 777 2590 ,
794 2554 827 2582 et
840 2554 945 2591 pieta-

245 2596 288 2626 tis
302 2597 444 2628 habeant
456 2598 616 2636 speciem,
630 2606 694 2628 non
710 2598 877 2628 virtutem.
895 2600 944 2629 Si-

245 2642 302 2673 cut
322 2642 410 2674 enim
431 2642 527 2675 fontis
548 2651 630 2676 vena
658 2643 855 2683 scaturiens,
880 2645 943 2676 nisi

709 233 740 262 S.
768 233 1003 262 BERNARDI
1024 234 1225 264 ADBATIS

985 285 1084 316 fossas
1099 288 1175 319 ante
1197 289 1377 328 repleverit
1398 290 1600 329 adJ'acentes,
1622 295 1683 320 rie-e

982 330 1135 368 refluere,
1151 339 1213 361 nec
1235 333 1354 370 sedari,
1370 342 1432 364 nec
1448 335 1482 364 in
1497 335 1599 364 altum
1613 343 1684 364 sese

982 374 1097 405 tollere
1109 378 1317 415 praevalebit,
1333 379 1419 417 quod
1433 379 1590 410 videlicet
1604 380 1684 409 alias

983 422 1177 458 occupetur:
1193 421 1239 451 sic
1255 422 1416 454 humanus
1430 425 1570 463 animus,
1580 425 1683 455 donee

982 472 1048 504 eas,
1063 474 1143 504 quas
1153 467 1377 506 praediximus,
1393 477 1506 500 manus
1515 470 1549 500 et
1562 470 1682 508 lingum

982 511 1143 540 custodias
1154 512 1290 542 solerter
1303 512 1455 552 impleat3
1470 522 1532 544 nec
1556 515 1596 544 ad
1611 523 1684 552 per<

982 554 1099 585 sectam
1113 557 1196 587 hanc
1214 557 1265 587 sui
1288 555 1391 595 ipsius
1415 559 1536 596 poterit
1557 560 1681 590 reflecti

981 609 1104 640 curam,
1131 610 1193 632 nec
1219 603 1364 640 J'ucunda
1384 603 1566 634 devotionis
1593 607 1684 635 tran-

980 647 1141 684 quillitate
1155 648 1232 687 frui,
1247 657 1309 678 nec
1327 649 1361 678 in
1377 650 1552 679 sublimem
1563 650 1682 680 divinae

981 694 1263 732 contemplationis
1277 695 1435 733 proficere
1449 695 1594 733 gradum.
1611 696 1680 731 Eia,

980 736 1119 777 fratres,
1129 739 1156 769 si
1171 748 1319 777 supernae
1332 740 1531 771 visitationis
1545 740 1682 779 gratiam

980 784 1172 822 quaerimus,
1189 785 1235 815 sic
1249 794 1431 823 quaeramus
1447 795 1456 815 z
1474 786 1501 816 si
1517 786 1680 824 spiritales

980 831 1216 861 consolationes
1248 831 1469 861 desideramus
1490 832 1660 870 percipere
1673 854 1684 869 ,

981 874 1026 904 sic
1037 875 1201 912 petamus:
1218 875 1245 906 si
1260 877 1379 906 coelum
1389 876 1483 907 nobis
1497 877 1617 915 aperiri
1629 885 1684 906 cu-

980 919 1086 957 pimus
1097 943 1105 959 ,
1122 921 1168 951 sic
1183 922 1363 960 pulsemus.
1379 922 1446 951 Hoc
1468 921 1607 960 denique
1622 921 1683 951 tri-

980 965 1059 1002 plici
1073 967 1168 996 modo
1182 966 1369 1005 vigilemus,
1385 967 1413 997 si
1428 967 1469 997 ad
1480 967 1611 1005 nuptias
1625 975 1683 996 vo-

980 1011 1086 1040 lumus
1102 1011 1224 1042 intrare
1240 1020 1316 1042 cum
1331 1020 1446 1050 sponso
1462 1012 1540 1042 Jesu
1556 1012 1681 1042 Christo

980 1057 1116 1087 Domino
1130 1058 1259 1096 nostro,
1283 1058 1341 1096 qui
1363 1058 1414 1088 est
1433 1057 1625 1088 benedictus
1644 1058 1679 1087 in

980 1102 1110 1142 saecula,
1125 1110 1232 1133 amen.

1283 1161 1387 1168 ——

1157 1206 1325 1240 samio
1350 1199 1518 1241 ΧἮΠ.14

977 1276 1015 1303 De
1027 1275 1119 1309 gaudio
1132 1279 1278 1308 spi’rifuali,
1290 1285 1333 1302 seu
1346 1278 1374 1302 de
1386 1278 1469 1303 verbis
1479 1276 1603 1308 Apostoli,
1617 1279 1678 1303 Non

1067 1316 1105 1337 est
1118 1320 1241 1344 regnum
1254 1313 1305 1337 Dei
1316 1315 1412 1337 esca‘et
1423 1315 1521 1346 potus,
1532 1316 1584 1337 etc.

1020 1371 1149 1408 Lan
1178 1368 1461 1409 praetergredimur
1485 1367 1592 1406 viam,
1622 1371 1678 1407 qui

978 1414 1018 1445 ad
1043 1418 1196 1454 gaudium
1222 1415 1521 1455 properamus2Est
1549 1415 1681 1453 quidem

977 1462 1129 1499 gaudium
1143 1463 1176 1491 in
1190 1471 1288 1500 regno
1304 1462 1378 1499 Dei,
1390 1461 1447 1491 sed
1460 1469 1524 1490 non
1538 1461 1679 1498 primum

977 1507 1038 1536 est.
1054 1507 1109 1536 Est
1123 1508 1277 1545 gaudium
1289 1507 1329 1537 de
1344 1514 1444 1544 reguo
1456 1506 1535 1543 Dei,
1547 1505 1604 1535 sed
1615 1514 1678 1535 non

977 1552 1131 1590 gaudium
1157 1554 1304 1591 carnale,
1319 1560 1384 1582 non
1399 1551 1554 1590 gaudium
1577 1559 1680 1581 saecu-

977 1599 1061 1636 lare,
1077 1607 1142 1627 non
1159 1599 1312 1637 gaudium
1328 1598 1419 1635 cujus
1445 1598 1593 1627 extrema
1609 1597 1679 1626 luc-

977 1644 1026 1673 tus
1039 1646 1190 1682 occupat,
1209 1643 1266 1673 sed
1281 1644 1314 1673 in
1326 1643 1413 1680 quod
1426 1642 1530 1680 magis
1544 1642 1678 1672 tristitia

976 1689 1116 1721 vertitur
1131 1698 1139 1718 :
1156 1698 1221 1719 non
1237 1689 1377 1727 denique
1393 1688 1545 1727 gaudium
1565 1695 1678 1717 eorum

976 1736 1031 1773 qui
1058 1736 1209 1766 laetantur
1234 1744 1308 1765 curn
1330 1735 1416 1764 male
1437 1733 1593 1770 fecerint,
1616 1741 1678 1762 nee

957 1782 1152 1812 ‘exsultatio
1175 1790 1246 1819 quae
1261 1781 1295 1810 in
1309 1781 1408 1810 rebus
1432 1779 1582 1818 pessimis
1610 1780 1677 1816 est,

976 1827 1033 1857 sed
1055 1827 1207 1865 gaudium
1229 1827 1264 1856 in
1288 1825 1412 1864 Spiritu
1437 1825 1559 1854 sancto.
1585 1823 1676 1853 Unde

976 1874 1086 1903 autem
1110 1873 1170 1902 hoc
1198 1871 1353 1910 gaudium
1378 1870 1529 1908 iuterim,
1544 1868 1609 1899 nisi
1637 1869 1678 1899 de

973 1919 1099 1955 justitia
1111 1919 1145 1948 et
1159 1925 1238 1956 pace
1252 1915 1419 1955 procedit?
1435 1916 1505 1954 Ipsa
1518 1922 1592 1952 ergo
1605 1922 1678 1952 pro-

977 1964 1094 1993 cedant
1127 1963 1294 2000 tamquam
1321 1961 1449 1992 cellulae
1480 1960 1587 1990 mellis
1601 1982 1610 1997 ,
1639 1960 1678 1988 ut

976 2009 1071 2039 facile
1097 2008 1202 2038 adime
1228 2007 1361 2037 labilem
1385 2006 1545 2044 liquorem
1570 2004 1679 2034 suavi-

976 2055 1053 2085 tatis
1076 2054 1209 2084 solidior
1223 2053 1325 2091 possit
1339 2051 1475 2082 materia
1497 2050 1676 2081 continere.

976 2100 1045 2130 Erit
1068 2099 1195 2138 quando
1221 2098 1288 2135 jam
1317 2098 1387 2136 ipso
1412 2096 1552 2134 simplici
1578 2096 1676 2125 melle

976 2147 1143 2183 fruemur,
1157 2145 1190 2175 et
1211 2144 1364 2182 gaudium
1383 2143 1529 2172 nostrum
1544 2141 1677 2179 plenum

977 2193 1010 2223 et
1023 2200 1141 2230 purum
1153 2191 1235 2228 erit,
1247 2190 1363 2220 utnon
1376 2188 1470 2218 modo
1485 2188 1519 2217 in
1534 2187 1654 2225 Spiritu
1666 2208 1676 2224 ‚

977 2238 1034 2268 sed
1067 2237 1108 2267 de
1140 2237 1209 2275 ipso
1237 2243 1366 2274 quoque
1391 2234 1515 2272 Spiritu
1538 2233 1678 2270 gaudea-

976 2291 1060 2314 mus.
1077 2282 1145 2312 Erit
1160 2281 1288 2320 quando
1303 2279 1496 2310 omnimodis
1521 2279 1583 2308 erit
1597 2286 1678 2316 gau-

977 2329 1067 2358 dium
1084 2326 1274 2366 spirituale,
1299 2325 1337 2354 ut
1365 2324 1465 2354 nullis
1483 2323 1549 2361 jam
1565 2331 1680 2360 corpo·

976 2374 1042 2404 reis
1066 2372 1287 2404 occasionibus
1311 2370 1494 2407 excitetur,
1510 2377 1573 2399 non
1599 2377 1678 2406 ope-

976 2421 1066 2450 ribus
1079 2417 1327 2454 misericordiae,
1343 2424 1407 2446 non
1432 2415 1582 2454 lacrymis
1606 2422 1677 2452 pne-

976 2464 1145 2501 nitentiae‚
1173 2471 1240 2493 non
1267 2461 1500 2493 exercitatione
1523 2459 1675 2496 justitiae,

977 2519 1042 2540 non
1068 2509 1262 2549 probatione
1295 2507 1463 2546 patient-iae
1480 2527 1490 2543 ,
1517 2505 1574 2535 sed
1606 2503 1675 2541 ipsa

977 2554 1078 2594 magis
1093 2553 1266 2593 praesentia
1289 2553 1444 2592 Spiritus,
1460 2549 1495 2580 in
1509 2557 1605 2588 quem
1621 2549 1676 2579 de-

978 2601 1122 2630 siderant
1140 2600 1203 2639 ipsi
1220 2599 1319 2630 etiam
1342 2596 1455 2635 Angeli
1476 2595 1673 2634 prospicere.

979 2646 1110 2677 Interim
1136 2653 1211 2678 sane
1233 2645 1322 2679 velut
1345 2642 1420 2673 salis
1434 2642 1503 2672 loco
1518 2640 1677 2680 sapientia
