1810 3073
501 245 545 271 IN
571 242 769 272 CANTch
791 242 938 271 SERMO
965 244 1060 272 XIX.
1440 245 1499 276 203

65 299 106 331 ad
120 300 291 339 imaginem
303 297 360 328 Dei
373 297 452 336 ,nisi
468 298 583 328 caritas
594 299 693 335 Deus,
705 296 759 336 qui
794 297 949 327 lexerunt
960 298 1004 328 te.
1015 297 1327 335 Effusumsiquidem
1339 300 1496 337 sentiunt,

65 346 150 376 solus
162 345 262 382 major
274 345 322 374 est
337 344 403 373 illa.
420 344 648 373 Eamnondum
665 344 762 381 adep-
794 342 879 379 quod
903 341 1066 380 integrum
1092 350 1207 380 capere
1234 351 1298 372 non
1321 343 1472 373 valebant
1487 353 1496 371 ·.

63 393 115 422 tus
130 389 402 429 periculosissime
419 390 642 428 promovetur,
659 397 761 427 quan-
794 387 965 425 propterea
981 387 1170 418 dilexerunt
1187 388 1229 418 te.
1244 388 1360 417 Effusio
1377 389 1496 426 quippe

794 441 910 463 nomen
934 433 1010 463 facit
1028 433 1174 471 capabile
1187 456 1195 471 ,
1206 434 1319 472 captus
1339 433 1476 463 amabile
1488 456 1495 469 ,

793 479 848 508 sed
861 479 1108 509 adolescentulis
1125 479 1309 509 dumtaxat,
1325 479 1386 515 Qui
1402 487 1498 516 capa-

793 524 893 553 ciores
903 525 995 562 sunt,
1009 524 1133 562 integro
1143 525 1284 563 gaudent
1296 546 1306 563 ,
1316 524 1416 554 effuso
1432 532 1495 554 non

794 570 953 608 indigent.

832 615 863 644 2.
907 616 1060 654 Aiigclica
1094 616 1240 646 creatura
1279 615 1498 653 irrepercussa

793 661 910 690 mentIs
939 661 1007 691 acie
1033 661 1181 691 intuetur
1203 661 1389 690 dlviuorum
1410 659 1499 697 J'udi-

792 706 914 736 ciorum
930 707 1079 745 abyssum
1092 707 1226 736 multam
1237 728 1246 744 ‚
1258 714 1395 745 quorum
1410 713 1499 735 sum-

793 760 851 782 mae
880 752 1041 790 aequitatis
1078 752 1241 782 ineffabili
1281 752 1499 782 delectatione

793 798 905 836 beata,
928 798 1084 836 gloriatur
1119 798 1253 836 iusuper
1290 797 1426 828 effectui
1461 806 1498 827 ea

792 844 969 882 mancipari
996 853 1055 883 per
1078 852 1175 874 suum
1200 843 1438 881 ministerium,
1461 851 1499 872 ac

793 891 898 927 palam
914 890 984 920 fieri
996 899 1003 919 τ
1017 890 1051 920 et
1068 890 1240 929 propterea
1257 888 1366 927 diligit
1381 889 1499 919 merito

793 935 963 965 Dominum
979 936 1155 966 Christum.
1172 937 1282 966 Nonne
1297 944 1418 971 onmes,
1434 934 1498 971 ait,

792 982 1048 1011 administratorii
1061 983 1186 1017 spiritns
1201 983 1288 1018 sunt,
1303 982 1389 1011 missi
1399 982 1430 1010 ῐη
1442 982 1500 1010 mi-

792 1028 951 1057 nisterium
973 1029 1098 1065 propter
1127 1036 1193 1064 eos,
1218 1029 1272 1066 qui
1291 1027 1498 1056 haereclitatem

792 1074 917 1110 capiunt
939 1073 1068 1103 salutis?
1087 1075 1182 1103 Porro
1203 1073 1419 1110 Archangelos
1443 1069 1499 1110 (ut

792 1118 838 1148 eis
854 1118 978 1157 aliquid
993 1118 1198 1149 differentius
1210 1120 1249 1149 ab
1266 1119 1337 1157 his,
1352 1118 1408 1157 qui
1421 1119 1497 1148 sim·

792 1164 920 1201 pliciter
927 1165 1040 1203 Angeli
1052 1165 1138 1203 sunt,
1149 1164 1351 1203 tribuamus)
1366 1164 1497 1194 mirabi-

791 1211 878 1247 liter,
891 1210 999 1247 credo,
1009 1211 1162 1249 delectat,
1176 1211 1261 1249 quod
1274 1211 1352 1249 ipsis
1365 1219 1493 1248 quoque

791 1256 920 1285 aeterna}
939 1256 1112 1294 Sapientiae
1134 1256 1277 1286 consiliis
1299 1256 1495 1286 familiarius

790 1301 1021 1340 admittuntur,
1042 1302 1222 1340 eademque
1237 1311 1296 1340 per
1311 1303 1397 1340 ipsos
1415 1302 1495 1332 locis

790 1357 926 1386 qumque
943 1349 1010 1378 suis
1028 1349 1124 1386 atque
1146 1349 1349 1386 temporibus
1368 1343 1492 1378 summo

792 1394 1010 1424 moderamine
1021 1394 1260 1432 dispensantur.
1272 1395 1309 1423 Et
1321 1395 1387 1424 baec
1401 1402 1495 1423 causa

790 1440 874 1477 quod
907 1440 1048 1478 diligunt
1076 1440 1252 1469 Dominum
1278 1440 1440 1469 Christum
1463 1441 1495 1468 et

791 1486 862 1523 ipsi.
892 1486 958 1516 lllae
990 1494 1117 1524 quoque
1149 1486 1370 1516 beatitudines
1384 1508 1392 1524 ,
1424 1494 1496 1524 quae

791 1532 933 1562 Virtutes
949 1540 991 1562 ex
1007 1541 1044 1562 eo
1066 1532 1198 1561 forsitan
1216 1533 1384 1570 appellatae
1399 1534 1475 1562 sunt
1486 1556 1495 1571 ,

789 1578 871 1616 quod
886 1577 1045 1608 virtutum
1060 1587 1096 1608 ac
1113 1578 1334 1616 prodigiorum
1352 1580 1495 1609 occultas

789 1624 1025 1662 perpetuasque
1054 1633 1164 1654 causas
1191 1624 1283 1654 felici
1309 1624 1495 1655 curiositate

789 1669 898 1698 rimari
926 1678 963 1699 ac
989 1670 1100 1699 mirari
1131 1669 1290 1699 divinitus
1316 1670 1491 1707 ordinatae,

789 1715 895 1752 signa,
911 1723 980 1753 quaa
997 1715 1029 1744 et
1041 1715 1170 1753 quando
1186 1716 1321 1754 volunt,
1332 1724 1374 1745 ex
1389 1717 1494 1746 omni-

789 1761 848 1790 bus
885 1760 1057 1790 elementis
1094 1761 1190 1791 terris
1219 1762 1369 1799 potenter
1400 1763 1496 1792 exlii-

790 1807 888 1837 beant
905 1815 912 1836 :
931 1807 964 1836 et
979 1807 1058 1844 ipsae
1074 1815 1149 1846 ergo
1164 1808 1283 1837 exinde
1300 1816 1363 1838 non
1380 1808 1494 1838 iinme-

790 1853 851 1882 rito
889 1853 1100 1882 inardescunt
1142 1853 1278 1890 diligere
1320 1855 1492 1884 Dominum

790 1899 967 1936 virtutum,
993 1899 1026 1928 et
1051 1899 1110 1928 Dei
1130 1899 1287 1929 virtutem
1314 1900 1490 1930 Christum.

789 1945 922 1974 Plenum
936 1945 1057 1983 quippe
1074 1945 1122 1975 est
1137 1946 1306 1975 suavitatis
1321 1947 1353 1975 et
1368 1947 1496 1984 gratiae,

789 1991 911 2020 incerta
928 1990 961 2020 et
976 1991 1102 2021 occulta
1117 1991 1287 2029 sapientire
1305 1991 1335 2020 iii
1358 1991 1425 2030 ipsa
1442 2001 1493 2022 sa-

790 2037 912 2075 pientia
943 2037 1067 2067 intueri
1086 2046 1093 2066 :
1112 2037 1248 2076 plenum
1279 2037 1494 2068 nihilominus

789 2084 918 2114 lionoris
934 2085 967 2114 et
978 2084 1106 2122 gloriae,
1116 2092 1284 2115 causarum
1295 2084 1329 2114 in
1341 2084 1399 2113 Dei
1416 2085 1494 2114 Ver-

789 2130 827 2159 bo
857 2130 1121 2160 absconditarum
1152 2130 1273 2161 mundo
1302 2130 1494 2169 spectandas

789 2175 1013 2214 mirandasque
1044 2177 1079 2206 in
1099 2184 1199 2207 manu
1226 2176 1372 2215 ipsorum
1396 2176 1493 2215 dirigi

788 2221 992 2251 efficientias·

826 2268 857 2297 5.
875 2267 938 2297 Sed
959 2267 991 2297 et
1008 2267 1057 2297 illi
1077 2267 1227 2306 spiritus,
1242 2267 1298 2305 qui
1314 2266 1492 2298 potestates

788 2314 1015 2351 nominantur,
1032 2313 1110 2343 dum
1125 2313 1279 2343 Crucifixi
1295 2313 1395 2343 nostri
1411 2314 1493 2343 divi-

788 2368 862 2389 nam
896 2359 1167 2398 omnipotentiam
1199 2359 1322 2397 ubique
1365 2359 1492 2390 fortiter

787 2406 1001 2444 attingentem
1017 2405 1139 2435 intueri
1154 2413 1191 2435 ac
1207 2404 1415 2443 magnificare
1433 2406 1490 2435 de-

787 2452 967 2489 lectantur,
989 2452 1165 2482 exturbare
1188 2451 1222 2481 et
1244 2451 1408 2481 debellare
1426 2451 1491 2481 dae·

788 2508 918 2529 monum
934 2500 1167 2537 hominumque
1183 2498 1358 2528 contrarias
1382 2499 1491 2535 potes·

788 2545 869 2575 tates
883 2552 942 2582 pro
958 2544 1026 2583 liis,
1040 2544 1096 2582 qui
1116 2543 1340 2573 haereditatem
1357 2541 1492 2579 capiunt

788 2591 918 2628 salutis,
948 2590 1116 2628 accipiunt
1145 2588 1352 2627 potestatem.
1387 2588 1426 2616 Et
1454 2587 1490 2616 lii

788 2644 894 2666 nonne
919 2636 1130 2673 iustissimam
1155 2634 1276 2664 liabent
1291 2641 1417 2663 causam
1429 2654 1437 2670 ,
1453 2633 1491 2662 ut,

790 2682 923 2721 diligant
936 2682 1107 2712 Dominum
1117 2682 1224 2711 Jesiim
1237 2679 1334 2709 ss‘Siint
1348 2679 1379 2708 ct
1391 2686 1488 2717 supi-3

63 437 186 467 tislibet
197 436 269 465 aliis
281 436 430 466 videatur
440 436 561 474 pollere
571 435 759 466 virtutibus.

62 481 95 512 Si
112 481 261 512 hahuerit
275 490 403 512 omnem
416 481 586 511 scientiam
600 502 609 518 ,
624 480 649 509 si
662 480 762 510 dede-

62 527 105 557 rit
126 535 254 556 omnem
270 527 483 557 substantiam
504 534 594 556 suam
609 525 761 564 pauperi-

62 572 142 610 bus,
159 573 187 602 si
206 573 380 603 tradiderit
409 581 523 610 corpus
544 580 638 602 suum
660 572 705 601 ita
727 572 760 601 ut

61 618 171 649 ardeat
188 627 196 647 :
215 619 334 657 absque
351 619 484 648 caritate
500 626 619 648 vacuus
635 617 695 647 est.
713 618 759 646 En

61 665 179 700 quanta
201 664 292 702 prius
315 663 517 693 infundenda
538 663 634 699 sunt,
660 662 761 692 utet-

61 707 197 739 fundere
232 709 410 739 audeamus
423 730 432 746 ,
462 708 503 737 de
533 708 758 746 plenitudine,

59 761 123 784 non
139 754 177 783 de
194 754 330 792 penuria
343 754 520 792 largientes
534 762 542 791 3
556 753 661 791 primo
686 753 760 791 qui-

59 799 133 829 «lem
146 799 363 837 compunctio,
377 799 494 829 deinde
509 799 652 836 devotio,
663 799 760 829 tertio

59 844 261 883 poenitentiae
272 844 363 873 labor
373 866 383 882 ,
395 844 509 882 quarto
521 844 655 882 pietatis
667 852 758 882 opus,

58 890 172 928 quinto
196 890 352 919 orationis
375 889 519 919 studium
536 911 545 927 ,
564 889 656 919 sexto
684 897 761 919 con-

59 935 277 973 templationis
292 935 413 972 otium,
429 935 566 973 septimo
589 935 760 973 plenitudo

59 981 253 1011 dilectionis.
275 982 350 1011 Haec
376 981 484 1010 omnia
503 982 655 1019 operatur
678 990 760 1012 unus

59 1027 156 1064 atque
177 1026 263 1056 idem
284 1027 425 1065 Spiritus
451 1027 628 1056 secundum
646 1036 761 1066 opera-

59 1072 182 1101 tionem
194 1093 204 1108 ,
220 1080 293 1110 quae
315 1072 436 1102 Infusio
455 1073 639 1110 appellatur
656 1082 664 1102 :
682 1082 760 1112 qua-

33 1117 37 1120 '
59 1118 153 1147 tenus
174 1117 230 1147 illa
252 1127 324 1156 quae
340 1118 457 1148 effusio
475 1119 560 1149 dicta
576 1120 641 1156 est,
658 1128 758 1158 pure,

59 1164 92 1193 rt
117 1164 156 1193 ob
183 1164 244 1194 hoc
269 1164 340 1194 tute
363 1164 430 1200 jain
454 1164 699 1195 administretur
721 1167 772 1196 ad*

59 1209 188 1239 laudem
211 1210 243 1239 et
261 1210 398 1248 gloriam
422 1210 550 1239 Domini
567 1212 666 1241 nostri
683 1189 773 1270 Jesul

58 1256 172 1286 Christi
184 1278 193 1293 ,
205 1255 349 1294 quicum
361 1256 453 1285 Patre
469 1256 501 1285 et
513 1256 638 1293 Spiritu
651 1259 759 1287 sancto

59 1301 143 1331 vivit
159 1303 192 1331 et
208 1303 323 1339 regnat
337 1301 425 1331 Deus
443 1300 478 1331 in
492 1302 608 1332 saecula
624 1304 760 1333 saeculo-

58 1355 147 1385 ram,
163 1355 270 1378 amen.

244 1430 414 1464 SERMO
453 1432 560 1466 XIX.

58 1499 97 1523 ne
116 1501 234 1529 natura,
256 1499 355 1529 modo,
372 1507 403 1524 ac
421 1501 639 1531 proprietalibus
656 1502 758 1526 amoris

86 1536 204 1566 angelici
216 1542 282 1566 erga
291 1536 388 1565 Deum,
399 1537 479 1566 juxta
490 1537 613 1567 singulos
631 1537 757 1568 Angelo-

89 1578 156 1595 rum
169 1572 281 1596 ordines
294 1572 410 1596 disserit.

98 1621 126 1651 1.
155 1622 273 1652 Annnc
294 1629 408 1659 sponsa
425 1622 579 1651 amatoria
594 1623 757 1662 loquitur,

56 1667 161 1697 ailliuc
180 1666 286 1705 pergit
311 1667 451 1705 amplius
471 1668 623 1706 prosequi
647 1661 770 1699 laudesl

56 1713 163 1751 sponsi
173 1721 180 1742 ε
190 1714 223 1743 et
237 1713 372 1751 gratiam
385 1714 553 1751 provocat,
565 1714 642 1744 dum
652 1723 770 1746 mons-1

55 1759 120 1788 trat
145 1767 234 1796 eam,
255 1767 352 1797 quam
377 1758 445 1796 jam
470 1761 705 1798 acceperat,in
724 1771 757 1792 se

55 1813 190 1835 vacuam
214 1813 278 1834 non
299 1804 410 1834 fuisse.
436 1805 518 1834 Audi
541 1806 663 1836 etenim
679 1808 758 1845 quid

57 1852 168 1880 secuta
201 1851 351 1889 adjungit
376 1860 384 1880 :
409 1852 598 1889 Propterea,
631 1853 756 1892 inquit,

55 1897 284 1927 adolescentulae
305 1898 476 1927 dilexerunt
494 1899 521 1927 te
541 1899 644 1929 nimis.
661 1900 757 1936 Quasi

55 1942 161 1972 dicat:
177 1943 244 1972 Non
267 1942 384 1972 frustra
400 1951 460 1973 nec
476 1943 618 1974 inaniter
638 1953 757 1976 nomen

55 1990 147 2019 tuum
170 1989 375 2019 exinanitum
393 1989 460 2028 est,
476 1998 494 2019 o
511 1998 625 2028 sponse
636 2012 645 2028 ,
661 1992 757 2030 atque

54 2035 192 2064 effusum
207 2035 241 2064 in
257 2035 357 2065 ubera
372 2043 465 2065 mea:
483 2037 656 2075 propterea
669 2040 756 2069 enim

55 2079 303 2111 adolescentulae
342 2080 532 2111 dilexerunt
570 2082 604 2112 te
641 2083 752 2115 nimis.

54 2125 190 2163 Propter
205 2126 304 2164 quid?
314 2127 448 2165 Propter
462 2136 582 2158 nomen
602 2129 736 2160 effusum
746 2153 755 2169 ,

56 2171 90 2201 et
109 2172 241 2210 propter
263 2172 364 2202 ubera
390 2181 432 2202 ex
450 2181 488 2202 eo
513 2173 653 2212 perfusa.
679 2176 756 2206 Inde

55 2217 173 2256 quippe
189 2218 339 2248 excitatae
351 2219 470 2249 suntin
480 2227 622 2250 amorem
634 2223 755 2260 sponsi,

55 2263 130 2293 iude
144 2265 351 2302 sumpserunt
361 2265 396 2295 ut
408 2265 555 2303 diligant.
569 2266 690 2304 Sponsa
706 2269 757 2298 in-

54 2308 159 2339 fusum
171 2318 288 2340 munus
300 2310 486 2349 excipiente
496 2333 506 2348 ,
518 2311 582 2342 illae
592 2321 668 2342 mox
685 2322 756 2344 sen-

57 2362 125 2385 sere
152 2355 380 2394 fragrantiam,
402 2365 474 2395 quae
491 2358 585 2396 longe
615 2367 632 2387 a
652 2361 755 2390 matre

55 2401 189 2431 minime
201 2411 272 2432 esse
284 2403 435 2441 poterant
445 2411 453 2440 ;
462 2403 559 2441 atque
575 2404 630 2433 illa
647 2407 756 2436 suavi-

55 2447 121 2477 tate
142 2448 276 2486 repletae
298 2448 632 2480 ‹nemnem-namet
646 2452 757 2488 diffusa

55 2494 97 2522 est
110 2494 142 2522 in
155 2493 293 2523 cordibus
309 2496 420 2524 ‘nostris
434 2504 488 2532 per
502 2496 650 2533 Spiritum
664 2506 756 2528 sanc-

56 2539 120 2568 tum
143 2540 197 2577 qui
215 2541 304 2570 datus
322 2541 366 2569 cst
388 2540 486 2570 nobis.
509 2541 588 2578 Ergo
614 2541 756 2579 ipsarum

57 2583 260 2616 devotionem
281 2594 395 2624 sponsa
416 2587 661 2626 commendans,
677 2589 754 2627 Hic,

57 2628 158 2668 inquit
168 2631 324 2670 ,fructuS,
337 2640 355 2661 ο
367 2640 500 2670 sponse,
512 2633 603 2663 effusi
615 2635 756 2665 nominis

57 2675 119 2714 tui,
139 2677 223 2715 qnod
244 2679 414 2717 propterca
436 2679 682 2711 adolescentulae
705 2681 755 2711 di-
