1830 3073
318 232 376 262 414

318 289 372 327 qui
387 296 406 318 a
420 289 487 318 Deo
504 285 751 325 cognoscuntur,
767 286 801 315 et
824 284 929 313 Deum
945 289 1019 320 cog—

319 334 453 365 noscunt
474 342 482 362 z
510 332 567 363 alii
590 340 655 362 non
682 330 936 369 cognoscuntur,
957 334 1018 356 nce

318 380 531 419 cognoscunt:
549 378 605 409 alii
617 376 852 415 cognoscuntur
866 373 999 412 quidem
1008 393 1018 410 ,

318 427 376 457 sed
404 425 468 465 ipsi
494 433 560 456 non
595 422 791 461 cognoscunt
817 429 825 449 :
858 419 916 449 alii
954 426 1019 448 non

318 480 552 512 cognoscuntur
564 492 574 508 ,
608 470 642 499 et
672 469 783 497 tamen
810 465 1017 504 cognoscunt.

317 521 513 558 Cognoscere
525 515 598 553 Dei,
608 515 657 545 est
667 513 797 543 felicem
806 511 931 542 facere:
947 519 1020 548 cog-

316 573 450 597 noscere
464 562 622 598 hominis,
638 560 687 591 est
701 559 818 597 gratias
833 566 940 596 agere.
956 557 1019 596 Qui

317 619 392 649 ergo
408 607 643 647 cognoscuntur
656 612 675 634 a
687 605 766 642 Deo,
783 604 817 634 et
831 604 934 633 Deum
949 612 1020 642 cog-

317 657 465 692 noscunt,
481 653 583 684 sancti
598 652 711 690 Angeli
726 652 801 681 sunt
817 659 824 679 :
840 650 896 689 qui
921 650 961 679 ab
981 658 1019 680 eo

316 703 430 733 felices
450 700 528 730 facti
539 721 548 737 ,
568 698 638 736 ejus
652 697 805 727 laudibus
821 704 950 734 semper
962 704 1020 726 va-

317 749 410 785 cant,
426 747 460 776 et
485 745 650 783 obsequiis
666 743 867 774 deserviunt.
881 742 943 780 Qui
958 750 1019 771 nec

316 793 632 832 cognoscuntur,nec
644 790 848 828 cognoscunt,
861 796 1020 828 pauperes

316 840 392 870 sunt
407 838 603 869 necessarii:
623 845 703 875 quos
717 844 778 865 nec
804 844 913 865 rerum
939 835 1020 864 tem-

316 886 478 924 poralium
490 885 583 923 copia
594 883 687 919 ditat,
702 890 764 912 nec
777 881 943 911 beatificat
954 889 1020 910 ser-

314 932 404 962 vitus
415 931 538 961 divina.
555 929 617 966 Qui
640 930 750 958 autem
771 928 1019 965 cognoscuntur,

315 978 373 1008 sed
386 986 452 1008 non
468 976 683 1015 cognoscunt,
700 974 819 1003 divites
833 975 909 1003 sunt
924 973 1021 1009 hujus

316 1024 427 1055 saeculi
440 1033 448 1053 z
461 1023 518 1062 qui
533 1021 676 1059 acceptis
690 1020 822 1058 quidem
842 1019 958 1057 opibus
973 1019 1021 1048 af-

316 1070 442 1108 fluunt,
464 1069 522 1100 sed
536 1067 717 1098 carnalibus
733 1065 903 1095 desideriis
925 1065 1022 1102 hujus

317 1116 428 1146 saeculi
444 1115 560 1154 pressi,
576 1120 753 1151 numquam
763 1111 802 1141 ad
813 1111 956 1141 coelestia
969 1119 1022 1140 cor

316 1162 531 1201 suspendunt.
545 1160 692 1198 Quivero
707 1166 771 1188 non
786 1158 1022 1195 cognoscuntur

317 1209 352 1239 et
367 1208 580 1247 cognoscunt,
600 1213 762 1245 pauperes
782 1205 857 1234 suut
872 1203 1024 1233 volunta-

318 1255 378 1284 riiz
395 1263 474 1293 quos
490 1262 551 1284 nec
573 1251 761 1288 tribulatio,
777 1257 838 1278 nee
854 1248 1001 1286 angustia
1012 1270 1020 1285 ,

318 1309 378 1331 nec
399 1301 463 1331 alia
489 1306 699 1338 quaecumque
721 1296 866 1336 pericula
891 1297 1022 1333 possunt

318 1354 470 1385 separare
486 1354 504 1376 a
520 1345 654 1375 caritate
669 1344 743 1373 Dei.
764 1344 801 1372 Et
818 1342 853 1372 hi
867 1341 1023 1371 nimirum

318 1393 432 1422 multis
456 1391 561 1421 modis
582 1390 759 1428 probantur
774 1387 936 1424 adversis,
965 1386 1024 1416 du-

318 1438 429 1476 risque
445 1437 622 1475 fatigantur
644 1433 923 1471 tribulationibus,
940 1433 1023 1463 sicut

316 1483 475 1522 scriptum
491 1485 559 1512 est:
576 1483 661 1513 Vasa
674 1481 760 1519 figuli
771 1479 882 1518 probat
893 1480 1023 1516 for-naar,

318 1532 347 1561 et
359 1528 736 1567 hominesjustostentatio
746 1526 963 1556 tribulationis.
977 1525 1024 1554 Ex

317 1585 455 1615 quorum
469 1575 547 1605 item
558 1582 694 1613 persona
707 1571 1022 1611 loquiturPsalmus:

318 1624 414 1658 Deus,
427 1623 509 1652 Deus
523 1630 620 1656 meus,
629 1620 740 1658 respice
754 1619 785 1647 in
796 1626 854 1653 me,
867 1626 962 1654 quare
977 1625 1024 1645 ‘me

319 1666 530 1706 dereliquisti?
545 1665 709 1704 Numquid
722 1672 787 1693 non
802 1662 959 1700 incogniti
977 1662 1025 1691 vi-

320 1713 455 1751 dentur,
472 1713 528 1752 qui
546 1713 639 1742 orant
655 1713 692 1741 ut
706 1708 947 1748 respiciantur?
962 1709 1026 1737 Ve-

319 1761 505 1790 rumtamen
520 1755 949 1793 licetderelictivideantur,
964 1755 1024 1794 ipsi

318 1807 430 1835 tamen
452 1806 557 1835 Deum
585 1803 801 1842 cognoscunt3
827 1803 861 1832 et
887 1800 935 1832 ex'
954 1810 1027 1840 per-

320 1860 398 1881 sona
422 1850 685 1890 cognoscentium
712 1848 821 1878 statim
849 1847 884 1877 in
913 1847 1026 1877 eodem

320 1898 444 1936 psalmo
459 1896 677 1928 subinfertur:
695 1897 778 1925 Deus
788 1903 872 1925 meus
887 1894 1027 1924 clamabo

317 1952 374 1982 per
385 1944 475 1980 diem,
505 1945 534 1973 et
554 1951 619 1972 non
633 1941 801 1978 exaudies3
821 1942 850 1969 et
876 1942 975 1976 nocte,
1000 1941 1028 1969 et

321 1997 387 2019 ‘non
413 1990 454 2019 ad
476 1988 683 2026 insipientiam
695 1986 783 2016 mihi.
808 1986 856 2015 De
881 1985 933 2014 his
954 1993 1027 2022 ergo

323 2044 389 2067 vox
405 2034 515 2066 divina
524 2033 606 2064 dicit
616 2042 624 2062 :
634 2033 769 2071 Populus
781 2040 869 2070 quem
880 2039 943 2060 ἠοη
959 2039 1029 2069 coq—

322 2084 404 2119 novi,
419 2082 538 2113 servivit
551 2080 641 2110 mihi.
661 2079 704 2108 Ac
723 2078 752 2108 si
773 2079 886 2116 aperte
904 2076 1030 2106 diceret

325 2128 454 2166 Angelis
467 2126 555 2157 suis:
571 2125 666 2163 Quid,
677 2125 704 2154 si
718 2132 775 2154 vos
789 2123 872 2153 mihi
888 2122 1028 2159 servitis,

324 2182 403 2211 quos
429 2173 542 2203 felices
569 2171 666 2209 facio,
691 2168 954 2209 quandoquidem
979 2168 1028 2197 illi

324 2217 407 2247 mihi
423 2217 582 2254 serviunt,
598 2225 678 2255 quos
702 2216 737 2245 in
762 2222 818 2245 sua
837 2213 1030 2252 paupertate

325 2262 539 2301 derelinquo?
554 2264 591 2292 Et
605 2262 696 2300 quid,
719 2261 745 2291 si
764 2269 821 2290 vos
844 2259 927 2289 mihi
953 2259 1031 2288 obe-

325 2308 403 2339 ditis
417 2308 472 2346 qui
487 2307 603 2338 faciem
623 2316 729 2338 meam
747 2306 883 2343 videtis,
902 2313 976 2335 cum
999 2305 1031 2334 et

325 2354 377 2385 illi
391 2354 561 2390 obediant,
581 2354 638 2391 qui
652 2362 705 2383 me
724 2354 852 2383 tantum
872 2352 1030 2389 audiunt,

325 2401 360 2430 et
374 2408 438 2430 non
453 2398 567 2429 vident
581 2398 594 2427 ’ἓ
614 2399 735 2428 Vident
755 2399 877 2436 quippe
897 2397 1010 2435 Angeli
1021 2419 1030 2434 ‚

328 2445 466 2475 audiunt
493 2444 654 2474 homines.
685 2444 828 2473 Audiunt
851 2443 977 2473 scilicet
1000 2443 1033 2472 et

330 2490 498 2528 obediunt,
509 2490 547 2520 ut
561 2489 752 2528 quandoque
769 2489 892 2518 similes
900 2488 1032 2526 Angelis

327 2537 423 2575 facti,
452 2536 639 2566 mereantur
664 2534 725 2572 ipsi
747 2542 875 2572 quoque
905 2533 1032 2563 videre.

327 2582 440 2621 Itaque
468 2581 599 2612 auditus
624 2581 674 2610 est
697 2579 852 2609 meritum
880 2578 1033 2615 videndi,

329 2628 412 2659 visio
434 2627 603 2667 praemium
627 2624 794 2656 audiendi.
812 2625 849 2654 Et
875 2623 965 2661 prius
987 2624 1036 2653 est

333 2673 582 2714 audire,videre
592 2671 765 2713 posterius,
782 2670 865 2702 sicut
880 2669 1035 2707 scriptum

781 231 810 257 S.
836 228 1068 258 BERNARDI
1096 228 1292 255 ABBATIS

1054 282 1123 311 est:
1141 282 1224 311 Audi
1239 281 1317 319 filia,
1330 284 1358 312 et
1369 284 1446 313 vide.
1462 281 1616 320 Quisquis
1631 288 1703 319 ergo
1718 281 1751 311 in

1053 326 1161 356 futuro
1173 327 1279 356 Deum
1292 327 1406 357 videre
1420 327 1594 365 desiderat,
1610 326 1752 364 profecto

1052 381 1186 404 necesse
1204 373 1254 403 est
1267 374 1305 403 ut
1324 373 1358 403 in
1372 374 1524 412 praesenti
1546 373 1637 412 prius
1650 373 1752 403 Deum

1052 417 1173 456 audiat,
1201 419 1234 448 et
1254 417 1290 448 in
1301 418 1414 448 auditu
1428 419 1515 450 auris
1530 418 1672 449 obediat.

1187 539 1358 572 SERMO
1391 540 1613 574 LXXVIII.

1093 613 1181 642 TRIA
1197 614 1287 651 sunt3
1304 614 1541 652 Tabernacula,
1563 613 1671 651 Atria,
1696 610 1758 641 Do-

1052 666 1135 689 mus.
1159 660 1194 688 In
1210 660 1427 690 tabernaculis
1450 660 1525 689 sunt
1540 666 1653 689 omnes
1676 657 1756 694 iusti

1053 705 1088 734 in
1102 713 1198 735 carne
1217 705 1368 736 viventes
1389 707 1421 736 et
1448 706 1631 735 laborantes
1648 712 1657 733 τ
1680 703 1756 741 quia

1048 750 1264 781 ‘tabernacula
1278 752 1495 781 laborantium
1517 751 1593 781 sunt
1613 750 1647 779 et
1670 748 1757 778 mili-

1053 796 1203 826 tantium.
1219 798 1560 827 Tabernaculumvero
1575 795 1674 825 habet
1688 795 1758 824 tec-

1053 843 1133 880 tum,
1151 843 1207 872 sed
1222 842 1431 873 fundamento
1440 843 1539 879 caret,
1556 840 1756 880 etportabile

1055 889 1122 918 est:
1139 888 1213 926 quia
1227 888 1307 925 justi
1322 888 1355 918 in
1372 888 1586 926 praesentibus
1601 894 1665 916 non
1683 886 1758 916 sunt

1054 933 1193 971 fundati,
1205 935 1261 964 sed
1278 934 1445 972 inquirunt
1455 934 1632 971 civitatem,
1648 932 1758 962 desur-

1054 988 1124 1009 sum
1139 980 1348 1010 fundamenta
1358 981 1544 1010 habentem.
1556 979 1650 1008 Fides
1658 978 1757 1008 etiam

1056 1034 1179 1063 eorum,
1195 1035 1266 1063 quae
1282 1027 1330 1055 est
1345 1026 1605 1062 fundamentum,
1622 1032 1688 1054 non
1709 1023 1758 1053 est

1056 1071 1089 1099 in
1105 1071 1256 1108 terrenis,
1269 1071 1326 1101 sed
1340 1071 1375 1100 iu
1386 1071 1534 1100 Domino.
1550 1070 1685 1100 Tectum
1699 1068 1758 1098 ha-

1056 1117 1152 1155 bent,
1179 1117 1213 1146 id
1231 1118 1297 1154 est⁷
1322 1117 1561 1146 munimentum
1587 1115 1697 1154 gratiae
1726 1114 1759 1144 et

1056 1163 1304 1201 protectionem.
1322 1163 1409 1193 Atria
1421 1163 1497 1192 sunt
1511 1162 1620 1192 domui
1635 1160 1758 1198 vicina,

1056 1209 1309 1247 amplitudinem
1334 1209 1498 1238 habentia.
1522 1209 1558 1237 ln
1593 1207 1659 1236 illis
1685 1207 1760 1236 sunt

1056 1253 1172 1283 animae
1188 1255 1305 1283 sanctae
1322 1253 1510 1291 corporibus
1532 1252 1638 1281 exutae
1649 1273 1658 1289 ,
1688 1258 1760 1289 quae

1058 1300 1090 1329 in
1105 1299 1278 1329 latitudine
1293 1299 1389 1335 sunt,
1412 1298 1558 1336 deposita
1580 1296 1685 1326 carnis
1706 1303 1760 1325 an-

1057 1346 1172 1384 gustia.
1205 1346 1294 1375 Atria
1334 1345 1457 1374 habent
1494 1342 1759 1379 fundamentum,

1058 1391 1113 1421 sed
1128 1399 1192 1421 non
1218 1392 1342 1421 tectum
1364 1399 1372 1419 :
1394 1390 1471 1428 quia
1496 1390 1612 1419 animae
1627 1397 1698 1427 quae
1726 1387 1760 1416 in

1057 1446 1165 1466 amore
1173 1437 1327 1474 Deisuut,
1340 1444 1404 1465 non
1419 1437 1528 1473 ruunt,
1544 1434 1633 1464 unde
1647 1435 1761 1464 stantes

1059 1486 1147 1513 erant
1167 1484 1253 1522 pedes
1267 1484 1365 1513 nostri
1380 1492 1390 1512 .·
1405 1482 1463 1512 sed
1478 1489 1545 1510 non
1559 1480 1682 1510 habent
1692 1481 1761 1508 tec·
1787 1475 1796 1484 ’

1058 1529 1126 1557 tum
1149 1529 1255 1557 adhuc
1280 1529 1506 1565 exspectantes
1532 1527 1760 1563 augmentum,

1058 1574 1142 1612 quod
1156 1582 1219 1603 non
1231 1573 1295 1603 erit
1314 1573 1377 1603 nisi
1398 1573 1431 1602 in
1446 1571 1683 1602 resurrectione
1693 1579 1762 1599 cor-

1058 1627 1174 1657 porum
1191 1627 1334 1649 suorum.
1355 1619 1428 1648 Post
1442 1618 1544 1655 ipsam
1564 1624 1639 1646 sane
1655 1623 1762 1645 resur-

1058 1666 1237 1695 rectionem
1258 1673 1330 1694 cum
1353 1664 1481 1702 Angelis
1496 1662 1592 1692 erunt
1606 1661 1640 1690 in
1655 1661 1761 1697 domo,

1058 1720 1130 1749 quae
1155 1711 1254 1740 habet
1289 1710 1536 1740 fundamentum
1566 1708 1599 1737 et
1624 1707 1759 1736 tectum.

1059 1757 1318 1787 Fundamentum
1328 1757 1377 1786 est
1385 1755 1541 1786 stabilitas
1548 1754 1676 1783 aeternae
1687 1752 1762 1781 bea·

1060 1802 1222 1840 titudinis,
1244 1803 1370 1832 tectum
1392 1800 1624 1832 consummatio
1640 1799 1673 1830 et
1688 1807 1763 1838 per-

1061 1849 1157 1880 fectio
1171 1849 1286 1888 ipsius.

1221 1956 1390 1990 SERMO
1428 1952 1602 1987 LXXIX.

1102 2030 1257 2060 Paratum
1269 2037 1321 2058 cor
1334 2034 1446 2062 metm,
1455 2027 1549 2060 Deus,
1557 2024 1706 2063 paralum
1713 2031 1766 2052 cor

1064 2075 1243 2106 nzeicni.Yia
1256 2073 1357 2112 regia,
1372 2072 1511 2108 Fratres,
1526 2078 1587 2099 nec
1603 2069 1642 2098 ad
1655 2069 1766 2099 dexte-

1063 2130 1130 2151 ram
1156 2120 1317 2156 declinat,
1339 2126 1398 2148 nec
1419 2116 1459 2146 ad
1481 2115 1655 2145 sinistram.
1671 2114 1766 2143 Porro

1065 2167 1214 2197 invenire
1240 2167 1289 2195 est
1313 2163 1480 2194 hominem
1500 2161 1602 2191 semel
1635 2159 1766 2198 quidem
1815 2194 1819 2198 ι

1064 2214 1225 2252 paratum,
1240 2219 1304 2241 non
1319 2209 1449 2248 quidem
1466 2207 1618 2238 seeundo.
1629 2205 1660 2235 Si
1676 2205 1767 2234 dixe-

1064 2260 1106 2289 rit
1120 2259 1151 2289 ei
1164 2260 1262 2295 Deus,
1278 2256 1363 2294 Ejice
1378 2255 1525 2285 ancillam
1538 2253 1672 2290 etlilium
1690 2251 1766 2289 eius,

1065 2305 1135 2334 dico
1154 2305 1262 2334 autem
1285 2309 1382 2340 opera
1401 2299 1506 2330 carnis
1525 2308 1534 2327 t
1557 2307 1621 2328 non
1637 2298 1767 2328 cuncta-

1064 2353 1129 2382 tur.
1146 2350 1178 2380 Si
1195 2349 1328 2385 dixerit,
1343 2346 1475 2377 Immola
1485 2345 1564 2375 mihi
1576 2345 1674 2382 filium
1682 2346 1768 2374 tuum

1066 2407 1154 2436 quem
1168 2397 1266 2435 ‹siliqis
1280 2397 1369 2425 Isaac
1395 2403 1406 2423 .-
1427 2392 1486 2422 hoc
1511 2391 1607 2429 plane
1632 2391 1699 2428 jam
1712 2397 1770 2427 pa-

1065 2443 1187 2473 tienter
1203 2440 1316 2471 audire
1331 2447 1395 2468 non
1414 2437 1538 2476 potest,
1561 2437 1598 2466 ut
1619 2435 1768 2465 fraternae

1066 2487 1218 2519 utilitatis
1240 2487 1295 2517 aut
1308 2484 1443 2515 unitatis
1460 2483 1578 2521 gratia,
1594 2479 1769 2520 spiritualis

1067 2534 1228 2565 sustinere
1257 2531 1410 2561 videatur
1434 2528 1535 2558 studii
1561 2525 1766 2557 detrimenta.

1067 2578 1186 2616 Quidni
1210 2576 1343 2614 abjiciat
1368 2574 1464 2604 facile
1495 2579 1610 2603 servus
1633 2569 1769 2606 Christi,

1069 2622 1224 2661 quicquid
1232 2622 1272 2651 ad
1283 2627 1468 2659 corpoream
1483 2617 1645 2655 pertineat
1659 2616 1770 2651 volup-

1070 2667 1196 2698 tatem‘f>
1221 2668 1259 2697 At
1273 2674 1350 2697 vero
1378 2663 1539 2703 spirituali
1567 2659 1769 2700 jucunditate
