1810 3073
524 194 569 220 IN
590 189 790 220 CANTICA
813 188 962 218 sERMO
980 189 1084 216 XXV.

87 260 212 284 rursum
231 248 454 286 nihilominus,
470 246 546 286 quia
564 248 702 285 formosa
720 245 779 281 sit,

87 298 252 337 gloriatur.
265 293 427 333 Quomodo
450 293 537 322 enim
553 300 618 322 non
634 291 780 327 formosa,

87 344 140 373 cui
153 343 280 377 dicitur,
298 340 387 375 Veni,
403 339 540 377 formosa
551 337 643 367 mea?
657 336 713 366 Cui
726 344 783 365 au-

87 391 154 419 tem
175 387 315 423 dicitur,
333 385 430 421 Veni,
456 384 600 413 nondum
622 389 783 421 pervene-

85 434 152 470 rat3
164 439 204 462 ne
217 431 299 461 forte
313 430 384 469 quis
395 429 488 468 putet
501 429 560 458 hoc
573 428 692 458 dictum
702 434 783 464 ,non

85 478 217 516 quidem
235 477 310 507 huic
324 476 424 514 nigrae
437 496 446 512 ‚
459 483 529 513 quae
545 474 648 503 adhuc
660 471 784 502 laborat

86 522 245 553 veniendo
271 523 306 551 in
322 522 392 558 via3
417 521 473 550 sed
494 520 597 549 heatae
617 518 688 555 illi,
711 525 783 555 quae

82 568 148 606 jam
165 576 293 607 prorsus
305 568 425 606 absque
439 565 609 604 nigredine
619 563 735 602 regnat
749 563 782 592 in

83 615 200 655 patria.

125 659 157 690 lt.
183 659 245 690 Sed
265 657 342 689 audi
361 657 448 687 unde
465 655 608 694 nigram,
638 653 672 685 et
695 652 782 684 unde

86 707 256 737 formosam
268 712 301 735 se
314 702 446 733 dixerit.
457 701 503 731 An
516 701 640 739 nigram
650 699 782 738 quidem

85 752 125 781 ob
141 752 257 781 tetram
272 746 548 779 conversationem
561 767 570 783 ,
586 753 682 783 quam
694 744 784 783 prius

86 796 200 827 habuit
215 795 273 825 sub
287 793 435 832 principe
448 791 545 828 hujus
559 791 684 828 mundi,
700 790 783 820 ima-

84 843 194 880 ginem
218 838 381 869 terrestris
401 837 543 866 hominis
576 836 682 866 adhuc
707 844 784 874 por-—

83 889 155 916 tans
170 894 178 915 z
195 885 365 915 formosam
377 891 455 913 vero
471 882 511 912 de
527 881 651 912 coelesti
666 881 782 912 simili-

83 931 196 962 tudine
209 952 219 967 ‚
234 937 331 968 quam
343 928 454 966 postea
469 927 683 957 commutavit
693 948 701 964 ,
715 935 783 956 am-

84 977 197 1006 }›ulans
209 975 276 1013 iam
292 974 326 1004 in
337 973 482 1003 novitate
498 972 596 1003 vitae?
610 972 673 1002 Sed
685 973 710 1002 si
722 973 783 1003 hoc

84 1023 150 1059 ost,
167 1030 224 1052 cur
239 1028 304 1050 non
323 1018 425 1057 magis
441 1019 480 1048 de
496 1018 672 1057 praeterito,
690 1019 784 1056 Nigra

84 1068 131 1097 sui
145 1089 155 1104 ,
172 1068 204 1097 et
219 1075 283 1096 non
298 1067 402 1104 Niqru
411 1073 497 1101 sum,
511 1064 610 1094 dicit?
626 1064 657 1094 Si
671 1065 722 1094 cui
735 1065 784 1094 ta-

83 1122 158 1143 men
171 1113 277 1151 placet
288 1112 341 1141 hic
354 1118 476 1148 sensuS,
486 1110 519 1139 id
529 1110 614 1147 quod
624 1110 782 1148 sequitur,

82 1161 159 1189 sicut
174 1158 372 1189 tabernacula
388 1157 503 1192 cedar,
518 1156 596 1186 sicut
615 1156 704 1194 pelles
724 1158 784 1186 Sa—

83 1206 229 1240 lomom’s,
243 1203 288 1233 sic
304 1202 432 1240 oportet
446 1201 608 1239 intelligi,
622 1202 656 1231 ut
673 1201 713 1231 de
728 1210 784 1231 ve-

83 1250 145 1280 teri
164 1249 295 1288 quidem
317 1246 562 1277 conversatione
590 1246 712 1284 Cedar,
742 1247 782 1276 de

84 1303 168 1325 nova
183 1302 259 1324 vero
284 1292 464 1323 Salomonis
479 1299 512 1321 se
537 1291 660 1320 dixerit
675 1292 783 1322 taber-

83 1341 245 1371 naculum.
262 1340 329 1369 Hoc
355 1338 443 1368 enim
464 1345 533 1367 esse
555 1337 676 1374 pelles,
698 1338 783 1376 quod

83 1385 329 1415 tabernaculum
343 1405 352 1421 ,
381 1382 540 1420 Propheta
569 1382 710 1412 ostendit
733 1383 783 1413 di-

85 1439 161 1460 cens
179 1439 187 1459 :
207 1432 337 1468 Repente
356 1429 479 1459 vastata
493 1429 564 1458 sunt
584 1427 783 1458 tabernacula

83 1485 152 1506 mea
163 1497 172 1512 ,
207 1475 304 1505 subito
328 1474 419 1512 pelles
446 1481 533 1502 νηυσὶ.
561 1472 655 1502 Prius
683 1473 783 1512 igitur

83 1523 185 1560 niqra,
195 1520 278 1551 sicut
285 1519 442 1550 vilissima
450 1518 658 1548 tabernacula
666 1519 781 1549 Cedar:

82 1567 194 1606 postea
222 1568 357 1606 formosa
370 1586 379 1602 ,
409 1564 494 1595 sicut
521 1564 625 1602 pelles
652 1565 781 1603 gloriosi

85 1612 191 1650 Regis.

123 1659 152 1687 5.
172 1657 233 1687 Sed
247 1657 414 1687 videamus
430 1655 588 1695 quomodo
605 1656 645 1687 ad
663 1657 782 1688 statum

82 1704 189 1741 potius
200 1703 277 1732 vitae
287 1703 422 1741 potioris
434 1703 608 1740 utrumque
617 1703 782 1740 respiciat.

83 1749 115 1778 Si
142 1749 384 1778 consideremus
408 1747 558 1777 habitum
586 1748 783 1778 exteriorem

83 1796 285 1832 sanctorum,
302 1802 377 1823 eum
394 1792 498 1831 quiin
516 1792 599 1822 facie
615 1794 676 1830 est,
688 1802 783 1832 quam

83 1840 123 1869 sit
138 1839 270 1869 humilis
285 1839 399 1876 utique
415 1839 448 1868 et
463 1837 629 1876 abjectus,
655 1838 689 1869 et
703 1848 782 1878 qua-

83 1885 156 1914 dam
188 1885 356 1922 neglectus
388 1883 530 1921 incuria3
565 1892 640 1913 cum
673 1884 782 1915 tamen

84 1930 272 1960 idemtidem
289 1930 378 1960 intus
393 1929 538 1959 revelata
553 1929 636 1959 facie
649 1929 782 1967 gloriam

83 1976 141 2005 Dei
157 1977 380 2014 speculantes,
398 1975 431 2005 in
443 1975 591 2005 eamdem
608 1975 782 2013 imaginem

82 2022 352 2052 transformentur
374 2022 414 2051 de
430 2020 581 2051 claritate
598 2021 631 2050 in
654 2022 782 2052 clarita-

82 2068 149 2096 tem
158 2088 167 2104 ,
177 2068 339 2104 tamquam
352 2075 369 2096 a
380 2066 512 2096 Domini
528 2066 663 2104 spiritu:
675 2075 782 2098 nonne

82 2121 146 2142 una
161 2112 315 2151 quaelibet
328 2112 402 2142 talis
416 2112 524 2142 anima
552 2112 670 2142 merito
690 2113 783 2143 nobis

82 2158 247 2188 videbitur
261 2166 354 2196 posse
370 2157 566 2196 respondere
583 2159 783 2196 exprobran-

81 2204 169 2234 tibus
186 2203 248 2233 sibi
268 2203 472 2242 nigredinem
489 2212 498 2232 τ
517 2205 618 2243 Niqra
632 2214 718 2242 sum,
733 2208 783 2236 secl

83 2249 239 2286 formosa?
253 2250 309 2279 Vis
329 2249 390 2278 tibi
407 2249 547 2287 denique
564 2250 781 2281 demonstrem

83 2293 221 2323 animam
240 2294 273 2324 et
295 2294 420 2333 nigram
440 2294 583 2332 pariter,
607 2295 641 2325 et
661 2295 782 2327 formo-

83 2339 170 2367 sam?
185 2341 344 2377 Epistulae,
366 2339 536 2378 inquiunt,
553 2350 658 2379 qraves
678 2344 749 2372 suut
772 2353 780 2372 .·

83 2386 131 2412 sm!
145 2386 307 2422 proesentia
322 2387 456 2423 corporis
477 2386 600 2423 infirma
609 2407 619 2423 ‚
640 2388 668 2417 et
682 2396 781 2418 sermo

83 2430 324 2467 1.·‹1ntemplibilis.
350 2431 469 2461 Paulus
497 2431 550 2461 hic
579 2432 660 2461 erat.
690 2433 780 2463 Itane

83 2474 230 2512 Paulum,
243 2483 260 2504 ο
274 2475 348 2505 filiae
359 2476 551 2514 Jerusalem,
560 2476 600 2506 de
608 2479 781 2515 praesentia

84 2520 225 2558 corporis
239 2520 406 2550 aestimatis
418 2543 426 2558 ,
443 2521 476 2551 et
499 2522 663 2560 tamquam
684 2522 781 2553 deco-

85 2564 185 2594 lorem
197 2564 439 2604 deformemque
462 2565 668 2596 contemnitis
679 2589 688 2605 ,
703 2567 779 2606 quia

84 2610 216 2640 cernitis
232 2610 464 2644 homunculum
487 2611 637 2644 afflictari
650 2614 682 2642 in
697 2613 779 2651 same

1453 190 1511 220 229

813 245 842 274 el
852 244 921 280 siti,
937 244 968 274 in
980 243 1093 282 friqore
1105 244 1133 273 et
1149 244 1283 273 nuditate
1293 266 1301 280 ,
1315 245 1343 273 in
1356 245 1511 275 laboribus

812 290 965 328 plurimis,
977 290 1009 318 iu
1016 289 1115 327 plagis
1125 297 1219 326 supra
1229 290 1368 325 modum,
1384 291 1415 318 in
1426 299 1512 320 mor-

815 335 893 365 tibus
913 333 1108 373 frequenter?
1131 334 1206 363 Haec
1231 334 1304 362 sunt
1327 343 1397 371 quae
1419 336 1512 365 deni—

815 381 906 418 grant
923 381 1068 410 Paulum.
1098 380 1157 408 Pro
1182 378 1366 416 hujusmodi
1397 380 1513 409 Doctor

815 426 960 463 gentium
975 425 1145 464 reputatur
1159 423 1332 462 inglorius,
1350 423 1510 462 ignobilis,

816 471 928 509 niger,
945 470 1288 508 obscurus3tamquam
1304 468 1443 506 denique
1459 478 1515 506 pe-

815 516 955 554 ripsema
970 515 1196 554 hujusmundi.
1212 515 1384 544 Enimvero
1408 521 1514 544 nonne

816 562 885 600 ipse
911 562 960 593 est
974 562 1030 601 qui
1044 562 1171 600 rapitur
1185 561 1219 590 in
1233 559 1418 599 paradisum
1431 580 1439 596 ,
1459 560 1515 597 qui

817 616 916 637 unum
931 608 1133 646 alterumque
1148 606 1376 645 perambulans
1389 627 1397 642 ,
1412 613 1514 642 usque

815 653 860 682 ad>
878 652 1012 683 tertium
1032 653 1084 683 sui
1108 652 1250 691 puritate
1274 650 1428 690 penetrat
1449 658 1518 680 coe-

816 697 901 728 lum?
915 698 941 727 0
954 705 1030 728 vere
1041 697 1261 737 pulcherrima
1274 696 1381 726 anima
1390 696 1397 726 t
1406 704 1515 734 quam,

816 743 876 774 etsi
892 744 1056 774 infirmum
1080 742 1318 774 inhabitantem
1342 749 1517 780 corpuscu-

817 790 881 819 lum
892 811 900 827 ,
914 789 1100 827 pulcritudo
1111 789 1253 819 coelestis
1265 787 1438 817 admittere
1451 795 1515 816 non

815 834 984 874 despexit,
1007 835 1153 873 angelica
1177 833 1360 864 sublimitas
1376 841 1440 862 non
1463 841 1515 862 re-

813 880 910 919 jecit,
924 881 1053 911 claritas
1068 880 1179 911 divina
1194 888 1259 910 non
1279 879 1412 917 repulit.
1427 879 1515 907 Hanc

816 935 871 956 vos
886 927 996 957 dicitis
1010 925 1156 965 nigram?
1173 926 1267 964 Nigra
1289 926 1355 963 est,
1371 925 1428 955 sed
1452 924 1516 953 for-

815 979 924 1010 mosa,
947 971 1023 1002 filjae
1047 971 1238 1001 Jerusalem.
1265 970 1360 1009 Nigra
1384 970 1492 999 vestro
1506 990 1516 1006 ‚

816 1017 952 1047 formosa
984 1017 1097 1048 divino
1131 1016 1342 1055 angelicoque
1376 1015 1515 1052 judicio.

816 1063 881 1093 Etsi
897 1064 989 1102 nigra
1004 1064 1071 1101 est,
1094 1061 1273 1092 forinsecus
1289 1061 1350 1092 est.
1373 1061 1442 1091 Sibi
1458 1069 1516 1090 au-

816 1109 882 1138 tem
893 1118 951 1148 pro
968 1109 1103 1139 minimo
1119 1109 1185 1146 est,
1202 1109 1240 1138 ut
1254 1116 1272 1137 a
1283 1107 1375 1137 vobis
1388 1106 1516 1144 judice-

816 1155 885 1192 tur,
902 1155 958 1185 aut
979 1155 1018 1184 ab
1041 1154 1093 1184 his
1117 1153 1173 1192 qui
1195 1153 1372 1183 secundum
1399 1152 1516 1181 faciem

813 1199 972 1237 J'udicant.
986 1201 1086 1230 Homo
1098 1199 1259 1238 siquidem
1275 1200 1354 1229 videt
1374 1200 1406 1228 in
1419 1198 1515 1236 facie,

816 1248 897 1276 Deus
908 1247 1011 1276 aulem
1029 1247 1166 1276 intuetur
1185 1254 1247 1274 cor.
1264 1244 1439 1282 Propterea
1454 1244 1516 1273 etsi

815 1291 905 1330 nigra
930 1291 1026 1329 foris,
1049 1291 1107 1321 sed
1129 1291 1215 1320 intus
1242 1289 1401 1327 formosa,
1427 1289 1465 1319 ut
1485 1290 1516 1319 ei

815 1338 942 1375 placeat
957 1337 1009 1367 cui
1028 1345 1063 1367 se
1077 1335 1238 1375 probavit.
1256 1336 1324 1365 Non
1350 1335 1438 1365 enim
1460 1343 1517 1364 vo-

816 1382 865 1412 bis
879 1391 887 1412 :
904 1383 1021 1421 quibus
1036 1382 1063 1412 si
1088 1382 1194 1412 adhuc
1219 1380 1382 1419 placeret,
1398 1380 1515 1410 Christi

816 1437 926 1459 servus
941 1437 1006 1458 non
1022 1428 1118 1458 esset.
1138 1428 1241 1457 Fssux
1264 1425 1398 1465 nigredo
1410 1447 1419 1463 ,
1445 1435 1516 1465 quae

816 1474 1114 1504 inentiscandorem
1127 1473 1224 1511 parit,
1233 1472 1346 1502 lumen
1357 1471 1516 1510 scientiae,

816 1519 1020 1550 conscientiae
1043 1518 1232 1558 puritatem.

855 1565 885 1595 6.
898 1565 980 1596 Audi
999 1565 1139 1603 denique
1154 1564 1234 1603 quid
1254 1571 1313 1602 per
1323 1563 1514 1602 Prophetam

817 1613 902 1642 Deus
916 1611 1085 1650 promittat
1100 1610 1283 1641 istiusmodi
1298 1609 1416 1648 nigris,
1437 1619 1517 1649 quoe<

816 1658 872 1687 aut
883 1657 1050 1687 humilitas
1063 1656 1266 1695 poenitentiae
1276 1678 1285 1694 ,
1302 1657 1356 1686 aut
1371 1656 1517 1686 caritatis

817 1702 921 1740 zelus,
945 1702 1110 1741 tamquam
1139 1702 1216 1732 solis
1240 1702 1359 1739 aestus,
1385 1701 1517 1731 decolo—

816 1755 901 1778 rasse
916 1747 1059 1778 videtur.
1083 1749 1119 1778 St·
1141 1748 1279 1786 fuerint,
1305 1747 1368 1784 ait,
1390 1749 1514 1785 peccata

818 1794 917 1822 vestra
928 1794 962 1823 ut
977 1794 1143 1830 coccinum,
1153 1794 1244 1831 quasi
1255 1794 1313 1822 uix
1328 1792 1517 1822 dealbabun-

817 1840 886 1876 tur,·
903 1840 930 1868 ct
943 1839 970 1869 si
977 1839 1092 1876 fuerint
1105 1838 1204 1868 rubra
1219 1839 1309 1876 quasi
1320 1839 1514 1873 vermiculus,

816 1885 896 1914 velut
917 1885 992 1914 lanu
1017 1884 1090 1914 alba
1104 1885 1205 1913 eruut.
1222 1884 1291 1913 Non
1313 1884 1410 1921 plane
1437 1891 1516 1913 con-

816 1929 989 1959 temnenda
1005 1929 1039 1959 in
1050 1929 1169 1959 sanctis
1177 1929 1237 1959 ista
1248 1929 1382 1968 nigredo
1390 1929 1516 1966 extera,

815 1984 887 2013 quae
908 1975 1080 2005 candorem
1102 1976 1254 2013 operatur
1275 1974 1460 2012 internum,
1483 1978 1517 2006 et

815 2021 924 2050 sedem
934 2020 1068 2059 proinde
1079 2021 1237 2059 praeparat
1246 2020 1424 2059 sapientiae.
1435 2022 1517 2051 Can-

815 2068 870 2097 dor
886 2069 928 2097 cst
947 2067 1036 2096 enim
1053 2068 1122 2097 vitoe
1148 2067 1270 2097 oeternae
1285 2066 1463 2104 sapientia,
1480 2068 1517 2096 ut

815 2112 949 2150 Sapiens
971 2112 1090 2142 diffinit
1113 2121 1119 2140 z
1140 2112 1172 2142 et
1193 2111 1364 2142 candidam
1390 2113 1517 2150 oportet

816 2167 885 2188 esse
901 2158 1042 2188 animam
1053 2179 1062 2195 ,
1076 2157 1109 2187 in
1125 2165 1187 2196 qua
1200 2157 1268 2196 ipsa
1282 2157 1393 2188 sedem
1410 2158 1516 2196 elege-

815 2204 868 2234 rit.
880 2203 970 2241 Quod
985 2204 1011 2234 si
1029 2204 1221 2241 avnz'majustz·
1239 2204 1320 2233 sedes
1334 2204 1377 2233 est
1391 2204 1515 2241 sapien-

815 2251 881 2286 tiae,
900 2248 986 2279 haud
1006 2248 1105 2278 dubie
1118 2248 1258 2278 dixerim
1274 2247 1415 2278 animam
1435 2248 1516 2285 justi

815 2303 884 2325 esse
901 2294 1081 2325 candidam.
1094 2294 1132 2324 Et
1149 2293 1292 2324 fortassis
1303 2293 1430 2331 justitia
1444 2294 1516 2332 ipsa

815 2340 934 2370 candor
954 2340 1014 2370 est.
1031 2340 1141 2370 Justus
1160 2340 1271 2369 autem
1296 2339 1365 2369 erat
1379 2340 1513 2377 Paulus,

815 2386 866 2416 cui
879 2387 1012 2425 reposita
1027 2385 1134 2416 suerat
1154 2393 1269 2416 corona
1278 2385 1417 2424 justitioe.
1433 2386 1515 2415 Can—

814 2430 888 2460 dida
903 2431 1038 2470 proinde
1059 2431 1151 2461 Pauli
1173 2431 1282 2461 anima
1305 2430 1392 2468 erat,
1419 2431 1451 2460 et
1465 2439 1514 2459 sa-

814 2476 938 2514 pientia
948 2476 1082 2507 sedebat
1093 2476 1128 2507 in
1144 2485 1182 2507 ea
1192 2499 1202 2515 ,
1214 2476 1260 2507 ita
1270 2477 1307 2507 ut
1321 2475 1512 2514 sapientiam

815 2523 1002 2561 loqueretur
1017 2522 1103 2554 inter
1118 2523 1278 2562 perfectos
1288 2544 1297 2559 ,
1319 2520 1511 2559 sapientiam

815 2568 847 2598 in
864 2569 1018 2606 mysterio
1045 2568 1265 2598 absconditam
1279 2589 1288 2605 ,
1303 2574 1399 2605 quam
1416 2573 1513 2594 nemo

812 2614 995 2656 principum
1010 2614 1124 2646 mundi
1150 2614 1245 2651 hujiis
1262 2611 1402 2652 agnovit·
1415 2611 1512 2641 Porro
