1810 3073
298 200 355 231 176

295 255 466 294 expensis,
481 257 515 287 et
533 257 573 288 de
596 257 665 296 ipsa
686 258 783 289 facile
805 259 990 289 holocausta

295 301 469 332 medullata
491 303 606 333 offerre
627 303 842 334 sufficiebant.
864 304 993 333 Funde-

294 346 372 376 bant
386 348 503 385 passim
519 349 665 380 sudantia
680 351 811 388 pectora
833 350 991 387 liquorem

292 395 459 431 sanctum,
486 403 550 433 quo
579 395 703 424 imbuta
728 395 857 433 plenius
879 395 991 432 erant,

291 440 419 476 quando
435 441 651 478 loquebantur
666 442 764 470 variis
776 441 893 478 linguis
903 449 992 478 mag-

290 484 375 514 nalia
398 486 457 515 Dei
469 508 477 523 ,
493 487 587 524 prout
601 486 738 524 Spiritus
756 488 884 516 sanctus
897 487 990 517 dabat

291 530 397 568 eloqui
422 532 498 561 illis.
521 532 584 561 Nec
613 532 747 561 dubium
778 533 857 570 quin
883 534 916 562 et
941 533 990 561 illi

289 575 492 606 abundarent
517 577 633 605 iisdem
658 578 851 615 unguentis,
872 578 991 616 quibus

289 622 458 659 Apostolus
476 622 697 651 testimonium
712 624 924 661 perhibebat,
941 624 990 654 di—

290 674 366 695 cens
381 674 389 694 1
407 667 533 696 Gratias
549 675 606 705 aqo
627 668 691 697 Deo
712 677 778 697 meo
799 677 916 707 semper
932 678 989 707 pro

287 710 372 740 vobis
389 712 419 740 in
440 713 543 749 qratia
556 713 636 748 Dei,
655 721 722 750 quse
745 714 820 743 (luta
841 715 884 744 est
905 714 989 744 vobis

287 757 319 784 in
340 756 460 786 Christo
475 758 564 787 16311.-
578 759 651 796 qula
673 759 706 787 in
726 759 868 790 omnibus
886 760 988 789 divites

286 802 362 838 lacti
387 803 457 832 estis·
481 803 512 831 in
540 803 612 840 illo,
635 805 668 833 in
690 806 776 834 omni
796 805 888 834 verbo
907 807 936 834 et
956 806 985 834 in

286 848 372 876 omni
387 849 531 885 scientia,
552 850 629 879 sicut
650 851 853 880 testimonium
877 851 989 881 Christi

285 894 502 930 confirmatum
521 896 565 924 est
591 896 622 923 in
649 896 755 932 robis,
783 897 827 925 ita
854 898 888 926 ut
912 897 987 927 1111111

285 939 370 969 vob1's
389 940 463 969 desit
476 941 508 968 in
522 941 588 969 ulla
603 942 717 978 qratia.
734 941 864 970 Utinam
882 942 915 971 et
929 950 987 979 pro

286 983 377 1013 vobis
394 992 452 1021 ego
468 985 526 1014 has
542 985 627 1023 ipsas
642 986 761 1023 gratias
779 986 901 1016 referre
917 996 988 1024 pos-

284 1028 344 1057 sim
358 1050 367 1066 ,
391 1031 428 1058 ut
443 1029 572 1059 videam
596 1039 653 1061 vos
674 1031 793 1061 divites
808 1032 841 1061 in
857 1032 987 1062 virtuti-

285 1074 364 1112 hus,
380 1075 502 1104 alacres
516 1075 548 1104 in
563 1076 713 1106 laudibus
729 1077 789 1106 Dei
801 1098 810 1114 ,
825 1077 986 1116 spirituali

286 1119 346 1149 hac
378 1120 579 1158 pinguedine
614 1122 835 1152 abundantius
870 1123 988 1153 redun-

283 1165 400 1196 dantes
415 1166 451 1196 in
466 1166 590 1197 Christo
605 1167 682 1197 Jesu
697 1168 832 1198 Domino
845 1170 965 1199 nostro.

501 1287 670 1320 SEmIO
698 1288 771 1322 XI.

282 1356 324 1381 De
334 1356 459 1386 duobus,
470 1357 524 1381 hoc
535 1360 572 1381 est
586 1357 685 1381 fructu
697 1360 722 1381 et
735 1358 834 1387 modo,
844 1358 987 1389 pertinen-

343 1393 418 1417 tibus
431 1393 465 1416 ad
482 1400 549 1423 opus
561 1393 695 1417 humanae
709 1394 917 1424 redemptionis.

324 1447 354 1477 1.
369 1448 498 1477 D1x1in
511 1448 574 1478 fine
592 1449 749 1478 sermonis
762 1471 771 1487 ,
784 1457 845 1480 1166
858 1458 909 1480 1116
922 1450 985 1480 ite-

282 1501 354 1523 rare
384 1494 491 1532 piget,
519 1494 605 1532 quod
632 1495 761 1532 cupiam
787 1504 844 1525 vos
873 1504 984 1526 omnes

281 1539 351 1570 fieri
372 1548 469 1570 sacrae
492 1540 654 1570 unctionis
677 1541 872 1580 participes,
895 1543 984 1572 illius

282 1585 462 1623 videlicet,
493 1585 525 1614 111
551 1594 614 1623 qua
640 1586 699 1615 Dei
725 1586 885 1616 beneficia
911 1596 998 1620 611111,

282 1629 396 1659 laetitia
430 1631 464 1660 et
494 1631 671 1667 gratiarum
706 1632 833 1661 actione
868 1634 998 1663 recoliti

283 1676 394 1705 sancta
409 1675 550 1705 devotio.
575 1677 639 1706 Hoc
665 1677 752 1706 enim
769 1678 888 1708 bonum
913 1679 982 1718 est,

282 1723 350 1751 tum
366 1722 498 1759 propter
513 1723 704 1752 relevandos
720 1724 796 1753 vitae
815 1726 984 1761 praesentis

280 1767 406 1797 labores
417 1789 426 1805 ,
442 1768 498 1805 qui
511 1769 625 1806 utique
640 1769 983 1801 tolerabilioresnobis

280 1812 360 1842 liunt
385 1813 627 1843 exsultantibus
648 1813 680 1842 in
698 1814 791 1845 laude
814 1815 874 1845 Dei
889 1817 982 1846 :tum

279 1857 356 1895 quia
375 1857 459 1886 1111111
485 1858 529 1887 ita
546 1859 677 1896 proprie
693 1860 865 1897 quemdam
888 1860 983 1891 terris

278 1903 490 1939 repraesentat
521 1904 662 1934 coelestis
688 1905 899 1936 habitationis
921 1899 996 1937 sta-¹⁴

279 1951 347 1978 tum
363 1971 372 1987 ,
387 1950 470 1979 sicut
482 1950 630 1980 alacritas
647 1951 850 1981 laudantium
865 1953 981 1992 Deum,
995 1961 996 1967 ¹

278 1995 443 2033 Scriptura
459 1995 588 2026 dicente
602 2005 610 2025 t
627 1998 717 2027 Beati
734 1999 786 2036 qui
799 1997 939 2029 habitant
951 1990 995 2033 in}

277 2041 365 2069 domo
383 2042 435 2070 11111
456 2042 586 2070 Domine
599 2042 609 2070 .'
624 2043 656 2071 in
670 2043 783 2072 soecula
800 2044 982 2074 soeculormn

280 2085 449 2115 laudabunt
460 2088 497 2116 te.
509 2086 555 2116 De
570 2087 628 2116 hoc
641 2088 805 2126 praecipue
814 2090 982 2126 unguento
993 2102 994 2107 ¹

279 2133 357 2167 puto
384 2131 505 2162 dixisse
532 2133 727 2171 Prophetam
751 2142 758 2162 :
786 2136 863 2164 Ecce
889 2144 981 2173 quam

280 2175 393 2205 bonum
411 2180 440 2206 et
455 2187 548 2215 quam
566 2178 739 2215 jucundum
759 2180 900 2210 habitare
916 2181 983 2218 fra-

278 2222 337 2250 tres
354 2222 384 2249 in
399 2231 517 2261 111111111,·
532 2225 609 2254 sicut
625 2227 813 2263 unquentum
825 2226 857 2255 in
872 2228 979 2265 capite.

279 2266 386 2303 Neque
407 2267 494 2296 enim
515 2270 617 2306 priori
638 2271 770 2300 videtur
791 2279 883 2309 posse
904 2281 982 2302 con-

277 2319 404 2349 gruere.
422 2313 506 2342 Illud
522 2315 608 2344 enim
625 2317 685 2346 etsi
701 2317 823 2346 bonum
839 2318 899 2355 sit,
916 2327 980 2348 non

279 2359 328 2387 est
353 2360 462 2387 tamen
482 2358 660 2394 jucundum
678 2371 685 2390 ε
700 2362 776 2400 quia
798 2364 978 2394 recordatio

277 2405 481 2440 peccatorum
513 2407 763 2437 amaritudinem
793 2408 888 2446 facit,
914 2419 978 2440 non

275 2448 525 2484 iucunditatem.
557 2451 619 2480 Sed
646 2461 705 2482 nec
731 2454 786 2490 qui
822 2454 903 2484 illud
931 2446 993 2485 111-1

278 2495 385 2533 ciunt,
403 2496 435 2524 in
451 2504 552 2525 unum
568 2497 733 2535 habitant,
750 2507 824 2527 611111
839 2500 975 2538 quisque

278 2543 408 2577 peccata
434 2542 562 2580 propria
599 2544 707 2581 lugeat
742 2545 839 2581 atque
866 2545 977 2583 deplo-

277 2587 339 2616 ret.
356 2588 416 2625 Qui
430 2596 505 2618 vero
522 2589 554 2618 in
567 2589 741 2627 gratiarum
760 2590 886 2619 actione
902 2599 976 2620 ver·
990 2626 991 2630 Ἰ

276 2635 388 2664 santur
403 2657 411 2673 ,
427 2635 528 2665 Deum
542 2636 643 2665 solum
661 2635 826 2665 intuentur
841 2637 871 2665 et
889 2637 976 2675 cogi-

763 208 792 234 S.
824 207 1059 235 BERNARDI
1083 208 1273 238 ABBATIS

1029 260 1114 297 tant3
1136 269 1172 291 ac
1188 271 1247 300 per
1263 264 1324 294 hoc
1340 263 1404 302 ipsi
1425 271 1502 295 vere
1524 263 1673 298 habitant
1693 265 1725 296 in

1029 313 1140 334 unum.
1156 307 1279 338 Bonum
1295 310 1344 340 est
1359 310 1466 340 autem
1483 309 1566 348 quod
1582 309 1703 340 faciunt
1713 333 1726 350 .,

1028 351 1103 387 quia
1117 354 1472 392 servanteijustissime
1487 355 1622 394 gloriam
1636 355 1726 393 cujus

1027 397 1075 425 est
1097 404 1105 424 :
1127 397 1160 426 et
1186 398 1400 430 nihilominus
1427 401 1629 438 jucundum,
1650 399 1727 439 quia

1025 441 1178 472 delectat.

1064 487 1094 516 2.
1118 488 1334 525 Quamobrem
1358 490 1476 522 suadeo
1499 491 1590 522 vobis
1614 492 1728 523 amicis

1025 536 1105 566 meis
1120 537 1290 568 reflectere
1306 539 1468 569 interdum
1484 541 1601 578 pedem
1617 548 1635 569 a
1659 548 1730 570 mo·-

1024 583 1104 612 lesta
1120 585 1152 613 et
1167 584 1263 614 anxia
1275 585 1497 616 recordatione
1512 587 1638 616 viarum
1652 594 1728 616 ves-

1023 629 1160 668 trarum,
1180 631 1211 660 et
1227 631 1367 660 evadere
1389 631 1422 660 iu
1439 632 1557 661 itinera
1581 632 1726 669 planiora

1022 676 1194 706 serenioris
1210 676 1373 706 memoriae
1390 677 1624 706 beneficiorum
1647 676 1726 715 Dei3
1747 684 1752 685 ⁷

1022 721 1057 750 ut
1081 721 1136 758 qui
1162 722 1196 751 in
1221 722 1313 752 vobis
1338 722 1593 760 confundimini,
1624 722 1724 760 ipsius

1022 765 1143 796 intuitu
1174 767 1352 805 respiretis.
1379 769 1459 798 Volo
1494 776 1550 798 vos
1580 767 1723 805 experiri

1021 810 1102 841 illud
1125 812 1210 850 quod
1234 815 1361 843 sanctus
1382 814 1544 852 Propheta
1565 812 1724 850 consulit,

1020 857 1153 888 dicens:
1175 859 1331 888 Deiectare
1353 861 1385 888 z'n
1408 861 1559 895 Domino,
1585 861 1614 888 et
1641 858 1725 889 flabit

1020 902 1074 931 libi
1094 904 1251 941 petitiones
1272 905 1369 934 cortils
1385 905 1440 934 ΐιιί.
1458 904 1497 932 Et
1520 903 1651 941 quidem
1666 910 1726 932 ne-

1020 948 1174 978 cessarius
1193 949 1282 978 dolor
1296 957 1353 987 pro
1368 949 1510 987 peccatis
1521 970 1529 986 ‚
1546 948 1602 978 sed
1617 948 1643 978 si
1660 956 1724 977 non

1019 992 1060 1021 sit
1075 993 1258 1023 continuus.
1274 995 1355 1024 Sane
1379 995 1593 1033 interpoletur
1606 994 1723 1024 laetiori

1020 1039 1241 1068 recordatione
1272 1039 1391 1069 divinae
1416 1040 1645 1077 benignitatis,
1677 1047 1721 1069 ne

1020 1082 1101 1113 forte
1116 1093 1182 1122 prae
1199 1085 1329 1114 tristitia
1341 1085 1512 1115 induretur
1527 1093 1598 1122 cor,
1615 1086 1648 1115 et
1666 1084 1724 1114 de-

1019 1137 1109 1166 spera
1116 1130 1201 1160 tione
1209 1131 1280 1168 plus
1288 1131 1411 1168 pereat.
1420 1131 1608 1160 Misceamus
1619 1130 1725 1160 absin-

1019 1175 1087 1204 thio
1100 1177 1182 1214 mel,
1194 1177 1230 1206 ut
1242 1176 1379 1206 salubris
1391 1176 1572 1206 amaritudo
1585 1176 1721 1206 salutem

1018 1220 1094 1250 dare
1110 1223 1186 1251 tunc
1201 1223 1318 1260 possit,
1335 1231 1407 1251 curn
1430 1223 1579 1252 immixto
1595 1224 1723 1261 tempe-

1019 1267 1085 1296 rata
1101 1267 1231 1298 dulcore
1251 1268 1319 1297 bibi
1335 1269 1466 1306 poterit.
1483 1269 1565 1298 Audi
1581 1269 1721 1307 denique

1019 1311 1139 1348 Deum,
1173 1313 1331 1350 quomodo
1355 1313 1424 1351 ipse
1460 1313 1591 1343 contriti
1617 1313 1723 1343 cordis

1017 1358 1179 1395 temperat
1200 1359 1451 1388 amaritudinem
1463 1381 1471 1397 ,
1488 1359 1646 1397 quomodo
1660 1367 1722 1397 pu-

1017 1403 1212 1433 sillanimem
1247 1413 1264 1434 a
1299 1404 1534 1442 desperationis
1569 1404 1722 1434 barathro

1016 1451 1163 1487 revocat,
1176 1451 1333 1487 quomodo
1346 1450 1520 1492 blandae'et
1534 1450 1637 1480 fidelis
1648 1458 1722 1488 pro-

1015 1495 1175 1525 missionis
1191 1497 1288 1525 1116116
1312 1497 1505 1526 moerentem
1521 1496 1719 1534 consolatur,

1016 1541 1112 1580 erigit
1134 1542 1347 1572 diffidentem.
1364 1542 1415 1571 Ait
1430 1551 1488 1580 per
1501 1542 1718 1580 Prophetam:

1016 1588 1079 1625 qu
1095 1589 1123 1617 111
1128 1588 1256 1624 [ornabo
1272 1596 1304 1617 os
1316 1589 1402 1617 11111111
1417 1588 1506 1618 laude
1521 1596 1590 1617 mea
1600 1609 1610 1624 ,
1625 1589 1720 1618 ’116τή-

996 1628 1121 1663 ¹‘tei-eas.
1139 1633 1204 1662 Hoc
1231 1633 1297 1671 est,
1323 1634 1367 1662 Ne
1394 1633 1516 1663 intuitu
1541 1633 1720 1663 facinorum

1014 1678 1142 1707 tuorum
1157 1678 1292 1707 nimiam
1314 1679 1457 1708 incurras
1472 1678 1655 1716 tristitiam,
1671 1679 1719 1708 at-

1014 1732 1076 1761 que
1091 1724 1193 1754 instar
1218 1724 1347 1754 effrenis
1370 1724 1445 1763 equi
1471 1724 1659 1762 desperatus
1683 1724 1718 1754 in

1013 1778 1157 1808 praeceps
1177 1779 1269 1807 ruas,
1285 1772 1318 1800 et
1337 1778 1469 1808 pereas;
1494 1770 1586 1799 freno
1600 1771 1651 1807 te,
1667 1769 1717 1800 in-

1014 1815 1099 1853 quit,
1132 1815 1288 1845 inhibebo
1321 1815 1532 1853 indulgentiae
1558 1824 1657 1853 meze,
1684 1817 1717 1847 et

1014 1862 1095 1891 meis
1110 1861 1258 1891 laudibus
1274 1863 1412 1900 erigam,
1429 1861 1668 1899 respirabisque
1682 1861 1715 1891 in

1013 1907 1104 1936 bonis
1135 1907 1234 1944 meis,
1259 1908 1315 1945 qui
1340 1907 1380 1937 de
1416 1908 1480 1936 tuis
1512 1906 1717 1937 confunderis

1012 1953 1104 1982 malis
1112 1975 1121 1990 ,
1131 1953 1270 1983 (1111111116
1280 1961 1357 1983 sane
1367 1953 1591 1990 benigniorem
1600 1974 1609 1989 ‚
1619 1960 1716 1990 quam

1013 1998 1043 2026 te
1060 1998 1305 2036 culpabiliorem
1322 1998 1481 2027 invenies.
1498 1998 1565 2026 Hoc
1581 1997 1672 2027 freno
1686 1997 1713 2027 si

1011 2042 1190 2073 infrenatus
1206 2043 1319 2073 suisset
1336 2044 1410 2073 Cain
1420 2066 1429 2081 ,
1442 2051 1648 2081 nequaquam
1659 2043 1713 2073 de-

1011 2090 1168 2127 sperando
1194 2090 1355 2120 dixisset:
1379 2089 1481 2127 Major
1504 2090 1547 2119 est
1568 2089 1714 2126 iniquitas

1012 2144 1098 2172 mea,
1124 2145 1218 2173 quam
1244 2138 1276 2165 ut
1300 2136 1423 2165 reniam
1448 2143 1581 2164 merear.
1606 2134 1712 2172 Absit,

1011 2181 1105 2210 absit.
1122 2182 1220 2218 MaJor
1236 2181 1321 2211 enim
1335 2181 1383 2210 est
1399 2181 1468 2217 ejus
1483 2180 1604 2218 pietas,
1617 2187 1712 2218 quam

1011 2227 1133 2265 quaevis
1146 2227 1310 2265 iniquitas.
1328 2226 1401 2256 Ideo
1414 2227 1521 2264 justus
1534 2234 1598 2255 non
1614 2226 1712 2256 conti-

1011 2281 1091 2310 nue,
1108 2273 1164 2302 sed
1186 2273 1311 2302 tantum
1327 2272 1359 2301 in
1374 2272 1535 2310 principio
1556 2271 1710 2302 sermonis

1011 2320 1175 2348 accusator
1191 2320 1239 2348 est
1262 2318 1311 2347 sui
1333 2327 1340 2347 :
1358 2326 1452 2356 porro
1475 2319 1584 2348 autem
1599 2318 1634 2347 in
1652 2317 1710 2347 Dei

1013 2365 1120 2395 laudes
1138 2365 1284 2394 extrema
1300 2363 1457 2394 sermonis
1473 2364 1623 2394 claudere
1639 2371 1711 2393 con-

1010 2411 1126 2440 suevit.
1143 2411 1260 2440 Yidete
1276 2410 1416 2448 denique
1437 2410 1561 2447 justum
1577 2410 1638 2440 hoc
1658 2417 1709 2439 or-

1010 2456 1083 2485 dine
1114 2455 1355 2494 procedentem.
1380 2456 1534 2493 Coqitavz‘,
1557 2454 1620 2492 ait,
1644 2455 1709 2484 vias

1011 2512 1091 2532 »was
1100 2524 1109 2539 ,
1119 2504 1146 2532 e!
1158 2503 1291 2533 converti
1298 2502 1385 2540 pedes
1398 2510 1478 2531 meos
1493 2502 1525 2530 in
1541 2500 1708 2531 testimonia

1010 2550 1079 2585 11111,-
1098 2549 1133 2577 ut
1156 2548 1211 2585 qui
1237 2546 1392 2577 videlicet
1417 2545 1645 2576 contritionem
1676 2542 1709 2573 et

1011 2593 1235 2623 infelicitatem
1251 2593 1285 2622 in
1299 2593 1362 2622 viis
1382 2591 1519 2630 propriis
1539 2597 1712 2629 perpessus

1011 2638 1131 2676 suerat:
1148 2638 1180 2668 in
1197 2639 1248 2669 via
1265 2637 1520 2668 testimoniorum
1531 2636 1591 2667 Dei
1604 2635 1708 2668 delec-
