1810 3073
287 198 343 227 292
755 201 782 226 5.
806 198 1041 226 BERNARDi
1061 200 1251 227 ABBATIS

278 253 351 283 duit
371 260 407 283 ac
429 253 622 292 perstrinxit
635 254 823 283 cunctorum
846 252 981 282 intuen-
1014 251 1095 281 mihi
1111 261 1253 291 propono
1267 254 1380 284 mitem
1393 254 1424 285 et
1439 254 1596 285 humilem
1607 257 1713 291 cordm

276 299 362 329 tlum
377 299 639 338 oculos,quando
654 300 693 329 de
710 307 764 329 ore
780 298 883 334 Petri,
900 298 982 326 tam·
1015 297 1190 335 benignum
1201 320 1210 335 ,
1235 298 1376 328 sobrium
1387 321 1396 336 ,
1422 300 1564 338 castum,
1588 301 1714 331 miseri-

278 352 376 382 quam
397 344 522 383 fulgur,
550 345 738 383 egrediens,
761 343 869 373 claudi
885 341 982 371 unius
1015 342 1162 380 cordem,
1179 344 1213 373 et
1227 344 1315 373 omni
1339 345 1478 383 denique
1495 346 1662 376 honestate
1678 355 1714 378 ac

278 390 461 428 corporales
488 391 615 428 plantas
643 389 795 419 solidavit
816 389 848 418 et
869 388 980 424 bases,
1014 388 1186 418 sanctitate
1229 390 1457 429 conspicuum,
1499 391 1713 430 eumdemque

275 436 459 474 multosque
476 436 688 474 spiritualiter
704 443 802 465 caecos
818 434 982 463 illumina·
1015 433 1122 470 ipsum
1149 434 1256 464 Deum
1281 436 1557 475 omnipotentem,
1581 436 1637 475 qui
1659 445 1715 468 suo

273 480 342 510 vit?
355 482 518 520 Numquid
542 490 606 511 non
630 481 738 518 ignem
755 480 887 517 sparsit,
907 488 981 509 cum

273 527 339 565 ait,
369 529 407 558 In
429 529 553 557 nomine
579 529 652 556 Jesu
678 526 793 556 Christi
818 527 981 556 Nazareni

272 582 362 611 surqe
374 576 401 603 et
414 573 560 603 ambula?
571 573 634 602 Nec
649 571 777 601 tantum
792 571 851 601 lux
863 572 911 601 est
923 580 978 601 no·

273 626 349 648 men
357 619 451 654 Jesu,
468 618 525 648 sed
534 619 581 647 est
591 618 623 646 et
636 617 795 646 cibus.An
808 625 871 645 non
885 617 981 647 toties

273 663 483 701 confortaris,
509 663 637 701 quoties
665 662 870 692 recordaris?
895 663 980 700 Quid

273 717 363 747 aeque
396 710 540 739 mentem
569 708 740 747 cogitantis
777 708 980 746 impinguat?

272 755 350 792 quid
363 754 407 784 ita
423 755 618 784 exercitatos
630 754 758 792 reparat
773 762 901 791 sensus,
911 754 980 783 vir-

271 801 357 829 tutes
366 800 512 837 roborat,
522 800 766 838 vegetatmores
775 799 874 829 bonos
882 800 978 837 atque

272 845 442 882 honestos,
460 847 560 875 castas
583 845 672 875 fovet
687 843 892 874 affectiones?
907 845 979 874 Ari-

274 890 334 920 dus
350 892 397 920 est
410 891 513 920 omnis
529 891 645 920 animae
661 891 771 928 cibus,
787 891 814 919 si
828 898 892 920 non
908 891 978 920 oleo

272 935 332 965 isto
360 935 566 965 infunditur:
585 935 743 974 insipidus
773 936 842 973 est,
863 935 889 965 si
914 944 977 965 non

271 980 332 1010 hoc
348 981 414 1010 sale
428 981 588 1010 conditur.
605 981 637 1010 Si
660 981 781 1010 scribas
792 1003 801 1019 ,
817 989 881 1010 non
894 982 977 1019 sapit

272 1025 353 1055 mihi
371 1026 433 1055 nisi
458 1027 567 1064 legero
583 1026 629 1055 ibi
644 1027 767 1056 Jesum.
785 1027 817 1056 Si
834 1027 978 1064 disputes

271 1072 327 1100 aut
343 1071 507 1109 conteras,
524 1080 588 1102 non
613 1072 698 1110 sapIt
724 1072 827 1110 mihi,
850 1072 912 1102 nisi
929 1081 978 1102 so-

1015 486 1065 507 me
1081 479 1115 509 et
1130 480 1281 517 exemplo
1303 481 1413 518 sanet,
1433 482 1467 511 et
1480 481 1610 511 roboret
1623 481 1714 519 adju-

1016 523 1106 553 torio.
1137 525 1212 554 Haec
1238 526 1347 555 omnia
1370 526 1466 556 simul
1487 527 1569 556 mihi
1584 528 1713 564 sonant,

1014 578 1085 598 cum
1099 569 1280 599 insonuerit
1291 571 1307 598 J
1311 579 1394 600 esus.
1403 571 1500 601 Sumo
1511 572 1621 609 itaque
1633 571 1714 601 mihi

1013 615 1164 653 exempla
1179 616 1219 644 de
1235 616 1367 645 homine
1378 638 1387 654 ,
1404 617 1436 646 et
1451 617 1611 646 auxilium
1625 625 1644 647 a
1657 627 1714 656 po-

996 672 999 694 3
1013 660 1121 698 tente3
1138 661 1195 690 illa
1209 663 1374 699 tamquam
1400 662 1630 700 pigmentarias
1643 671 1715 702 spe-

996 697 998 709 '
1012 705 1095 743 ciffi,
1112 706 1172 736 hoc
1184 707 1347 745 tamquam
1362 709 1446 738 unde
1462 717 1573 738 acuam
1591 717 1644 739 eas
1659 718 1667 738 t
1681 709 1715 740 et

996 746 1094 790 {facio
1110 753 1347 783 confectionem
1358 776 1367 791 ,
1384 754 1436 784 cui
1455 754 1596 784 similem
1610 755 1715 785 medi-

996 797 1120 826 ?corum
1135 806 1229 828 nemo
1246 798 1353 829 facere
1377 800 1489 838 possit.

1051 843 1081 872 7.
1111 844 1178 874 Hoc
1205 844 1268 874 tibi
1306 845 1519 875 electuarium
1547 846 1666 884 habes,
1694 853 1715 876 o

1010 889 1118 919 anima
1132 898 1204 920 mea
1215 913 1224 928 ,
1240 891 1445 921 reconditum
1461 891 1494 921 in
1509 892 1639 922 vasculo
1655 900 1714 922 vo-

1010 935 1117 965 cabuli
1140 936 1254 974 hujus,
1267 937 1352 975 quod
1372 938 1421 967 est
1433 937 1526 967 Jesus
1538 959 1547 975 ,
1566 937 1716 968 salutife-

1008 989 1079 1009 rum
1091 982 1178 1011 certe
1189 1003 1198 1019 ,
1215 983 1362 1020 quodque
1371 982 1453 1012 nulli
1462 991 1615 1021 umquam
1628 983 1714 1021 pesti

1008 1027 1072 1056 tuae
1086 1027 1272 1057 inveniatur
1283 1027 1446 1057 inefficax.
1462 1028 1595 1066 Semper
1606 1029 1666 1058 tibi
1679 1029 1714 1058 in

1008 1071 1081 1101 sinu
1095 1072 1155 1110 sit,
1170 1081 1299 1110 semper
1320 1073 1354 1102 in
1368 1081 1483 1111 manu,
1499 1082 1562 1111 quo
1583 1073 1633 1104 tui
1647 1082 1715 1104 om-

271 1117 384 1148 nuerit
398 1118 443 1146 ibi
457 1118 562 1148 Jesus.
576 1118 791 1148 Ji-:scsmelin
801 1126 868 1156 ore,
882 1118 976 1147 inore
993 1118 1065 1147 ‘nes
1080 1118 1115 1147 in
1135 1119 1244 1149 Jesum
1260 1120 1294 1149 et
1319 1127 1432 1149 sensus
1457 1119 1653 1157 dirigantur,
1679 1120 1717 1151 et

270 1164 390 1201 melos,
405 1164 438 1193 in
449 1164 543 1193 corde
554 1163 690 1200 jubilus.
704 1163 767 1193 Sed
776 1165 824 1194 est
832 1164 977 1193 etmedi-
1008 1166 1108 1195 actus.
1125 1165 1274 1204 Denique
1301 1167 1333 1196 et
1360 1165 1507 1196 invitaris
1522 1174 1530 1194 :
1545 1167 1630 1196 Pone
1645 1175 1692 1197 me
1704 1188 1715 1204 ,

271 1211 356 1241 cina.
373 1210 531 1240 Tristatur
550 1209 666 1247 aliquis
681 1209 845 1240 vestrum?
860 1210 976 1239 Veniat
992 1209 1116 1254 ‘inquit
1126 1232 1135 1248 ‚
1147 1212 1339 1250 siynaculum
1353 1213 1385 1241 in
1397 1212 1484 1241 corde
1496 1213 1560 1248 tuo,
1572 1213 1714 1250 siqnacu-

271 1257 307 1287 in
319 1266 372 1287 cor
386 1257 495 1294 Jesus,
509 1257 541 1286 et
553 1256 629 1286 inde
637 1256 731 1286 saliat
746 1256 780 1285 in
792 1264 827 1286 os
837 1265 845 1294 ;
856 1256 889 1286 et
901 1264 976 1286 ecce
992 1255 1071 1307 {lum
1093 1258 1125 1287 in
1140 1257 1264 1287 brachio
1280 1259 1343 1287 tuo.
1361 1257 1424 1287 Sed
1441 1257 1500 1287 hoc
1514 1257 1604 1287 alias.
1620 1258 1712 1288 Nunc

271 1303 312 1333 ad
337 1304 488 1333 exortum
510 1301 652 1332 nominis
677 1302 807 1340 lumen,
828 1302 976 1332 nubilum
993 1310 1084 1351 ivero
1101 1303 1201 1333 habes
1226 1303 1313 1333 unde
1329 1303 1362 1333 et
1375 1303 1508 1333 brachio
1530 1303 1711 1342 medearis,

270 1357 366 1379 omne
393 1349 538 1387 diffugit,
553 1349 639 1378 redit
664 1357 827 1379 serenum.
845 1349 978 1379 Labitur
992 1355 995 1380 ί
1008 1348 1041 1378 et
1066 1349 1166 1379 cordi.
1194 1349 1321 1386 Habes,
1347 1349 1497 1387 inquam,
1524 1348 1558 1377 in
1579 1348 1711 1378 nomine

270 1396 343 1434 quis
360 1396 394 1424 in
422 1395 563 1433 crimen,
581 1396 683 1424 currit
708 1395 842 1432 insuper
863 1395 903 1424 ad
930 1395 977 1424 la·
1007 1394 1102 1432 Jesu,
1115 1395 1201 1425 unde
1218 1397 1308 1425 actus
1325 1396 1397 1425 tuos
1411 1395 1464 1424 vel
1481 1402 1596 1433 pravos
1612 1395 1713 1424 corti·-

270 1451 392 1481 qneum
424 1443 538 1472 mortis
567 1442 787 1480 desperando?
811 1443 923 1472 Nonne
950 1443 974 1472 si
1007 1448 1078 1478 gaS,
1107 1441 1162 1470 vel
1194 1441 1302 1470 minus
1323 1440 1487 1478 perfectos
1512 1440 1708 1478 adimpleas;

271 1489 403 1518 invocet
428 1496 546 1517 nomen
562 1489 659 1525 vitae,
684 1488 856 1518 confestim
872 1488 977 1526 respi-
1007 1486 1151 1525 itemque
1173 1486 1259 1516 unde
1284 1488 1356 1516 tuos
1381 1494 1492 1516 sensus
1506 1486 1562 1515 aut
1581 1493 1708 1524 serves,

270 1534 358 1564 rabit
387 1534 426 1563 ad
456 1533 578 1563 vitam?
604 1535 660 1563 Cui
683 1534 856 1572 aliquando
885 1534 974 1564 stetit

270 1580 346 1610 ante
377 1579 493 1609 faciem
519 1580 668 1609 salutaris
694 1580 837 1609 nominis
857 1580 975 1609 duritia

272 1625 336 1663 (ut
364 1625 480 1653 assolet
503 1622 654 1662 )cordis,
684 1624 821 1661 ignaviae
849 1624 973 1662 torpor,

269 1678 384 1700 rancor
398 1669 517 1706 animi,
533 1669 668 1707 languor
683 1668 823 1698 acediae?
839 1670 892 1699 cui
908 1669 975 1698 sons

271 1716 354 1746 forte
386 1715 525 1746 siccatus
561 1716 796 1753 lacrymarum,
827 1715 975 1745 invocato

271 1763 366 1799 Jesu,
397 1770 461 1791 non
496 1761 651 1791 continuo
683 1762 791 1800 erupit
824 1762 975 1799 uberior,

271 1809 369 1838 fluxit
388 1807 535 1837 suavior?
561 1808 637 1845 Cui,
653 1807 687 1836 in
702 1807 856 1845 periculis
872 1808 975 1846 palpi-

270 1854 353 1884 tanti
370 1856 403 1883 et
426 1853 621 1891 trepidanti,
645 1854 828 1882 invocatum
845 1853 977 1884 virtutis

269 1907 390 1930 nomen
412 1907 475 1928 non
498 1899 607 1928 statim
632 1898 785 1928 fiduciam
801 1899 953 1937 praestitIt
967 1922 975 1937 ,

270 1945 397 1983 depulit
410 1944 551 1974 metum?
575 1944 652 1981 Cui,
669 1952 795 1982 quaeso,
821 1945 853 1973 in
870 1945 976 1975 dubiis

270 1991 419 2021 {estuanti
447 1992 480 2020 et
506 1990 695 2027 fluctuanti,
722 1998 787 2020 non
813 1990 920 2020 subito
936 1992 974 2020 ad

272 2037 508 2066 invocationem
521 2035 747 2066 clarinominis
760 2036 894 2066 emicuit
909 2045 976 2066 cer-

271 2082 396 2112 titudo?
411 2083 466 2112 Cui
494 2082 526 2111 in
545 2082 688 2112 adversis
714 2081 896 2119 diffidenti,
910 2083 974 2119 jam

270 2128 399 2166 iainque
423 2128 605 2165 deficienti,
630 2128 655 2158 si
676 2135 794 2157 nomen
824 2127 974 2165 adjutorii

273 2174 377 2202 sonuit
389 2196 396 2210 ,
406 2173 509 2202 defuit
519 2173 862 2203 tortitudo'3Nimirum
873 2173 972 2203 morbi

274 2219 306 2248 et
322 2219 490 2256 languores
507 2220 621 2249 animae
637 2219 691 2249 isti
706 2220 799 2257 sunt,
816 2220 897 2249 illud
909 2229 976 2250 me-

274 2265 392 2294 dicina.
403 2265 547 2303 Denique
561 2267 592 2295 et
603 2266 739 2303 probare
753 2266 847 2296 lIcet:
864 2268 973 2296 Invoca

273 2320 339 2346 nie,
358 2309 480 2347 inquit,
503 2313 532 2339 in
557 2313 602 2340 die
625 2311 848 2350 {ribulutz'0111's3
868 2320 973 2341 eruam

274 2360 300 2386 te
313 2378 322 2392 ‚
338 2358 364 2385 et
380 2356 593 2392 honorificabis
607 2366 665 2386 me.
682 2357 769 2386 Nihil
786 2357 829 2387 ita
843 2357 898 2387 irae
915 2357 975 2386 im-

274 2402 386 2439 petum
403 2400 548 2436 cohibet,
565 2402 726 2438 snperbiae
748 2404 909 2432 tumorem
924 2411 975 2432 se-

273 2447 346 2483 dat,
376 2447 466 2476 sanat
494 2445 606 2475 livoris
640 2447 776 2483 vulnuS,
808 2449 974 2486 restringit

275 2491 413 2521 luxuriae
441 2490 585 2528 fluxum,
616 2492 793 2528 exstinguit
826 2493 975 2523 libidinis

275 2538 454 2575 flammam,
479 2536 565 2566 sitim
582 2537 742 2574 temperat
758 2538 902 2567 avaritiae
914 2560 922 2575 ,
939 2547 974 2568 ac

275 2584 374 2613 totius
398 2582 559 2613 indecoris
582 2582 670 2620 fugat
694 2583 906 2620 pruriginem.
926 2584 976 2613 Si—

1007 1540 1047 1561 ne
1058 1533 1321 1570 corrumpantur,
1332 1533 1387 1562 aut
1395 1553 1404 1570 ,
1414 1532 1440 1561 si
1451 1533 1709 1570 corrumpantur,

1008 1585 1112 1606 sanes.
1703 1605 1713 1612 ,

1046 1623 1077 1652 8.
1095 1622 1216 1653 Habuit
1243 1623 1275 1653 et
1292 1622 1401 1652 Judaea
1423 1621 1577 1660 quosdam
1597 1622 1710 1661 Jesus,

1007 1676 1143 1706 quorum
1158 1668 1269 1698 vacuis
1289 1668 1444 1706 gloriatur
1457 1668 1634 1697 vocabulis.
1650 1668 1710 1697 llla

1008 1715 1096 1743 enim
1110 1722 1170 1744 nec
1186 1715 1313 1751 lucent,
1324 1722 1384 1744 nec
1399 1714 1552 1751 pascunt,
1565 1722 1626 1744 nec
1641 1722 1712 1743 me-

1007 1759 1136 1789 dentur.
1157 1760 1279 1789 Idcirco
1314 1767 1472 1797 synagoga
1504 1759 1538 1788 in
1562 1759 1707 1789 tenebris

1009 1806 1057 1835 est.
1086 1813 1187 1844 usque
1213 1805 1338 1843 adhuc,
1360 1804 1444 1834 fame
1467 1804 1499 1834 et
1522 1804 1710 1834 infirmitate

1009 1851 1173 1888 laborans3
1209 1852 1243 1880 et
1271 1858 1335 1879 non
1369 1849 1537 1880 sanabitur
1573 1857 1635 1879 nec
1660 1857 1710 1879 sa-

1008 1896 1160 1934 tiabitur,
1187 1904 1354 1934 quousque
1376 1896 1456 1925 sciat
1480 1903 1589 1924 meum
1603 1895 1710 1925 Jesum

1008 1942 1168 1972 dominari
1196 1943 1294 1972 Jacob
1320 1944 1352 1971 et
1385 1943 1502 1972 linium
1531 1942 1646 1978 terrae,
1676 1942 1710 1971 et

1008 1990 1215 2019 convertatur
1240 1989 1280 2018 ad
1310 1996 1501 2026 vesperam,
1527 1988 1560 2017 et
1592 1986 1710 2017 famem

1009 2033 1150 2071 patiatur
1165 2036 1202 2064 ut
1214 2042 1325 2071 canes,
1343 2035 1376 2063 et
1400 2033 1579 2062 circumeat
1593 2031 1708 2062 civita-

1009 2081 1085 2109 tem.
1098 2081 1136 2109 Et
1151 2080 1200 2109 illi
1213 2080 1345 2118 quidem
1359 2078 1615 2117 praemissisunt‚
1629 2081 1710 2108 tam-

1007 2134 1104 2164 quam
1119 2126 1253 2155 baculus
1274 2125 1314 2155 ad
1328 2126 1492 2154 mortuum
1517 2125 1710 2163 Prophetam

1008 2172 1223 2210 praeveniens,
1237 2173 1268 2201 et
1283 2179 1339 2201 sua
1355 2171 1566 2209 interpretari
1581 2170 1710 2200 nomina

1008 2218 1247 2256 nequiverunt3
1265 2225 1366 2247 vacua
1388 2216 1509 2254 quippe
1530 2217 1632 2246 erant.
1649 2216 1711 2245 Su—

1008 2264 1190 2302 perpositus
1210 2264 1336 2292 mortuo
1351 2263 1486 2292 baculus
1500 2262 1568 2300 est,
1596 2262 1630 2292 et
1643 2269 1708 2291 non

1008 2312 1076 2340 erat
1090 2319 1153 2340 vox
1168 2318 1273 2347 neque
1286 2317 1414 2346 sensus,
1441 2308 1594 2346 quoniam
1611 2307 1709 2337 bacu-

1009 2357 1058 2386 lus
1074 2357 1153 2386 erat.
1177 2355 1352 2385 Descendit
1368 2355 1424 2392 qui
1440 2354 1593 2383 baculum
1602 2352 1707 2390 misit,

1008 2404 1040 2432 et
1055 2411 1132 2432 mox
1160 2401 1285 2431 salvum
1306 2399 1384 2430 fecit
1408 2399 1563 2438 populum
1579 2406 1671 2428 suum
1690 2405 1708 2427 a

1009 2448 1150 2488 peccatis
1176 2455 1305 2483 eorum,
1327 2447 1466 2484 probans
1481 2454 1515 2474 se
1541 2452 1610 2474 esse
1625 2442 1707 2481 quod

1009 2494 1178 2524 dicebatur
1191 2502 1199 2521 z
1217 2494 1289 2532 Quis
1299 2495 1340 2522 est
1350 2492 1400 2521 hic
1414 2493 1467 2529 qui
1481 2492 1572 2520 etiam
1583 2491 1705 2528 peccata

1009 2538 1317 2569 ‹la'mz‘tt1't?Ni1]1iruin
1330 2537 1383 2575 qui
1401 2536 1498 2574 dicit,
1508 2537 1598 2566 Salus
1607 2533 1704 2573 populi

1009 2593 1061 2621 «⁴90
1076 2593 1156 2613 sum.
1182 2584 1250 2612 Jam
1267 2590 1329 2611 vox
1341 2604 1349 2619 ,
1374 2582 1440 2619 jam
1467 2589 1579 2611 sensus
1594 2583 1659 2617 est;
1675 2579 1709 2608 et

276 2629 407 2668 quidem
428 2637 500 2659 cum
514 2627 646 2658 nomino
661 2627 767 2657 Jesum
790 2627 974 2666 hominem,
1010 2630 1099 2667 patet
1127 2637 1203 2659 eum
1228 2636 1291 2657 non
1317 2628 1412 2657 inane
1439 2628 1565 2665 portare
1590 2631 1706 2656 nomen
