1830 3073
579 236 635 266 ΒΕ
656 234 862 265 DIVERSIS
885 234 1033 263 SERMO
1057 236 1114 264 lx.

349 306 518 341 SERMO
546 307 617 341 lx.

135 389 173 414 Do
192 388 270 414 verbis
289 389 418 420 Apostoli.
433 388 587 414 Invisibilia
604 387 655 414 Dei
672 394 688 411 a
704 387 834 412 creatura

167 424 284 453 mundi,
302 426 371 453 ete,
392 426 417 448 et
433 424 462 448 de
485 424 565 448 verbis
585 424 692 454 psalmi,
710 422 832 447 Audiam

164 459 236 489 quid
247 460 384 491 loquatur
394 460 425 484 in
435 466 482 484 me
492 460 631 486 Dominus
642 459 730 484 Deus.
742 460 794 483 etc.

175 526 205 556 i.
216 526 384 557 Invisibilia
407 527 484 563 Dei,
517 524 666 565 Apostolo
689 523 786 562 teste,
814 533 835 554 a

135 573 279 602 creatura
291 572 399 602 mundi
405 580 461 610 per
471 580 508 602 ea
519 580 586 609 quoe
597 571 681 608 saeta
694 570 777 606 sunt,
787 570 835 600 in-

137 618 252 647 tellecta
263 618 502 656 conspiciuntur.
516 616 556 646 Et
575 616 623 646 est
641 616 731 646 velut
747 623 835 645 com-

136 662 241 692 munis
255 662 387 701 quidam
401 662 497 699 liber,
513 661 547 692 et
561 661 674 691 catena
685 660 834 699 alligatus

136 707 191 746 (ut
205 705 345 745 assolet)
368 706 532 737 sensibilis
547 706 688 736 mundus
703 706 764 737 iste
774 728 784 744 ,
797 706 834 737 ut

135 754 168 783 in
182 761 220 784 eo
235 752 428 791 sapientiam
447 752 508 782 Dei
530 752 616 790 legat
637 752 833 790 quicumque

134 798 285 828 voluerit.
301 797 370 828 Erit
385 798 495 828 tamen
512 806 586 828 cum
601 798 719 827 coelum
734 798 834 836 plica-

134 843 221 873 bitur
241 843 325 873 sicut
350 843 446 881 liber,
462 843 496 873 in
511 852 574 882 quo
596 844 712 881 utique
738 851 833 874 nemo

134 888 288 926 deinceps
302 889 410 926 legere
438 889 559 919 habeat
587 896 719 918 necesse
728 909 739 927 ,
754 897 834 926 quo-

133 933 220 963 niam
228 935 317 964 erunt
328 942 432 964 omues
444 934 582 964 docibiles
594 935 652 964 Dei
664 944 673 964 .·
684 934 834 973 etquem-

133 977 304 1008 admodum
331 979 478 1009 creatura
505 978 597 1016 coeli,
620 979 666 1009 sic
691 979 725 1009 et
746 988 834 1010 crea-

134 1025 206 1052 tura
219 1023 351 1062 mundi,
369 1023 435 1061 Jam
456 1032 521 1054 non
535 1032 594 1062 per
609 1024 777 1062 speculum
802 1025 834 1056 et

134 1069 169 1098 in
184 1069 368 1107 aenigmate,
381 1069 437 1099 sed
452 1069 535 1099 facie
550 1069 590 1099 ad
601 1070 718 1100 faciem
730 1071 834 1100 Deum

135 1113 271 1151 videbit,
285 1115 317 1143 et
332 1114 524 1151 sapientiam
540 1114 610 1151 ejus
621 1115 661 1144 ad
675 1115 835 1152 liquidum

135 1158 405 1196 contemplabitur
420 1159 457 1187 in
476 1159 593 1196 seipsa.
610 1160 744 1189 Interim
757 1169 834 1190 vero

134 1211 212 1239 opus
233 1202 333 1232 habet
353 1203 493 1231 humana
509 1204 616 1233 anima
637 1205 731 1234 velut
755 1214 834 1242 quo-

133 1247 206 1275 dam
220 1246 371 1276 vehiculo
388 1246 555 1284 creaturae,
572 1249 608 1277 ut
624 1248 663 1277 ad
678 1250 833 1286 cognitio-

133 1300 206 1321 nem
229 1291 387 1321 creatoris
410 1292 553 1330 assurgat
570 1300 578 1321 x
605 1300 679 1322 cum
703 1295 833 1324 econtra

132 1337 227 1375 longe
262 1337 391 1367 beatius
417 1337 659 1375 perfectiusque
686 1340 833 1377 angelica

132 1382 247 1412 natura
273 1382 308 1411 in
337 1382 486 1413 Creatore
525 1383 675 1413 notitiam
714 1385 833 1416 habeat

132 1427 299 1458 creaturae.
315 1427 363 1457 Ad
381 1436 478 1465 quam
492 1428 647 1458 nimirum
665 1431 833 1460 excellen-

131 1473 222 1510 tiam,
236 1471 316 1502 licet
331 1472 372 1502 ad
385 1473 561 1512 modicum,
572 1474 663 1512 rapta
675 1474 774 1506 fuisse
785 1476 833 1507 vi-

131 1519 227 1549 detur
240 1519 347 1548 anima
372 1518 430 1548 illa
445 1519 563 1557 beata⁸,
573 1529 644 1558 quae
661 1522 832 1552 collectum

130 1564 188 1594 sub
197 1572 261 1595 uno
275 1564 351 1594 solis
363 1564 453 1594 radio
468 1565 626 1595 mundum
641 1567 831 1597 universum

130 1610 319 1648 conspexit:
334 1610 445 1648 dequo
453 1610 607 1641 miraculo
622 1611 736 1642 beatus
748 1614 832 1652 Papa

129 1655 300 1693 Gregorius
312 1656 437 1685 inlibro
449 1656 656 1694 DIalogorum
667 1658 829 1688 scribens:

130 1713 145 1727 «
157 1701 302 1739 Videnti,
314 1701 434 1739 inquit,
442 1701 626 1731 Creatorem
641 1703 774 1740 angusta
784 1705 831 1735 est

131 1758 146 1772 »
160 1746 263 1776 omnis
277 1748 437 1776 creatura.
453 1757 471 1772 »
482 1746 606 1776 Felices
624 1748 761 1785 proinde
776 1749 832 1787 qui

130 1791 286 1820 satiantur
296 1799 337 1820 ex
344 1791 440 1828 adipe
448 1790 614 1828 frumenti,
621 1800 681 1822 nec
690 1800 769 1830 opus
776 1794 832 1823 ha-

131 1835 208 1864 bent
222 1842 337 1872 sugere
351 1835 416 1865 mel
428 1834 468 1864 de
488 1834 595 1873 petra,
610 1836 782 1874 oleumque
792 1838 831 1867 de

130 1887 206 1909 saxo
221 1879 391 1910 durissimo
404 1887 414 1916 ;
437 1879 494 1916 qui
509 1879 665 1910 videlicet
681 1881 831 1912 invisibi—

130 1924 170 1953 lia
186 1924 246 1953 Dei
260 1932 324 1954 non
338 1923 525 1954 visibilibus
539 1924 686 1955 rimando
700 1929 832 1965 perqui-

128 1971 214 2007 runt,
226 1969 282 2000 sed
297 1970 331 1999 in
345 1969 423 2008 ipsis
439 1969 480 2000 ad
489 1970 649 2008 liquidum
663 1971 830 2004 intellecta

128 2015 340 2053 conspiciunt.
362 2016 498 2054 Verum,
517 2016 554 2046 ut
576 2016 642 2054 iam
669 2017 828 2058 diximus,

127 2061 279 2098 angelicae
294 2061 460 2092 felicitatis
472 2061 557 2093 istud
570 2062 637 2101 est,
652 2070 718 2093 non
730 2063 829 2102 fragi-
845 2099 847 2105 ,

127 2106 230 2135 litatis
243 2106 405 2137 humanae.

165 2151 195 2180 2.
208 2151 393 2188 Quaeramus
404 2148 503 2190 igitur
513 2160 571 2191 per
583 2159 621 2183 ea
630 2152 744 2184 saltem
757 2162 828 2193 quae

126 2196 210 2226 facta
244 2197 335 2234 sunt,
371 2196 576 2228 intellectum
611 2199 828 2231 invisibilium

124 2241 204 2271 Dei:
219 2250 291 2280 quae
314 2241 341 2271 si
363 2241 398 2272 in
415 2242 539 2273 caeteris
557 2244 714 2274 creaturis
732 2244 828 2275 intel-

124 2285 209 2315 lecta
232 2286 390 2324 conspicit
410 2287 537 2325 anima,
559 2296 692 2319 necesse
719 2290 769 2320 est
790 2291 828 2321 ut

124 2330 218 2368 longe
230 2331 368 2369 amplius
388 2332 588 2370 conspiciat,
607 2334 641 2363 et
664 2334 826 2372 intelligat

124 2376 224 2405 multo
240 2377 390 2407 subtilius
411 2377 447 2407 in
461 2379 627 2416 creatura,
649 2388 720 2417 quae
741 2380 827 2411 facta

124 2421 173 2449 «st
197 2421 236 2449 ad
257 2420 431 2459 imaginem
451 2423 627 2462 creatoris,
643 2424 705 2454 hoc
719 2426 769 2455 est
792 2426 844 2456 in>

123 2466 239 2503 seipsa.
256 2466 367 2496 Nullus
382 2467 469 2497 enim
481 2468 545 2498 Deo
555 2469 694 2500 vicinior
709 2470 827 2508 gradus

123 2511 207 2540 inter
223 2519 334 2541 omnes
346 2520 417 2550 quae
428 2512 488 2542 sub
501 2514 567 2543 sole
576 2514 727 2545 habitant
739 2525 827 2546 crea-
841 2504 845 2553 ff

122 2555 228 2592 turas,
244 2564 339 2593 quam
353 2556 460 2586 anima
479 2556 638 2597 humana,
652 2559 689 2589 ut
710 2561 827 2591 merito
842 2559 845 2592 i

121 2599 277 2637 Propheta
295 2600 379 2630 dicat
395 2601 435 2631 ad
449 2601 555 2639 ipsum
567 2604 697 2634 :Beatus
716 2606 764 2635 vir
776 2615 827 2635 cu-
843 2600 844 2603 ¹

120 2646 167 2679 ius
196 2647 238 2676 est
263 2647 414 2678 auxilium
439 2647 492 2678 abs
516 2648 559 2678 te!
581 2652 766 2681 ascensiones
796 2653 824 2681 in

1525 239 1558 269 al

866 291 953 320 corde
966 299 1021 321 suo
1031 290 1187 329 disposuit.
1203 291 1319 330 Etpost
1333 299 1450 331 pauca:
1461 295 1566 330 Ibunt,

866 334 990 374 inquit,
1006 337 1042 366 de
1065 337 1177 367 virtute
1192 337 1226 367 in
1245 338 1405 368 virtutem:
1418 341 1564 370 videbitur

864 382 948 411 Deus
961 383 1088 412 deorum
1106 383 1140 412 in
1159 383 1246 413 Sion.
1264 382 1437 420 Propterea
1460 386 1562 415 inces-

865 426 974 455 santer
992 425 1159 457 hortamur
1180 435 1254 465 vos,
1272 427 1417 465 Fratres,
1440 429 1476 457 ut
1497 438 1566 460 am-⁴

865 469 985 502 buletis
1000 472 1069 503 vias
1085 472 1209 510 cordis,
1225 474 1259 503 et
1276 472 1318 503 sit
1335 472 1442 503 anima
1459 475 1564 503 vestra

865 516 899 546 in
913 517 1064 548 manibus
1078 518 1195 549 vestris
1217 525 1358 557 semper,
1374 518 1412 548 ut
1431 518 1566 548 audiatis

865 561 944 601 quid
961 563 1112 602 loquatur
1126 565 1162 594 in
1176 564 1269 595 vobis
1291 563 1448 593 Dominus
1462 564 1567 601 Deus,

865 609 1011 646 quoniam
1027 609 1166 648 loquetur
1177 618 1296 648 pacem.
1310 609 1434 646 Quibus
1455 608 1568 646 loque-

865 656 918 685 tur
931 656 1062 694 pacem?
1083 657 1203 695 Utique
1225 658 1258 686 in
1274 656 1392 695 plebem
1411 664 1500 686 suam
1513 676 1523 692 ,
1541 652 1571 684 et'

864 702 896 730 in
910 703 1032 733 sanctos
1052 711 1133 733 suos.
1151 702 1228 740 Quae
1244 702 1292 732 est
1306 701 1418 740 plebs,
1435 700 1493 733 aut
1512 699 1571 738 qui

865 747 1155 786 suntsanct121psi
1175 747 1332 777 nimirum
1355 746 1411 785 qui
1433 753 1573 779 conver-,

865 792 978 823 tuntur
993 793 1034 823 ad
1054 801 1119 823 cor.
1143 793 1234 823 Unde
1257 794 1290 823 et
1315 791 1517 832 sequiturzet
1535 793 1569 822 iu

865 846 914 868 eos
929 839 983 876 qui
992 840 1213 869 convertuntur
1223 839 1263 868 ad
1278 847 1342 868 cor.

904 883 934 912 5.
951 883 1012 913 Nos
1025 883 1137 921 tamen
1151 883 1185 913 in
1206 882 1258 913 his
1274 881 1385 914 verbis
1403 879 1466 913 tria
1484 881 1568 912 sole-

865 936 936 958 mus
947 922 1133 967 intelligere
1151 928 1322 958 hominum
1343 935 1482 966 genera,
1495 927 1570 965 qui-

865 974 924 1004 bus
936 974 1013 1004 solis
1026 975 1114 1005 Deus
1128 974 1273 1013 loquitur
1284 981 1398 1012 pacem
1408 995 1418 1011 ,
1434 972 1519 1003 sicut
1537 974 1570 1002 et

866 1020 1027 1058 Propheta
1055 1021 1138 1050 alius
1165 1021 1232 1050 tres
1263 1020 1392 1050 tantum
1417 1018 1571 1057 praevidit

865 1065 1054 1103 salvandos,
1083 1066 1166 1103 Noe,
1195 1065 1388 1101 Danielem,
1422 1063 1457 1094 et
1484 1063 1543 1093 Job
1559 1072 1566 1091 :

866 1110 1026 1140 contrario
1050 1111 1184 1149 quidem
1206 1110 1340 1148 ordine,
1361 1108 1418 1140 sed
1440 1109 1569 1139 eosdem

866 1156 995 1185 ordines
1023 1156 1231 1194 exprimens,
1249 1154 1485 1186 continentium
1507 1155 1570 1184 sci-

866 1200 942 1230 licet
953 1221 962 1237 ,
974 1201 1179 1238 praelatorum
1189 1223 1198 1238 ‚
1215 1201 1248 1231 et
1262 1200 1504 1237 conjugatorum
1518 1208 1525 1228 :
1543 1200 1569 1228 si

867 1246 976 1274 tamen
996 1246 1202 1275 continentes
1217 1253 1235 1275 a
1251 1244 1435 1275 carnalibus
1457 1244 1570 1273 illece-

865 1289 930 1319 bris
943 1289 984 1319 ad
996 1298 1033 1319 ea
1042 1299 1113 1328 quae
1125 1290 1229 1320 cordis
1239 1289 1326 1327 sunt,
1340 1289 1444 1326 idest,
1455 1288 1495 1318 ad
1502 1289 1569 1326 spi-

865 1334 994 1364 ritualia
1014 1334 1194 1372 desideria,
1220 1333 1468 1372 convertantur,
1484 1333 1568 1363 unde

865 1380 898 1409 et
922 1380 1039 1410 Daniel
1066 1381 1115 1410 vir
1140 1381 1358 1411 desideriorum
1382 1379 1422 1409 ab
1448 1380 1568 1417 Angelo

865 1425 1051 1456 nominatur
1066 1433 1075 1455 ε
1091 1425 1125 1456 et
1140 1424 1270 1455 Praelati
1291 1424 1445 1464 prodesse
1468 1424 1570 1462 magis

864 1470 1032 1508 studeant,
1049 1478 1147 1509 quam
1166 1478 1326 1509 praeesse,
1350 1470 1503 1508 quoniam
1518 1471 1569 1509 ip-

863 1524 912 1547 sos
927 1517 1071 1546 maxime
1094 1516 1189 1547 decet
1210 1515 1412 1554 sanctitudo,
1427 1515 1514 1545 unde
1536 1516 1570 1546 et

864 1562 896 1591 in
918 1562 1041 1600 psalmo
1065 1563 1167 1592 sancti
1186 1561 1375 1600 specialiter
1400 1561 1569 1599 appellan-

862 1606 931 1637 tur:
941 1607 974 1637 et
984 1606 1148 1644 conjugati
1162 1606 1313 1636 mandata
1326 1613 1392 1636 non
1406 1607 1570 1645 transgre-

862 1651 1010 1690 diantur,
1033 1652 1071 1682 ut
1099 1651 1216 1682 merito
1240 1652 1333 1690 plebs
1355 1652 1508 1689 Domini,
1536 1653 1568 1682 et

862 1705 939 1728 ores
953 1705 1080 1736 pascuae
1096 1696 1165 1734 ejus
1190 1697 1332 1727 debeant
1352 1697 1526 1727 nominari.

902 1742 933 1772 ll.
949 1744 1050 1772 Immo
1065 1750 1142 1773 vero
1158 1743 1192 1772 et
1212 1742 1246 1772 in
1260 1742 1354 1773 nobis
1373 1743 1453 1781 ipsis
1465 1741 1476 1781 (
1487 1751 1568 1781 quo—

849 1787 949 1818 ‚niam
960 1788 1038 1818 inde
1053 1788 1101 1818 est
1108 1788 1201 1818 nobis
1213 1788 1349 1826 amplior
1360 1788 1542 1818 sollicitudo
1557 1788 1566 1826 )

862 1833 930 1864 tres
953 1833 1031 1863 istos
1059 1833 1188 1863 ordines
1216 1834 1379 1872 assignare
1405 1834 1566 1872 solemu53

861 1879 993 1916 plebem
1016 1878 1150 1917 quidem
1169 1877 1393 1916 intelligentes
1412 1878 1568 1910 officiales

861 1924 996 1962 fratres,
1017 1924 1075 1963 qui
1096 1923 1316 1955 exterioribus
1339 1924 1373 1954 et
1391 1925 1484 1962 quasi
1508 1933 1567 1963 po-

860 1969 1028 2007 pularibus
1046 1968 1186 2007 negotiis
1200 1969 1410 2009 occupantur.
1433 1971 1473 2000 At
1487 1979 1566 2001 vero

859 2014 916 2052 qui
947 2015 1183 2045 convertuntur
1215 2014 1256 2045 ad
1292 2022 1367 2053 cor,
1396 2015 1459 2054 ipsi
1490 2017 1566 2046 sunt

859 2060 1047 2091 claustrales
1056 2082 1065 2099 ,
1081 2068 1160 2099 quos
1174 2060 1265 2091 nulla
1273 2060 1413 2099 impedit
1427 2069 1566 2101 occupa-

860 2106 904 2136 tio
914 2127 923 2144 ,
938 2105 997 2139 sed
1011 2106 1115 2136 libere
1127 2106 1265 2145 vacant,
1279 2107 1318 2137 ut
1331 2106 1465 2137 videant
1488 2116 1566 2146 quo-

858 2151 945 2181 niam
960 2151 1069 2182 suavis
1084 2152 1133 2182 est
1147 2152 1314 2182 Dominus.
1325 2151 1431 2191 Super
1441 2153 1568 2183 utrum-

858 2204 921 2235 que
949 2197 1110 2235 parietem
1135 2198 1222 2228 Deus
1250 2198 1396 2236 loquitur
1426 2206 1564 2238 pacem,

857 2242 1010 2281 quoniam
1037 2242 1078 2273 ad
1102 2243 1189 2274 idem
1213 2243 1370 2281 tendunt,
1400 2244 1479 2275 licet
1500 2253 1566 2276 non

859 2288 971 2318 eadem
996 2289 1059 2318 via.
1085 2289 1139 2319 Est
1166 2290 1360 2327 psalterium
1382 2290 1563 2328 Jucundum

858 2342 931 2363 cum
954 2333 1098 2372 cithara,
1113 2334 1182 2365 'nec
1204 2335 1311 2366 minus
1330 2335 1494 2374 jucundus
1516 2338 1566 2368 est

857 2387 953 2409 sonus
981 2380 1133 2418 citharae,
1159 2388 1257 2419 quam
1286 2381 1455 2420 psalterii,
1484 2382 1565 2412 licet

857 2424 925 2454 haec
941 2425 980 2454 ab
995 2425 1208 2456 interioribus
1230 2425 1345 2456 reddat
1366 2435 1500 2465 sonum,
1524 2428 1564 2456 il-

857 2470 914 2500 lud
929 2478 944 2500 a
961 2471 1195 2509 superioribus.
1223 2472 1455 2502 Verumtamen
1476 2473 1564 2509 opli-

858 2524 942 2545 mam
968 2517 1094 2554 partem
1119 2517 1220 2555 clegit
1246 2517 1365 2554 Maria,
1394 2517 1466 2546 lice!
1496 2525 1562 2546 non

857 2561 994 2592 minoris
1015 2562 1148 2593 fortasse
1166 2562 1275 2592 meriti
1294 2562 1335 2591 sit
1356 2562 1440 2600 apud
1456 2563 1561 2592 Deum

858 2606 992 2637 humilis
1029 2607 1229 2637 conversatio
1266 2607 1492 2637 Marlhaexscd
1520 2607 1561 2637 dc

860 2652 1018 2683 electione
1033 2653 1129 2683 Maria
1148 2652 1307 2693 laudatur,
1328 2652 1476 2691 quoniam
1503 2653 1560 2684 illa
