1846 3078
291 221 351 252 5⁸16
751 229 782 255 S.
806 224 1047 256 BERNARDI
1067 226 1265 257 ABBATIS

291 288 385 318 nem,
401 280 496 311 aliem·
507 279 637 319 propter
652 280 801 312 amissam
816 279 989 311 rectitudi-
1023 287 1061 310 eo
1076 283 1223 313 constitit
1243 283 1381 315 animam
1395 283 1578 325 discrepare
1595 292 1613 317 a
1625 286 1724 318 recti-

291 333 378 355 nem.
396 327 459 356 Nec
478 327 631 363 dixisset,
651 326 915 361 claudicaievffimt
932 325 989 353 sed
1021 324 1137 357 tudine
1174 336 1249 367 sua,
1277 331 1364 368 quod
1386 339 1424 361 ea
1452 339 1562 363 carere
1593 333 1721 372 possit·

289 372 498 408 corruerunt,
515 371 570 401 aut
584 371 749 409 quippiam
764 369 889 406 simile,
902 368 929 397 si
946 376 988 397 ex
1020 372 1135 409 quidni
1150 383 1242 412 aeque
1258 375 1380 414 liqueat
1391 385 1461 407 esse
1477 377 1639 408 diversam
1652 379 1687 409 et
1702 386 1721 408 a

289 416 358 446 toto
404 417 552 447 homines
590 416 764 453 imaginem
807 414 986 444 exuissent·
1019 425 1075 447 sua
1091 420 1334 459 magnitudine,
1350 431 1447 460 quam
1469 423 1532 453 sibi
1558 423 1723 462 propriam

289 463 378 493 Nunc
405 471 482 493 vero
520 462 695 492 secundum
730 460 988 498 magnitudinem
1018 463 1184 494 vindicare
1200 473 1264 494 non
1287 466 1406 504 possit?
1419 468 1495 497 Cum
1523 469 1630 507 itaque
1660 476 1722 498 nec

286 509 420 548 quidem
444 509 477 539 in
500 508 639 545 imagine
663 506 838 544 pertransit
864 506 985 536 homo:
1018 509 1097 538 illa'
1089 518 1123 539 in
1135 511 1241 548 omni,
1256 519 1316 541 nec
1332 512 1412 542 ista'
1405 521 1438 542 1n
1453 514 1518 543 sola
1534 514 1575 544 sit
1591 514 1720 551 anima,

286 557 444 594 quantum
467 562 543 584 vero
565 553 604 582 ad
619 552 869 590 rectitudinem,
883 553 986 582 veluti
1002 536 1108 614 {patet
1132 556 1306 595 utramque
1332 557 1558 589 indifferenter
1588 559 1720 590 differre

286 601 490 637 claudicans,
513 598 724 628 conturbatur
739 598 772 627 et
796 597 988 627 deturbatur
1002 591 1057 646 {ab
1073 608 1122 630 ea.
1139 602 1237 640 Item,
1253 603 1345 632 Nulla
1370 603 1472 633 forma
1497 604 1611 642 estid,
1627 605 1721 642 cujus

286 646 326 676 ab
342 646 498 682 imagine,
512 644 675 682 Scriptura
691 644 735 672 ita
755 643 906 673 dicente.
925 644 986 674 Ve-
1001 646 1066 676 lest
1081 646 1194 676 forma.
1213 648 1266 677 Est
1284 649 1393 678 autem
1408 649 1596 687 magnitudo
1617 649 1720 679 forma

285 694 459 722 rnnztamen
476 691 507 719 in
532 691 665 727 imaqine
685 690 853 727 pcr'transzt
877 683 1223 740 710212051ani1nae.Nee
1239 694 1326 722 enim
1342 693 1414 723 ideo
1425 702 1489 724 non
1506 694 1607 724 forma
1618 695 1717 733 ,quia

284 739 334 767 sed
349 739 377 766 et
390 737 509 774 frustra
537 735 752 765 conturbatur.
768 735 895 764 Frustra
917 743 985 764 om-
1000 715 1239 803 'inseparabilis
1255 740 1302 769 est
1319 739 1379 769 illi.
1393 740 1460 770 Hoc
1471 740 1632 778 siquidem
1641 740 1719 771 sunt:

284 783 372 811 nino.
402 782 481 810 Nam
510 781 660 818 sequitur
677 790 685 810 :
713 781 936 818 Thesaurzzat,
957 783 985 811 et
1015 784 1244 814 substantiales
1272 785 1464 815 differentiae
1497 794 1626 824 omnes,
1655 786 1718 816 hoc

284 829 406 866 iqnorat
421 829 472 857 cui
488 827 742 865 conqreqabitea.
765 827 826 856 Cur
841 827 982 864 ignorat,
1014 837 1079 859 non
1095 830 1188 860 modo
1203 831 1334 869 proprie
1349 831 1498 870 propria,
1516 831 1572 861 sed
1594 832 1627 862 et
1646 839 1719 870 pro-

283 873 345 902 nisi
363 873 440 911 quia
456 872 618 902 inclinans
634 880 667 901 se
680 873 720 902 ad
734 873 803 902 haec
818 872 929 901 infima
952 873 983 902 et
1000 876 1085 913 ‚pria
1099 876 1265 914 quaedam,
1283 877 1341 906 hoc
1363 877 1462 906 etiarn
1477 878 1549 907 aliae
1565 878 1718 907 innume-

283 921 429 955 terrena,
447 918 642 948 thesaurizat
654 918 716 947 sibi
737 917 877 948 terram?
892 919 984 948 Pror-
1014 921 1133 951 rabiles
1154 921 1277 951 formae.
1300 923 1369 952 Non
1394 923 1494 960 igitur
1519 931 1577 953 sua
1591 923 1719 961 magni-

282 974 335 995 sus
347 965 471 1002 ignorat
487 965 526 994 de
540 964 590 994 his
605 973 675 1002 quae
691 966 787 995 terrae
796 964 981 1001 committit,
1015 966 1092 996 tudo
1114 967 1242 1005 anima,
1258 975 1324 997 non
1349 968 1450 1005 magis
1472 976 1569 1006 quam
1593 977 1650 998 sua
1664 969 1718 999 ni-

281 1011 333 1041 eui
345 1011 549 1049 congregabit
562 1019 611 1049 ea,
624 1011 762 1041 tineaene
775 1010 981 1048 demolienti,
1014 1011 1112 1049 gredo
1133 1020 1268 1050 corvus,
1285 1020 1381 1049 quam
1397 1021 1472 1042 suus
1498 1013 1617 1042 candor
1636 1013 1715 1051 nix,

280 1065 321 1086 an
343 1056 406 1086 furi
427 1057 610 1094 effodienti3
626 1056 711 1086 hosti
737 1055 925 1093 diripienti,
943 1064 981 1085 an
1014 1065 1110 1095 quam
1139 1066 1196 1089 sua
1230 1058 1401 1088 risibilitas
1429 1066 1487 1088 seu
1514 1058 1717 1089 rationalitas

280 1102 346 1140 igni
371 1103 550 1132 devoranti.
569 1103 607 1131 Et
623 1102 699 1132 inde
722 1101 841 1131 misero
858 1101 981 1130 homini
1015 1103 1133 1133 horno:
1157 1113 1231 1134 cum
1255 1105 1365 1134 tamen
1392 1112 1453 1134 nec
1483 1112 1619 1134 corvum
1644 1105 1716 1135 sine

279 1149 463 1179 incurvanti
485 1158 536 1186 se,
555 1149 587 1178 et
611 1148 777 1177 incubanti
792 1147 842 1176 his
857 1156 929 1185 quae
948 1147 981 1176 in
1014 1150 1201 1188 nigredine,
1228 1158 1289 1180 nec
1315 1150 1386 1180 sine
1417 1150 1555 1180 candore
1582 1150 1714 1188 nivem,

279 1196 365 1224 terra
381 1196 474 1232 sunt,
489 1194 610 1224 flebilis
622 1202 688 1224 vox
706 1194 762 1223 illa
777 1194 816 1224 de
836 1195 979 1232 psalmo:
1015 1204 1072 1225 nec
1088 1196 1252 1226 hominem
1263 1218 1271 1234 ,
1284 1196 1339 1235 qui
1355 1204 1420 1226 non
1433 1197 1466 1226 et
1481 1196 1616 1226 risibilis
1628 1196 1670 1227 sit
1681 1196 1716 1226 et

278 1242 370 1272 Miser
386 1242 486 1279 factus
500 1249 587 1277 sum,
603 1242 631 1270 et
646 1242 789 1270 curi-atus
803 1249 871 1270 sum
886 1250 980 1279 usque
1014 1242 1198 1280 rationalis,
1228 1250 1383 1280 umquam
1413 1242 1568 1280 reperias.
1605 1242 1653 1271 lta
1681 1241 1715 1271 et

278 1288 311 1316 in
323 1287 433 1324 finem,
444 1289 507 1316 tota
515 1288 560 1316 die
572 1287 768 1316 contristatus
777 1286 978 1324 inqrediebar.
1013 1287 1117 1316 anima
1128 1309 1137 1325 ,
1155 1287 1188 1317 et
1202 1287 1317 1317 animae
1334 1287 1538 1325 magnitudo,
1555 1287 1615 1317 etsi
1627 1287 1715 1317 inse-

277 1333 314 1362 ln
329 1333 502 1371 semetipso
525 1332 688 1370 siquidem
710 1332 881 1369 experitur
895 1332 980 1361 veri-
1013 1334 1190 1370 parabiles,
1215 1334 1351 1363 diversae
1372 1334 1482 1363 tamen
1507 1333 1548 1362 ab
1571 1333 1713 1363 invicem

276 1380 376 1409 tatem
398 1379 492 1409 illius
506 1378 675 1408 sententiae
697 1378 858 1416 Sapientis
873 1386 881 1406 ε
898 1380 980 1409 Deus
1013 1380 1097 1409 sunt.
1115 1379 1279 1416 Quomodo
1293 1387 1358 1408 non
1378 1379 1514 1408 diversae
1527 1400 1536 1416 ,
1549 1387 1622 1408 cum
1644 1378 1714 1408 haec

275 1427 390 1454 rectum
409 1425 560 1454 hominem
572 1426 658 1462 fecit,
672 1426 732 1462 ipse
748 1426 850 1454 alitem
866 1433 897 1454 se
920 1425 980 1454 im—
1013 1424 1044 1454 in
1064 1425 1228 1463 subjecto,
1251 1425 1307 1454 illa
1322 1424 1504 1460 subjectum
1518 1425 1551 1453 et
1564 1424 1713 1454 substan-

274 1471 379 1509 plicuit
394 1470 546 1500 doloribus
560 1471 675 1500 multis.
691 1471 729 1499 Et
747 1470 901 1499 continuo
913 1478 977 1499 vox
1012 1471 1055 1499 tia
1067 1470 1128 1500 sit?
1139 1471 1211 1499 Sola
1237 1478 1362 1500 summa
1375 1471 1407 1499 et
1419 1469 1563 1498 increata
1578 1469 1710 1506 natura,

277 1515 411 1545 ludibrii
425 1515 466 1545 ad
480 1523 556 1545 eum
573 1524 581 1544 :
598 1517 763 1546 [nem-vare
785 1516 819 1544 ut
836 1517 978 1545 transea—
1010 1524 1081 1552 quae
1097 1516 1146 1545 est
1162 1516 1301 1545 Trinitas
1312 1515 1510 1552 Dcus,hanc
1527 1514 1591 1553 sibi
1604 1515 1714 1545 vindi-

276 1571 356 1592 mus.
1010 1560 1061 1589 cat
1072 1569 1193 1590 meram
1208 1561 1468 1598 singularemque
1484 1568 1547 1589 suae
1560 1560 1710 1590 essentiae

316 1608 346 1637 5.
369 1607 432 1637 Sed
464 1607 549 1637 unde
578 1606 728 1637 venimus
749 1605 834 1636 huc?
855 1607 975 1644 Nempe
1010 1605 1269 1644 simplicitatem,
1285 1607 1322 1635 ut
1343 1613 1408 1634 non
1434 1605 1522 1634 aliud
1543 1605 1577 1635 et
1601 1606 1710 1643 aliud,

275 1652 370 1688 inde,
394 1661 467 1682 cum
502 1652 618 1682 docere
644 1652 821 1688 vellemus,
851 1652 975 1680 rectum
1010 1659 1072 1680 non
1089 1652 1166 1680 alibi
1181 1660 1307 1689 quoque
1325 1652 1358 1681 et
1373 1650 1470 1687 alibi,
1487 1650 1543 1680 sed
1560 1659 1601 1680 ne
1616 1652 1710 1681 modo

274 1706 491 1736 magnumque
504 1697 585 1736 (quo
599 1696 727 1735 gemino
739 1696 822 1725 bono
836 1695 976 1725 diffinie-
1009 1696 1158 1734 quidem,
1189 1697 1222 1726 et
1250 1696 1345 1725 modo
1374 1695 1562 1725 inveniatur
1595 1696 1630 1725 in
1657 1705 1707 1727 ea.

274 1752 381 1773 ramus
406 1742 602 1782 imaginem)
632 1751 691 1773 nec
714 1742 749 1771 in
778 1742 886 1771 anima
907 1750 974 1772 esse
1008 1743 1128 1780 Nempe
1147 1743 1179 1771 in
1204 1742 1308 1772 semet
1333 1749 1484 1779 manens,
1504 1741 1590 1779 quod
1611 1742 1711 1774 habet

273 1798 393 1827 unum,
410 1798 469 1819 nec
482 1798 555 1819 cum
567 1789 673 1818 anima
684 1810 692 1826 ,
703 1787 974 1826 quemadmodum
1009 1790 1074 1826 cst,
1089 1789 1121 1818 et
1137 1788 1221 1826 quod
1243 1788 1309 1824 est,
1325 1795 1454 1825 semper
1480 1787 1513 1817 et
1536 1796 1600 1817 uno
1615 1789 1710 1818 modo

273 1836 308 1865 in
332 1836 437 1865 Yerbo
453 1836 485 1865 et
501 1844 573 1865 cum
588 1835 694 1864 Verbo
717 1842 754 1863 ea
779 1842 881 1863 unum
906 1842 974 1864 esse
1009 1835 1067 1864 cst.
1084 1835 1120 1864 In
1136 1842 1172 1864 ea
1183 1834 1215 1864 et
1230 1834 1331 1863 multa
1347 1833 1381 1862 in
1396 1841 1496 1862 unum
1507 1854 1516 1870 ,
1534 1833 1567 1862 et
1579 1833 1709 1864 diversa

273 1880 361 1911 fideli
382 1890 471 1919 acque
488 1881 665 1911 assertione
683 1879 866 1909 docuimus.
880 1880 919 1909 Et
935 1880 973 1909 de
1009 1881 1041 1910 iu
1061 1880 1147 1910 idem
1170 1880 1378 1917 rediguntur,
1393 1880 1430 1909 ut
1450 1887 1510 1908 nec
1533 1879 1573 1908 de
1592 1888 1710 1910 nume—

273 1927 472 1957 rectitudine
502 1927 634 1965 quidem
657 1934 699 1955 ex
722 1925 772 1955 his
787 1934 859 1963 quae
889 1925 974 1954 dicta
1007 1927 1138 1956 rositate
1154 1934 1260 1956 rerum
1274 1926 1378 1955 sumat
1391 1925 1612 1963 pluralitatem
1623 1947 1631 1962 ,
1646 1934 1708 1955 nec

273 1973 366 2011 sunt,
382 1974 485 2011 liquet
500 1973 586 2011 quod
612 1973 739 2002 diversa
761 1972 794 2001 et
809 1971 848 2000 ab
865 1971 973 2000 anima
1006 1973 1231 2002 alterationem
1244 1972 1282 2001 de
1297 1971 1456 2000 varietate
1473 1971 1601 2000 sentiat.
1624 1972 1707 2000 Loca

272 2019 332 2056 sit,
343 2020 375 2048 et
387 2019 426 2048 ab
441 2020 556 2048 animae
571 2017 793 2056 magnitudine
806 2025 813 2045 :
830 2017 974 2055 quando·
1006 2017 1113 2047 omnia
1125 2017 1287 2054 continet,
1302 2018 1334 2046 ct
1344 2024 1480 2054 quaeque
1500 2016 1566 2046 suis
1581 2016 1707 2047 ordinat

271 2065 406 2103 quidem
434 2073 471 2094 ea
500 2065 597 2094 etiam
623 2071 687 2093 non
711 2063 911 2099 exsistente,
941 2064 972 2092 et
1007 2064 1269 2102 locis,nusquam
1285 2062 1435 2092 contenta
1447 2062 1708 2091 locorum.Tem-

271 2111 376 2141 anima
391 2111 518 2148 manet,
531 2113 563 2140 et
575 2118 700 2148 magna.
714 2110 835 2139 Verum
850 2109 971 2146 magni·
1006 2118 1082 2148 pora
1103 2109 1161 2139 sub
1180 2117 1217 2138 ea
1242 2108 1425 2145 transeunt,
1438 2115 1502 2137 non
1518 2107 1560 2136 ei.
1586 2108 1707 2138 Futura

272 2156 396 2186 tudinis
418 2157 597 2195 animaeque
624 2155 797 2186 diversitas
812 2155 898 2184 unde
920 2155 972 2184 do—
1006 2163 1068 2184 non
1080 2153 1266 2191 exspectat,
1278 2152 1443 2190 praeterita
1458 2159 1522 2181 non
1536 2151 1704 2191 recogitat,

273 2201 419 2230 cebitur?
433 2203 500 2232 Non
525 2202 613 2231 enim
638 2201 716 2231 inde
745 2201 870 2239 potest,
885 2201 970 2230 unde
1005 2200 1174 2239 praesentia
1192 2207 1256 2228 non
1282 2198 1461 2235 experitur.

273 2247 478 2277 rectitudinis
501 2248 680 2285 animaeque
709 2248 883 2277 monstrata
905 2247 969 2285 est,
1045 2246 1074 2276 6.
1098 2245 1265 2275 Recedant
1280 2252 1297 2273 a
1312 2243 1422 2280 nobis,
1450 2243 1626 2281 carissimi,
1651 2252 1705 2273 re-

271 2299 347 2321 cum
363 2300 427 2320 nou
443 2292 525 2320 sicut
542 2292 737 2321 rectitudine
748 2313 756 2329 ,
774 2292 818 2321 ita
835 2292 867 2321 et
882 2299 971 2329 mag-
1005 2292 1122 2322 cedant
1138 2291 1279 2328 novelli,
1297 2298 1361 2319 ncn
1375 2289 1558 2327 dialectici,
1569 2289 1625 2319 sed
1639 2289 1706 2319 hae-

271 2337 421 2368 nitudine
442 2345 497 2366 sua
512 2337 632 2374 privari
648 2338 755 2366 anima
769 2337 881 2375 possit.
902 2338 969 2366 Non
1004 2337 1117 2374 retici,
1133 2336 1188 2374 qui
1202 2334 1460 2373 magnitudinem
1474 2355 1482 2370 ,
1497 2341 1559 2371 qua
1571 2341 1705 2371 magnus

274 2384 323 2413 est
341 2385 451 2413 tamen
476 2390 531 2411 sua
547 2383 734 2420 magnitudo
756 2383 876 2412 anima.
891 2383 969 2412 Nam
1004 2385 1051 2414 est
1059 2383 1161 2419 Deus3
1172 2382 1204 2411 et
1216 2382 1295 2411 item
1311 2379 1575 2417 bonitatem,qua
1586 2379 1702 2418 bonus,-

274 2429 335 2459 ctsi
351 2428 457 2457 anima
472 2435 537 2457 non
552 2427 719 2457 invenitur
734 2429 855 2466 absque
879 2437 968 2467 mag-
1002 2430 1059 2460 sed
1075 2430 1107 2459 et
1122 2426 1331 2467 sapientiam,
1348 2433 1410 2464 qua
1425 2425 1569 2463 sapiens3
1586 2424 1619 2454 et
1633 2424 1704 2462 jus-

272 2475 421 2506 nitudine
459 2482 533 2511 sua,
562 2473 630 2511 ipsa
665 2474 775 2504 tamen
814 2474 848 2503 et
874 2476 967 2506 extra
1003 2476 1127 2513 titiam,
1144 2482 1206 2513 qua
1226 2472 1351 2510 justus,
1367 2472 1526 2510 postremo
1548 2470 1702 2500 divinita-

272 2521 413 2555 animam
427 2519 600 2558 reperitur.
622 2519 744 2555 Quaeris
758 2518 838 2548 ubi?
852 2520 887 2548 In
903 2521 967 2550 An·
1003 2523 1067 2552 tem
1078 2544 1087 2558 ,
1100 2528 1163 2559 qua
1176 2521 1263 2549 Deus
1278 2519 1342 2555 est,
1356 2518 1460 2547 Deum
1476 2524 1539 2546 uon
1554 2524 1623 2546 esse
1638 2515 1702 2545 im·-

270 2568 364 2606 geliS.
389 2566 467 2597 Inde
482 2564 602 2604 qnippe
617 2563 724 2601 magni
747 2564 821 2592 sunt
832 2566 965 2605 Angeli,
1002 2567 1147 2605 piissime
1189 2564 1367 2603 disputant.
1416 2562 1612 2598 Divinitate,
1648 2562 1701 2591 in—

272 2612 358 2643 unde
381 2611 497 2641 animae
518 2609 706 2647 magnitudo
721 2609 964 2649 comprobatur,
1000 2613 1134 2650 quiunt,
1150 2612 1237 2641 Deus
1252 2610 1318 2647 est,
1334 2608 1390 2639 sed
1405 2608 1557 2638 divinitas
1571 2614 1634 2636 non
1650 2608 1700 2638 est

273 2666 313 2688 ex
331 2659 426 2697 captu
442 2655 597 2687 videlicet
611 2654 812 2686 aeternitatis.
828 2654 917 2692 Quod
939 2656 966 2687 si
1001 2658 1097 2688 Deus.
1114 2656 1258 2688 Forsitan
1273 2662 1338 2686 non
1353 2652 1504 2692 dignatur
1517 2652 1604 2682 Deus
1616 2659 1698 2690 esse,
