1830 3073
496 245 552 274 DE
575 242 784 273 mvrnsls
807 233 956 270 sermo
981 241 1069 269 xm.

78 306 157 338 liter
189 301 380 336 cucurrisse.
403 300 566 340 Numquid
598 300 638 329 de
665 298 779 328 eodem

82 353 151 384 luto
162 350 315 382 formatus
331 355 365 378 es
376 347 411 377 et
424 348 472 385 tu,
486 347 520 377 et
534 345 650 376 eodem
664 343 780 382 spiritu

82 393 273 436 inspiratus?
284 394 322 424 Et
335 392 472 432 forsitan
489 399 554 422 non
571 391 695 429 ingruit
705 397 780 428 per-

81 441 204 473 secutio
217 461 227 478 ‚
252 439 290 469 ut
315 437 508 476 martyrium
535 436 688 476 patiaris3
717 442 778 464 nec

78 485 257 523 damnaris,
270 484 298 514 si
314 484 440 514 Christo
461 483 578 519 servis,
594 482 693 511 immo
709 481 780 510 lau-

76 531 180 570 daris,
197 531 229 562 et
243 530 283 561 ab
299 529 450 560 omnibus
473 527 671 567 praedicaris.
687 524 780 563 Quod

75 577 103 607 si
115 577 148 608 et
159 575 343 616 persecutio
358 572 529 612 imminet),
541 571 780 603 contemnenda

75 623 126 653 est
141 623 274 662 propter
288 620 494 651 brevitatem.
513 620 600 649 Bene
617 617 706 647 enim
721 625 781 647 na-

75 669 151 700 tura
165 668 258 698 nobis
272 666 436 706 providit,
452 673 523 704 quae
543 664 670 694 nullum
691 663 780 692 dolo—

76 722 146 744 rem
163 713 218 744 vel
231 714 379 750 longum,
395 711 449 741 vel
471 717 623 748 magnum
638 716 707 739 esse
723 708 780 738 de-

77 757 248 789 monstrat.
270 758 303 787 Si
320 757 406 787 enim
422 764 556 794 magnus
577 756 646 793 est,
663 756 779 793 longus

76 811 146 834 esse
169 810 234 832 non
249 801 366 840 potest.
389 800 580 838 conjunctio
605 799 695 829 enim
711 807 780 828 cor-

76 848 165 887 poris
180 849 213 879 et
231 847 347 877 animae
363 846 527 889 exquisita
543 845 600 875 diu
614 845 779 875 tormenta

75 902 142 925 non
155 893 315 930 sustinet,
329 892 388 922 sed
399 892 541 930 stuporis
554 891 779 930 magnitudine

75 939 286 978 tremefacta,
301 945 427 968 summa
441 937 617 968 velocitate
631 936 781 967 dissolvi—

77 987 142 1016 tur.
157 985 263 1024 Magni
286 992 363 1023 ergo
385 983 487 1014 animi
506 983 556 1014 est
577 990 693 1020 magna
714 983 781 1013 tor-

76 1031 186 1062 menta
200 1030 429 1067 contemnere,
445 1038 517 1067 quae
540 1028 576 1058 in
594 1029 688 1058 brevi
708 1029 782 1058 tan-

75 1079 144 1107 tam
159 1077 294 1116 pariunt
308 1076 525 1106 mutationem
539 1096 550 1114 ,
563 1075 601 1105 ut
616 1074 656 1104 de
671 1074 780 1105 labore

76 1123 116 1153 ad
128 1122 288 1161 requiem,
305 1122 345 1153 de
356 1122 487 1152 miseria
502 1121 543 1151 ad
557 1120 712 1159 gloriam,
723 1128 782 1158 pa-

76 1168 215 1199 lientem
242 1167 363 1198 faciant
385 1167 528 1198 evolare.
544 1165 780 1196 consideranda

75 1215 125 1244 est
135 1215 234 1244 etiam
247 1213 407 1251 fragilitas
419 1211 574 1250 corporis,
589 1219 686 1249 quam
695 1219 780 1249 saepe

76 1260 132 1290 aut
143 1259 262 1298 aliquis
275 1258 462 1288 levissimus
473 1265 565 1287 casus
577 1278 587 1295 ‚
601 1256 657 1286 aut
670 1255 782 1285 incan-

76 1304 187 1335 dentis
214 1304 383 1334 febriculae
407 1303 572 1333 cumulata
594 1300 780 1340 congeries,

75 1350 166 1381 brevi
175 1349 468 1389 possuntsuffocare
476 1347 780 1378 moment0.Tribue

76 1404 152 1434 ergo
168 1396 304 1433 virtuti,
320 1395 347 1425 si
361 1394 537 1425 necessitas
556 1393 676 1431 fuerit,
692 1392 780 1431 quod

75 1442 267 1480 quandoque
283 1441 382 1471 debes
396 1439 603 1477 necessitati,
617 1447 675 1477 pro
686 1438 780 1469 brevi

74 1485 218 1525 periculo
240 1486 474 1526 sempiternum
493 1485 666 1524 praemium
680 1484 782 1524 adep-

76 1535 181 1563 turus.

119 1579 168 1609 10.
183 1577 284 1609 Vides
298 1585 373 1616 ergo
387 1584 483 1616 quam
499 1575 642 1606 difficilis
657 1575 702 1606 sit
724 1574 779 1606 via

77 1624 288 1656 confessionis
303 1624 344 1654 ad
358 1623 556 1654 currendum
566 1645 574 1660 ‚
585 1630 682 1661 quam
695 1622 781 1652 mul-

74 1670 208 1709 tiplices
229 1670 355 1701 semitae
380 1669 421 1699 ad
443 1668 634 1698 tenendum.
658 1668 780 1698 Verum

75 1718 124 1747 est
145 1716 231 1755 quod
255 1716 312 1745 ille
327 1715 438 1745 tantus
452 1713 605 1743 Ecclesiae
629 1713 780 1751 Magister

75 1763 121 1792 ait
137 1771 145 1790 z
164 1774 180 1788 «
193 1762 334 1791 Facilius
349 1759 461 1789 inveni
484 1767 539 1789 eos
550 1759 607 1797 qui
621 1759 781 1788 innocen—

78 1820 93 1833 »
110 1808 190 1836 tiam
199 1805 424 1842 servaverunt,
434 1812 531 1842 quam
540 1804 596 1843 qui
609 1812 780 1842 congruam

80 1866 94 1879 η
117 1852 253 1890 egerunt
278 1850 517 1889 poenitentiam.
538 1861 556 1876 »
571 1851 648 1880 Haec.
670 1850 710 1880 de
728 1850 782 1880 via

76 1899 289 1930 consessionis
312 1905 370 1935 pro
393 1896 522 1926 modulo
544 1898 654 1926 nostro
679 1896 781 1926 locuti

76 1954 185 1975 sumus
197 1967 207 1983 ‚
229 1942 475 1975 sublimioribus
491 1942 691 1972 sublimioris
710 1951 783 1972 sen-

76 1991 187 2021 tentiae
208 1989 353 2029 pondera
378 1988 598 2019 reservantes.
621 1989 780 2018 Caeterum

75 2035 271 2066 obedientiae
301 2034 391 2064 viam
423 2033 483 2066 sub
524 2033 589 2063 alio
622 2033 781 2064 sermonis

76 2080 235 2119 principio
251 2080 380 2118 aperire
402 2078 601 2109 tentabimus
616 2100 626 2116 ‚
640 2087 682 2109 ne
708 2088 781 2108 um-

76 2134 172 2164 quam
197 2126 232 2155 iu
254 2124 422 2155 fastidium
442 2124 577 2155 veniant
595 2125 696 2155 verba
717 2126 781 2155 Do-

77 2172 156 2202 mini
175 2169 370 2211 salvatoris,
385 2171 442 2210 qui
457 2170 507 2201 est
528 2170 722 2202 benedictus
745 2170 779 2201 in

76 2218 205 2248 saecula.
741 2215 743 2219 '

271 2296 445 2333 ,smum
472 2297 574 2330 XLI.

93 2367 129 2389 De
142 2366 248 2389 virtute
260 2365 435 2391 Obedientiae
446 2383 453 2396 ‚
467 2368 493 2389 et
505 2368 609 2397 septe'm
622 2366 682 2396 ejus
697 2374 764 2397 gra-

384 2401 473 2427 dibus.

120 2456 148 2484 vl.
164 2455 236 2484 Non
253 2463 414 2493 possumus
435 2463 490 2485 nos
515 2454 647 2493 coqr'tare
663 2455 779 2493 aliquid

76 2511 95 2530 a
116 2500 201 2531 nobis
213 2522 223 2537 ,
237 2501 327 2539 quasi
348 2509 387 2529 ex:
402 2500 489 2530 nobis
497 2521 508 2536 ,
528 2501 579 2530 scd
595 2501 779 2538 sufficientia

77 2548 182 2576 nostra
196 2555 236 2576 eac
245 2547 310 2576 Deo
324 2547 377 2576 est.
388 2545 472 2582 Quid
486 2545 574 2574 enirn
586 2545 619 2574 in
630 2545 692 2574 hoc
704 2553 779 2576 vase

79 2593 178 2622 testeo
187 2592 221 2622 et
234 2591 408 2630 fragilitate
421 2590 656 2629 complexionis
664 2591 781 2621 huma-

79 2646 126 2667 nae
135 2658 145 2674 ‚
165 2636 305 2675 cogitare
326 2637 468 2668 sufficiat
491 2636 626 2675 spiritus
648 2645 778 2668 carcere

79 2682 221 2712 inclusus
232 2703 240 2718 ,
256 2682 387 2720 peccato
403 2684 591 2721 corruptus,
607 2682 779 2721 depressus

1472 243 1514 274 83

813 294 974 326 terren1s?
984 296 1101 333 Corpus
1112 293 1200 324 enim
1211 294 1291 333 quod
1298 298 1518 335 corrumpitur,

814 342 964 390 aqqravdt
988 341 1147 378 am’mam3
1170 341 1198 369 et
1223 340 1365 377 deprimit
1395 343 1519 373 terrena

813 387 995 418 inhabitatio
1007 394 1129 426 sensum
1142 385 1239 415 inulla
1251 386 1446 423 coqz'tantem.
1458 387 1519 417 Be-

812 432 930 472 nignus
950 433 1061 463 tamen
1087 431 1137 462 est
1159 430 1300 470 Spiritus
1324 430 1516 469 sapientiae,

813 479 918 517 quiet
937 478 1087 517 spiritum
1103 477 1266 507 inclusum
1281 475 1466 513 illuminat,
1484 478 1520 507 et

814 523 1001 562 corruptum
1015 522 1125 560 sanat„
1134 522 1168 552 et
1179 521 1301 551 allevat
1315 520 1519 558 depressum.

813 569 868 600 Est
882 568 971 599 enim
985 567 1126 607 Spiritus
1140 566 1276 606 pietatis
1288 587 1298 604 ,
1318 565 1522 605 compeditos

814 615 940 646 solvens
955 637 964 653 ‚
987 622 1088 644 caecos
1108 612 1297 643 illuminans
1309 634 1319 650 ,
1335 612 1370 642 et
1390 612 1522 652 erigens

815 661 921 692 elisos.
937 660 992 691 Est
1004 660 1102 690 etiam
1115 659 1256 698 Spiritus
1270 658 1420 689 veritatis
1432 680 1442 697 ,
1462 658 1521 696 qui

814 707 909 738 docet
921 716 980 738 nos
994 715 1124 737 omnem
1134 705 1306 736 veritatem
1320 713 1328 734 z
1341 713 1406 735 non
1415 705 1520 735 solum

813 755 923 785 autem
939 754 1053 791 docet,
1069 752 1127 783 sed
1147 753 1247 782 etiam
1267 750 1423 790 suggerit.
1439 751 1523 790 Sug-

814 801 897 839 gerit
911 799 1070 831 videlicet
1090 798 1127 829 ut
1141 805 1342 837 quaeramus,
1368 796 1464 826 (locet
1483 798 1523 826 ut

813 846 1047 885 intelligamus.
1065 845 1136 882 Ipse
1153 844 1221 881 est,
1244 851 1344 882 quem
1364 843 1523 873 Dominus

813 892 906 923 Jesus
920 891 993 931 post
1006 891 1110 921 Patris
1125 889 1348 920 obedientiam
1361 897 1464 927 usque
1478 889 1519 919 ad

813 939 952 969 mortem
961 937 1077 976 crucis,
1086 936 1176 967 misit
1187 936 1348 974 Apostolis
1355 935 1434 974 suis,
1444 935 1524 965 obe-

814 984 980 1014 dientibus
989 983 1067 1014 suis.
1077 983 1123 1012 An
1134 990 1200 1012 non
1211 981 1272 1011 tibi
1287 981 1445 1012 videntur
1456 981 1523 1012 sin-

815 1030 934 1069 gularis
962 1029 1159 1059 obedientiae
1181 1027 1408 1058 conscendisse
1430 1027 1523 1058 fasti-

815 1076 922 1114 gium,
937 1075 998 1114 qui
1019 1075 1154 1113 accepta
1177 1073 1312 1103 licentia
1328 1073 1465 1103 sedendi
1486 1074 1522 1103 in

815 1122 968 1159 civitate,
985 1120 1071 1150 intra
1087 1120 1185 1150 unius
1208 1119 1413 1149 domunculae
1427 1120 1521 1158 septa

815 1167 981 1204 conclusi,
996 1167 1188 1196 zenanz'mz'ter
1210 1166 1243 1195 in
1265 1166 1405 1195 oratione
1417 1174 1524 1204 perse-

816 1213 963 1243 verabant
974 1212 988 1241 ἓ
1015 1210 1212 1241 Intellexisti
1232 1211 1310 1249 quia
1334 1211 1423 1241 ibant
1437 1211 1523 1250 Apo-

813 1258 884 1288 stoli
896 1258 1059 1297 qamlentes
1079 1265 1099 1286 a
1121 1258 1281 1294 conspecta
1293 1256 1432 1292 concilii,
1449 1265 1524 1294 quo-

814 1305 901 1334 niam
915 1304 999 1342 diqm‘
1018 1302 1117 1333 habiti
1139 1303 1211 1332 sunt
1231 1310 1290 1340 pro
1311 1303 1437 1332 ‘nomine
1451 1304 1525 1332 Jeszc

815 1349 1031 1379 contumeliam
1043 1347 1131 1386 pati?
1143 1347 1167 1376 Ο
1182 1346 1314 1387 quantis
1325 1346 1523 1377 obedientiae

814 1395 942 1425 viribus
966 1393 1155 1423 innituntur
1167 1414 1177 1431 ,
1203 1393 1261 1430 qui
1295 1392 1438 1431 gaudent
1461 1401 1521 1431 pro

814 1440 938 1471 Christo
953 1439 994 1470 ad
1009 1439 1186 1470 concilium
1201 1438 1308 1477 trahi,
1330 1438 1524 1477 dignitatem

815 1486 939 1517 ducunt
959 1493 1019 1524 pro
1040 1493 1079 1515 eo
1095 1484 1195 1522 caedi,
1211 1484 1347 1522 gloriam
1370 1487 1524 1523 quaerunt

814 1541 871 1571 pro
897 1540 935 1563 eo
959 1531 1061 1561 mori!
1087 1531 1196 1561 Beatae
1212 1530 1348 1569 animae,
1365 1531 1399 1561 et
1420 1530 1525 1560 abun-

815 1578 905 1610 danti
941 1577 1114 1615 majestate
1147 1577 1289 1615 Spiritus
1314 1576 1491 1607 influentes
1514 1587 1521 1605 ε

815 1625 933 1664 quibus
947 1624 1057 1655 vilitas
1067 1646 1076 1661 ‚
1092 1622 1297 1660 sublimita53
1312 1622 1524 1659 contumelia,

815 1671 915 1709 gloria
925 1680 934 1709 ς
946 1670 1119 1710 patientia,
1133 1669 1285 1707 victoria,
1294 1669 1437 1698 mirabili
1450 1677 1524 1698 mu-

815 1718 976 1748 tabilitate
991 1716 1159 1748 videntur.
1178 1716 1317 1746 Multum
1331 1715 1459 1753 repleta
1475 1717 1525 1745 est

813 1763 925 1806 anima
940 1771 1072 1800 eorum,
1093 1761 1305 1800 opprobrium
1325 1761 1524 1791 abundanti-

816 1808 889 1847 hus,
904 1809 938 1839 et
951 1807 1118 1846 despectio
1130 1806 1292 1845 superbis.
1304 1806 1414 1836 Cernis
1426 1815 1523 1844 quam

816 1854 920 1884 libera
935 1853 1041 1884 fronte
1056 1852 1251 1883 Pontificum
1267 1851 1396 1890 faciem,
1409 1851 1525 1881 Phari-

817 1908 953 1930 saeorum
968 1899 1181 1938 supercilium
1193 1922 1202 1937 ,
1219 1899 1397 1929 tumultum
1417 1898 1524 1936 plebis

816 1945 996 1983 irrumpant
1011 1945 1157 1974 dicentes
1172 1952 1181 1973 τ
1197 1945 1298 1983 Μαρίε
1320 1944 1437 1982 oportet
1457 1945 1523 1973 Deo

815 1992 934 2022 obedite
959 2000 1054 2031 quam
1082 1991 1270 2020 hominibus.
1307 1989 1441 2019 Intuere
1467 1989 1522 2018 illa

815 2038 877 2069 duo
898 2046 1014 2077 magna
1034 2036 1210 2068 luminaria
1233 2036 1366 2066 Petrum
1393 2036 1426 2065 et
1439 2036 1522 2064 Pau-

814 2085 899 2122 lum,
916 2085 949 2115 ct
971 2084 1164 2114 universum
1180 2082 1329 2112 ordinem
1350 2081 1522 2119 apostolici

813 2133 945 2161 senatus
960 2130 1152 2167 obambula3
1172 2129 1205 2158 et
1225 2129 1273 2158 ibi
1288 2127 1418 2158 videbis
1443 2127 1521 2156 obe-

814 2176 945 2207 dientiae
962 2175 1150 2207 firmitatem
1173 2174 1261 2204 inter
1282 2172 1521 2203 tormentorum

801 2222 1060 2255 ‘multitudinem
1079 2221 1222 2251 viriliter
1232 2219 1426 2259 perstitisse.
1436 2220 1522 2249 Non-

813 2277 853 2299 ne
867 2269 937 2308 ipse
949 2268 1050 2298 Filius
1062 2268 1172 2306 Regis,
1183 2268 1256 2297 Rex
1267 2265 1411 2304 regionis
1421 2265 1523 2304 illius,

812 2324 884 2353 quae
895 2314 1058 2345 continuis
1070 2313 1198 2353 gaudiis
1210 2311 1408 2350 inclarescit,
1422 2312 1524 2350 factus

813 2363 855 2391 cst
870 2362 961 2391 Patri
975 2361 1115 2391 obediens
1129 2369 1223 2398 usquc
1236 2359 1275 2389 ad
1283 2360 1426 2395 mortem,
1436 2367 1523 2388 mor-

813 2409 872 2437 tem
889 2409 992 2437 anetem
1005 2408 1115 2443 crucc's,
1129 2406 1161 2436 et
1170 2404 1287 2435 didicit
1301 2403 1523 2434 obedientiam

814 2461 855 2483 ex
866 2453 916 2483 hIs
925 2462 996 2491 quae
1004 2461 1116 2491 passus
1128 2452 1177 2483 est
1184 2451 1197 2481 ἓ
1205 2450 1333 2481 Audisti
1343 2449 1521 2485 miseriam,

813 2499 890 2528 audi
917 2500 951 2529 et
976 2506 1124 2529 coronam
1147 2506 1155 2527 :
1178 2497 1290 2528 vidisti
1319 2495 1521 2534 periculum,

813 2544 889 2574 vide
899 2545 1067 2582 praemium
1082 2553 1090 2573 :
1104 2542 1274 2575 attendisti
1283 2540 1521 2577 infirmitatem,

813 2591 945 2621 attende
969 2590 1179 2629 potestatem.
1206 2589 1339 2626 Propter
1354 2586 1433 2624 quod
1442 2607 1452 2620 ,
1472 2585 1522 2614 in-

813 2636 903 2675 quit,
918 2638 947 2667 et
964 2639 1048 2667 Deus
1064 2635 1214 2666 exaltavit
1229 2635 1335 2668 illum,
1351 2633 1380 2660 ct
1393 2630 1473 2660 dedit
1492 2632 1526 2664 οἱ,

815 2691 940 2718 women,
953 2683 1084 2719 quotiesc
1098 2689 1187 2718 super
1197 2684 1418 2708 omne‘nomvn.

1349 2734 1371 2750 ist
