1810 3073
304 180 363 211 1414

301 237 345 267 sit
359 236 571 277 conscientia,
581 238 639 269 sed
653 239 754 270 etiam
770 248 900 279 secura;
915 238 1002 270 unde

301 282 490 322 subjungit:
507 285 588 323 Quia
606 286 717 324 eripuit
741 287 881 317 animam
901 293 1002 316 meam

300 329 336 359 de
349 331 466 368 morte,
483 330 585 362 oculos
604 339 686 362 meos
704 341 726 362 a
739 332 902 370 lacrymis,
914 331 1003 368 pedes

301 383 384 406 meos
399 385 420 406 a
433 377 534 415 lapsu.
551 377 599 407 De
615 377 737 416 morte,
759 377 865 408 dando
886 377 1004 405 honam

300 421 534 452 conscientiam
550 431 559 452 ε
575 431 594 452 3
612 423 783 461 lacrymis,
798 421 903 452 dando
915 421 1006 451 tran-

299 467 436 505 quillam
449 468 483 500 et
494 469 612 499 bonam
625 476 663 498 :a
673 469 767 508 lapsu
776 490 786 507 ,
795 467 901 499 dando
913 475 1005 499 secu-

300 520 382 544 ram.

462 598 633 631 SERMO
669 598 818 632 CXIII.

340 660 388 693 Ab
403 661 526 692 occultis
546 662 622 692 meis
635 662 754 692 munda
775 670 843 699 nze,
855 664 1004 700 Domine,

290 708 324 736 ct
342 707 382 737 ab
397 707 505 737 alienis
524 716 618 745 parce
640 716 726 739 servo
740 709 810 739 tuo.
835 708 911 739 Tria
931 710 1007 740 sunt

298 753 424 782 occulta
440 760 448 781 ε
465 752 581 781 11110113
595 752 699 791 30110,
721 752 830 783 dolosa
846 754 1005 794 intentio,

298 797 464 836 impudica
476 798 615 828 affectio.
627 798 729 829 Prava
741 800 886 837 operatio
898 800 1008 839 inqui-

299 845 355 874 nat
366 844 573 880 memoriam,
583 843 692 874 dolosa
700 844 839 875 intentio
848 846 1007 877 rationem

299 890 353 920 vel
367 890 532 928 mentem,
554 889 723 927 impudica
746 891 875 921 affectio
890 892 1008 922 volun-

299 936 412 966 tatem.
435 936 609 966 Mundatur
628 936 786 966 memoria
808 945 868 975 per
882 938 1009 968 confes-

300 981 441 1020 sionem,
464 990 556 1012 mens
575 990 636 1020 per
659 982 858 1021 lectionem,
880 984 1006 1014 affectio

300 1027 353 1056 vel
370 1027 517 1057 voluntas
538 1035 598 1066 per
619 1028 812 1058 orationem.
829 1030 875 1059 Ab
891 1030 1008 1062 alienis

300 1073 442 1103 mundus
463 1073 547 1112 eris,
571 1073 679 1104 sinon
709 1074 866 1113 insultes,
891 1076 920 1107 si
944 1085 1007 1107 non

300 1117 463 1157 discedas,
479 1118 507 1148 si
521 1126 586 1148 non
600 1118 802 1158 consentias,
818 1120 846 1150 si
865 1129 929 1152 non
942 1122 1009 1152 dis-

299 1163 444 1195 simules.
470 1165 610 1195 Justitiae
639 1166 689 1195 est
708 1173 774 1195 non
804 1168 1006 1208 consentire,

298 1210 356 1240 sed
373 1219 446 1240 cum
460 1211 566 1249 rigore
592 1210 745 1241 resistere
759 1220 768 1241 z
784 1211 985 1245 fortitudinis
998 1237 1006 1253 ,

299 1264 366 1287 11011
380 1256 568 1295 discedere,
598 1257 656 1287 sed
679 1257 765 1287 mala
793 1259 936 1296 proximi
950 1268 1008 1298 pa-

300 1302 422 1334 tienter
434 1303 574 1332 tolerare
591 1311 599 1332 :
616 1303 862 1342 temperantias,
878 1312 943 1335 non
957 1305 1008 1336 111-

300 1349 422 1380 sultare
433 1370 442 1386 ,
457 1348 514 1379 5011
527 1357 602 1378 cum
609 1349 832 1381 moderamine
845 1353 985 1390 compati
998 1361 1006 1382 ε

300 1395 484 1434 prudentiae
495 1416 504 1433 ‚
524 1403 589 1424 non
614 1395 822 1425 dissimulare
835 1418 844 1434 ,
860 1397 918 1428 sed
944 1399 1009 1430 sol-

300 1441 394 1473 licite
407 1441 445 1473 ut
455 1441 541 1471 mala
555 1440 707 1471 desinant
717 1442 904 1480 providere.

1016 593 1025 1110 1

481 1549 653 1583 SERMO
685 1550 827 1584 CXIV.

339 1620 411 1649 PAX
433 1618 579 1657 corporis
594 1619 643 1649 est
657 1619 804 1650 ordinata
820 1620 1008 1658 temperan-

299 1665 346 1696 tia
356 1665 513 1703 partium.
525 1665 592 1694 Pax
607 1665 724 1695 animae
739 1665 948 1704 irrationalis,
959 1675 1009 1696 or-

300 1711 412 1741 dinata
435 1710 567 1749 requies
591 1711 844 1750 appetitionum.
859 1712 927 1741 Pax
940 1712 1008 1742 ani-

300 1765 362 1787 mae
375 1757 561 1795 13110113115,
578 1757 784 1795 cogitationis
806 1757 1008 1797 actionisque

300 1802 481 1833 consensio.
500 1803 569 1832 Pax
583 1803 726 1841 corporis
753 1804 787 1833 01
802 1803 920 1834 animae
934 1826 943 1841 ,
960 1813 1009 1834 or-

300 1847 411 1878 dinata
425 1848 495 1878 vita
511 1847 545 1878 et
568 1848 656 1878 salus
669 1847 855 1879 animantis.
870 1850 937 1879 Pax
954 1850 1009 1880 ho-

300 1894 398 1925 minis
409 1902 445 1924 ac
463 1894 535 1932 Dei,
548 1894 697 1924 ordinata
712 1894 746 1924 in
761 1894 824 1925 fide
840 1896 899 1925 sub
915 1896 1010 1926 aeter-

300 1948 343 1971 na
358 1940 429 1978 lege
445 1940 644 1970 obedientia.
664 1941 731 1970 Pax
755 1940 943 1979 hominum,
960 1950 1009 1971 or-

300 1984 410 2015 dinata
423 1984 605 2015 concordia.
627 1985 695 2014 Pax
719 1984 848 2023 domus,
862 1986 1008 2016 ordinata

299 2029 484 2069 imperandi
508 2030 606 2068 atque
635 2029 811 2060 obediendi
837 2032 1015 2061 concordia¹

301 2076 572 2106 cohabitantium.
585 2076 653 2105 Pax
664 2075 807 2107 civitatis
818 2076 935 2107 similis
947 2078 1006 2107 est.

300 2122 367 2152 Pax
383 2122 524 2153 coelestis
539 2121 702 2159 civitatis,
718 2121 958 2153 ordinatissima
975 2124 1007 2152 01
1022 2125 1025 2151 1

303 2168 552 2198 concordissima
576 2167 714 2198 societas
729 2167 859 2198 fruendi
877 2169 960 2207 Deo,
975 2170 1007 2199 ct
1023 2154 1025 2183 ¹

302 2212 438 2242 viVendi
467 2214 502 2243 in
528 2222 578 2244 eo.
609 2214 677 2243 Pax
703 2214 851 2243 omnium
878 2223 988 2244 rerum
999 2237 1007 2252 ,

303 2260 523 2297 tranquillitas
546 2259 679 2290 ordinis.
696 2260 781 2290 Ordo
807 2260 856 2290 est
880 2260 1009 2298 parium

303 2305 548 2343 dispariumque
574 2314 686 2335 rerum
711 2314 769 2337 sua
799 2306 918 2345 cuique
939 2307 1009 2339 loca

302 2351 451 2381 tribuens
467 2349 648 2389 dispositio.

346 2519 476 2549 Accedat
489 2518 579 2548 homo
594 2519 634 2547 ad
650 2526 702 2547 cor
717 2519 832 2557 allum,
849 2521 1011 2549 0101111111-

306 2565 388 2595 bitur
401 2566 496 2595 Deus.
512 2564 567 2594 Est
579 2571 633 2593 cor
650 2564 771 2600 altum,
793 2573 847 2594 001
862 2565 987 2595 humile
1000 2588 1009 2603 ‚

306 2619 360 2642 cor
385 2610 559 2641 mediocre.
589 2609 676 2640 Dicit
702 2610 884 2648 Propheta:
908 2612 1030 2647 Redite-5

492 2450 663 2483 smnio
692 2451 811 2485 CXV.

756 187 788 215 S.
813 185 1054 216 BERNARDI
1077 186 1273 217 ABBATIS

1033 241 1288 277 praevarz‘catores
1311 242 1351 273 ad
1375 249 1440 272 cor.
1465 239 1571 272 Prima
1597 237 1738 270 accessio

1034 285 1293 322 praevaricatoris
1303 287 1391 317 servi
1408 286 1450 317 ad
1465 294 1519 317 cor
1534 284 1659 316 humile
1673 293 1682 313 τ
1699 283 1739 313 ad

1036 330 1123 367 quod
1145 331 1289 361 trahitur
1313 340 1373 371 per
1393 331 1566 370 J'udicium.
1591 329 1740 360 Secunda

1036 375 1177 406 accessio
1204 378 1398 408 mercenarii
1418 378 1459 409 ad
1479 386 1534 408 cor
1548 376 1711 407 mediocre
1727 382 1736 403 ε

1036 419 1077 450 311
1090 421 1177 459 quod
1191 422 1326 452 vocatur
1348 431 1408 461 per
1431 423 1616 454 consilium.
1631 419 1741 451 Tertia

1036 465 1095 495 filii
1109 466 1150 496 ad
1164 474 1218 496 cor
1233 467 1334 497 altum
1352 476 1361 497 :
1377 467 1417 498 ad
1430 468 1516 507 quod
1534 466 1664 498 levatur
1680 473 1741 505 per

1037 510 1247 542 desiderium.
1259 513 1298 543 Et
1308 513 1387 543 tunc
1408 513 1571 544 exaltatur
1583 514 1670 543 Deus
1680 532 1690 550 ,
1706 510 1742 540 id

1038 557 1087 587 est
1099 565 1196 596 supra
1211 566 1265 588 cor
1277 558 1445 589 elevatur:
1461 559 1499 589 ut
1509 558 1586 588 dum
1601 565 1667 589 non
1682 564 1742 596 po-

1038 601 1101 632 test
1116 603 1349 641 comprehendi
1370 611 1431 642 per
1455 603 1616 634 rationem
1627 625 1638 642 ,
1653 603 1740 633 desi-

1038 647 1170 678 deretur
1183 657 1242 687 per
1256 648 1465 679 affectionem
1475 649 1508 679 et
1519 656 1676 678 amorem.
1701 648 1741 677 Et

1038 694 1130 731 nota,
1145 693 1233 733 quod
1247 694 1449 725 accessiones
1464 694 1534 725 istae
1544 693 1615 724 sive
1630 701 1743 723 ascen-

1038 740 1144 771 siones
1170 740 1204 770 in
1229 740 1327 771 corde
1364 740 1516 779 aguntur.
1544 739 1637 770 Unde
1661 739 1743 770 dicit

1039 787 1197 825 Propheta
1213 795 1221 816 :
1238 787 1436 818 Ascensiones
1453 787 1488 816 in
1501 786 1590 816 corde
1602 794 1658 816 suo
1681 786 1744 815 dis-

1033 834 1136 871 posuit
1142 833 1175 862 in
1183 833 1261 863 valle
1269 834 1493 871 lacrymarmn.
1501 831 1565 862 Sed
1571 830 1744 870 aliquando

1040 879 1134 908 homo
1146 879 1282 908 interior
1302 878 1463 908 rationem
1479 877 1627 915 excedit,
1641 877 1675 907 et
1689 885 1744 907 su-

1040 931 1096 961 pra
1110 932 1145 954 se
1157 924 1300 963 1301131,
1310 924 1343 954 01
1352 923 1471 954 dicitur
1489 931 1641 954 excessus
1651 929 1745 952 men-

1040 969 1091 1000 tis.
1106 970 1198 1000 Unde
1215 971 1248 1000 et
1261 970 1400 1009 quatuor
1417 969 1533 1008 gradus
1547 968 1745 999 ascensionis

1040 1024 1110 1046 esse
1127 1016 1277 1046 dicimus.
1294 1016 1422 1046 Primus
1439 1015 1479 1045 ad
1494 1024 1568 1054 cor,
1583 1014 1745 1045 secundus

1041 1062 1074 1091 in
1093 1062 1189 1092 cc-rde
1199 1083 1209 1100 ,
1224 1061 1342 1092 tertius
1355 1061 1395 1091 de
1408 1061 1504 1091 corde
1515 1082 1525 1098 ,
1540 1061 1676 1099 quartus
1689 1068 1745 1089 su-

1040 1115 1098 1145 pra
1113 1116 1178 1137 cor.
1195 1109 1230 1137 In
1245 1107 1352 1147 primo
1367 1106 1504 1137 timetur
1517 1105 1695 1143 Dominus,
1711 1105 1746 1135 111

1041 1154 1182 1184 5001111110
1204 1153 1336 1184 auditur
1359 1152 1581 1190 consiliarius,
1600 1151 1635 1182 111
1647 1151 1746 1181 tertio

1041 1200 1245 1231 desideratur
1264 1207 1418 1240 sponsuS,
1437 1199 1473 1230 in
1486 1197 1601 1239 quarto
1614 1196 1748 1229 videtur

1041 1246 1140 1278 Deus.

1342 1295 1433 1303 ———

1219 1345 1391 1379 SERMO
1424 1344 1567 1380 CXVI.

1066 1423 1103 1454 si
1115 1422 1350 1454 consum‘cxz'stz's
1363 1429 1433 1451 cum
1447 1420 1567 1452 Christo
1575 1442 1585 1458 ,
1601 1429 1668 1460 quoe
1679 1429 1747 1451 sur-

1039 1478 1108 1500 sum
1129 1471 1202 1499 sunt
1217 1469 1354 1508 quoerite.
1369 1468 1448 1498 Duae
1469 1467 1544 1497 sunt
1558 1467 1698 1505 mortes,
1713 1466 1746 1496 ct

1040 1515 1176 1545 totidem
1187 1513 1455 1544 resurrectiones.
1463 1513 1571 1543 Prima
1582 1520 1668 1543 mors
1676 1511 1746 1541 ani-

1040 1569 1118 1599 mae,
1147 1559 1287 1591 secunda
1313 1559 1467 1598 corporis.
1500 1559 1584 1589 Mors
1612 1559 1746 1595 animm,

1040 1606 1200 1644 separatio
1216 1613 1234 1634 a
1248 1606 1315 1634 Deo
1332 1613 1340 1634 ι
1359 1612 1445 1634 111015
1467 1603 1630 1642 corporis,
1652 1611 1747 1641 sepa-

1039 1651 1122 1681 ratio
1133 1651 1250 1681 aniinae
1272 1659 1290 1680 3
1306 1658 1452 1689 corpore.
1479 1650 1570 1679 Hanc
1593 1652 1747 1688 operatur

1040 1697 1209 1734 peccatum
1221 1717 1230 1734 ,
1254 1696 1345 1725 illam
1369 1703 1466 1734 poena
1485 1695 1625 1733 peccati.
1642 1695 1721 1724 110111
1737 1715 1746 1730 ,

1040 1741 1145 1780 prima
1164 1741 1359 1771 resurrectio
1375 1740 1508 1779 animae,
1524 1740 1665 1771 secunda
1680 1749 1749 1770 cor·-

1041 1788 1141 1826 poris.
1157 1787 1443 1818 Resurrectionem
1458 1786 1575 1816 animae
1594 1789 1747 1824 operatus·

1042 1834 1090 1865 est
1101 1834 1235 1864 humilis
1247 1836 1280 1863 et
1291 1834 1437 1863 occultus
1448 1832 1566 1863 Christi
1578 1832 1749 1864 adventus:

1041 1880 1316 1910 resurrectionem
1342 1879 1485 1918 corporis
1496 1900 1505 1916 ,
1534 1878 1690 1917 gloriosus
1715 1883 1747 1910 et

1041 1926 1234 1955 manifestus
1258 1924 1375 1954 Christi
1400 1924 1549 1962 perficiet
1574 1924 1744 1955 adventus.

1041 1970 1103 2000 Sed
1119 1970 1228 1999 anima
1251 1969 1301 1998 im
1311 1969 1428 1999 isibilis
1454 1968 1504 1999 est
1517 1968 1558 1998 ad
1572 1968 1747 2007 imaginem

1040 2015 1101 2045 Dei
1116 2016 1236 2045 creata.
1259 2015 1353 2044 Unde
1365 2014 1446 2044 dicit
1459 2014 1625 2052 Scriptura
1643 2023 1651 2043 :
1666 2017 1747 2045 Feci!

1040 2064 1123 2092 Deus
1135 2061 1288 2091 hominem
1300 2061 1339 2090 ml
1353 2061 1518 2099 imaqinem
1533 2062 1561 2090 et
1572 2061 1748 2091 similitudi„

1040 2116 1110 2137 nem
1122 2115 1223 2137 suam.
1236 2106 1374 2135 Rectum
1388 2104 1534 2143 quidem.
1549 2105 1640 2135 Unde
1650 2106 1682 2135 01
1691 2114 1747 2135 er:-

1040 2153 1140 2184 terior
1154 2151 1311 2190 1101110,111
1324 2151 1372 2181 051
1387 2159 1520 2190 corpus,
1533 2151 1568 2181 in
1583 2150 1682 2180 forma
1691 2159 1745 2182 sua

1041 2200 1148 2229 rectus
1156 2198 1289 2236 apparet
1299 2219 1308 2235 ,
1317 2196 1441 2227 hahens
1449 2197 1551 2227 vitam
1560 2197 1592 2226 et
1600 2204 1745 2226 sensum:

1042 2246 1078 2275 ut
1104 2253 1162 2283 per
1191 2244 1277 2274 hunc
1301 2243 1498 2274 exteriorem
1525 2243 1559 2273 et
1580 2242 1745 2272 visibilem

1042 2291 1136 2321 illum
1151 2290 1341 2320 interiorem
1357 2289 1389 2318 et
1404 2288 1605 2319 invisibilem
1621 2288 1745 2319 intelli-

1042 2345 1193 2376 geremus
1210 2344 1217 2364 :
1234 2335 1291 2374 qui
1319 2335 1428 2365 rectus
1452 2334 1558 2365 factus
1577 2333 1675 2364 estin
1692 2342 1746 2365 vo-

1043 2384 1187 2420 luntate,
1203 2382 1298 2412 vivus
1312 2380 1345 2411 in
1361 2380 1545 2419 cognitione
1558 2401 1567 2417 ,
1583 2380 1745 2410 sensibilis

1043 2429 1079 2458 in
1093 2436 1213 2458 amore.
1230 2427 1268 2456 Et
1283 2425 1368 2456 sicut
1383 2434 1517 2465 corpus,
1533 2425 1567 2455 id
1588 2427 1637 2456 est
1653 2427 1746 2456 exte-

1043 2474 1109 2504 rior
1123 2475 1217 2504 homo
1228 2494 1239 2510 ,
1266 2473 1299 2502 in
1313 2473 1554 2502 resurrectione
1575 2479 1633 2502 sua
1646 2471 1745 2501 vitam

1044 2521 1075 2550 et
1091 2527 1223 2549 sensum
1248 2518 1409 2556 recipiet:
1427 2518 1471 2548 113
1484 2519 1517 2548 et
1532 2517 1566 2547 in
1582 2525 1746 2547 resurrec-

1044 2566 1131 2596 tione
1147 2573 1205 2595 sua
1221 2565 1320 2595 vitam
1343 2564 1376 2594 et
1401 2570 1529 2594 sensum
1555 2562 1685 2600 anima,
1712 2561 1745 2591 isl

1045 2612 1092 2641 est
1104 2611 1239 2641 interior
1252 2611 1348 2641 homo
1359 2631 1368 2648 ,
1380 2608 1516 2648 recipit,
1528 2607 1562 2638 id
1575 2608 1742 2646 051003111-
