1810 3073
367 215 722 246 s,BERNARD11N
746 213 949 242 CANTch
974 215 1123 243 senno
1148 218 1169 245 1.
1449 221 1502 251 {5i

85 277 216 308 dissime
240 274 450 307 sacramento.
474 271 566 303 Oculi
587 269 731 300 omnium
747 266 779 296 in
854 268 883 297 7.
909 269 1037 300 Dehinc
1062 280 1101 301 ne
1127 272 1187 301 hoc
1217 280 1344 310 quoqne
1370 274 1505 305 otiosum

85 324 119 353 te
134 322 282 361 sperant,
306 322 455 350 Domine.
469 317 597 348 Parvuli
614 313 781 354 petierunt
813 313 928 352 putes,
949 316 1033 354 quod
1055 326 1119 347 non
1145 318 1337 356 simpliciter
1357 320 1505 355 Cantica,

85 377 200 407 panem
217 376 225 397 t
242 374 307 397 non
319 366 367 396 cst
381 366 436 404 qui
452 364 578 403 frangat
590 363 656 399 eis,
674 367 782 398 spera·
809 359 866 388 sed
880 362 1010 392 Cantica
1027 363 1226 394 canticorum
1245 363 1343 392 habet
1369 364 1505 401 inscrip-

84 416 136 443 tur
157 413 190 443 id
213 421 232 442 a
257 412 462 449 benignitate
483 412 550 441 tua.
570 409 594 438 Ο
609 406 755 446 piissime
769 425 778 442 ,
810 403 866 434 tio.
883 406 983 436 Multa
994 408 1115 446 quippe
1128 408 1191 446 legi
1209 407 1332 437 cantica
1349 407 1382 437 in
1402 408 1508 445 Scrip-

82 459 192 497 srange
207 458 428 488 esurientibus
444 464 562 495 panem
575 456 685 489 tuum,
698 449 792 480 meis*
809 448 905 490 turis,
921 455 954 484 et
968 456 1095 484 nullum
1112 454 1241 484 illorum
1254 453 1386 482 memini
1400 453 1506 483 taliter

81 505 213 541 quidem
227 502 274 543 (si
291 502 451 543 dignaris)
465 501 629 538 manibus,
643 497 700 529 sed
714 495 779 526 tuis
807 499 978 536 appellari.
1005 500 1130 530 Cecinit
1162 499 1260 529 Israel
1287 506 1418 528 carmen
1443 499 1506 527 Do-

78 549 215 580 viribus.
809 543 914 582 mino,
929 545 1014 583 quod
1030 545 1173 584 gladium
1198 543 1323 583 pariter
1347 544 1380 573 et
1392 543 1504 581 juguni

121 596 151 626 5.
166 596 225 626 Dic
240 603 347 635 quaeso
365 595 459 625 nobis
471 616 480 632 ,
505 601 523 623 a
540 600 623 631 qu0,
641 589 680 619 de
696 594 790 634 que„
807 590 947 620 evaserit
969 591 1142 621 Pharaonis
1158 613 1167 628 ,
1181 590 1309 629 gemiiio
1330 589 1429 619 maris
1443 589 1506 618 ini-

79 642 119 672 ad
134 651 274 681 quemve
291 642 428 672 dicitur:
447 639 603 671 Osculetur
617 645 665 666 me
677 635 778 665 osculo
806 634 954 666 rabiliter
974 636 1132 666 liberatus
1150 636 1248 666 simul
1264 635 1297 665 et
1318 633 1505 664 vindicatus

78 689 140 719 oris
153 688 221 719 sui?
236 690 292 718 aut
311 687 404 726 quale
422 685 472 717 cst
496 684 583 715 istud
598 682 642 712 ita
654 678 789 712 subita-³
805 680 974 720 obsequio.
1006 683 1075 712 Non
1103 682 1214 712 tamen
1241 680 1328 719 quod
1363 680 1503 717 cecinit,

78 741 195 772 neum,
208 736 241 764 et
257 734 375 764 sactum
390 731 525 770 repente
537 730 577 759 de
592 728 700 758 medio
712 718 788 765 ser-,¹
804 726 927 757 dictum
944 728 992 759 est
1008 728 1176 758 Canticum
1193 727 1412 764 canticorum,
1426 726 1502 762 sed,

78 780 181 810 monis
195 777 386 809 exordium?
409 778 461 807 Sic
486 776 608 814 quippe
624 774 660 804 in
676 773 787 815 verba¹
802 772 828 801 si
853 772 937 803 bene
961 775 1068 805 recolo
1079 797 1087 812 ,
1104 775 1227 810 cecinit,
1250 773 1298 802 ait
1319 772 1482 809 Scriptura
1493 793 1502 809 ,

76 825 275 863 prorumpit,
288 823 378 863 quasi
387 822 575 862 quempiam
588 818 786 864 loquentem¹
802 819 899 850 Israel
910 830 1035 851 carmen
1044 821 1099 851 hoc
1108 821 1253 850 Domino.
1267 818 1392 849 Cecinit
1403 818 1502 848 etiam

75 870 288 907 praemiserit,
311 869 363 899 cui
385 868 623 906 consequenter
644 865 786 904 respon-¹
804 865 969 904 Debbora,
985 866 1107 897 cecinit
1129 867 1161 896 et
1176 865 1289 895 Judith
1303 887 1312 902 ,
1329 864 1449 894 cecinit
1469 865 1501 893 et

74 915 205 945 <lentem
228 915 261 945 et
276 915 359 944 hanc
383 914 569 944 introducat
583 919 752 951 personam
763 888 786 948 ,Ι
801 912 904 942 mater
919 913 1078 943 Samuelis
1089 935 1097 950 ,
1110 912 1277 950 Prophetae
1299 918 1426 949 quoque
1443 910 1501 940 ali-

73 969 283 999 quaecumque
300 961 349 991 est
370 961 439 999 ipsa
463 969 536 999 quae
554 960 701 990 osculum
717 943 786 994 ila-f
800 957 855 995 qui
871 958 1061 988 cecinerunt
1074 966 1084 996 3
1099 958 1130 988 et
1146 965 1240 987 nemo
1256 965 1368 986 eorum
1382 956 1502 994 legitur

72 1006 164 1044 gitat.
178 1007 304 1037 Deinde
313 1007 339 1037 si
353 1015 387 1037 se
404 1006 541 1036 osculari
557 1014 575 1036 a
587 1005 696 1035 nescio
709 1004 785 1046 quoi
800 1004 979 1041 appellasse
993 1004 1155 1034 canticum
1170 1011 1264 1033 suum
1277 1003 1405 1032 Cantica
1422 1010 1501 1031 can-

72 1053 125 1081 vel
153 1053 255 1090 petit,
271 1054 325 1083 vel
346 1052 511 1091 praecipit,
529 1060 587 1082 cur
607 1047 784 1089 signanter]
800 1048 952 1079 ticorum.
969 1050 1052 1079 Sane
1076 1057 1187 1079 omnes
1205 1047 1262 1088 (ni
1282 1047 1396 1087 fallor)
1414 1049 1501 1078 ceci·

72 1097 107 1127 et
133 1099 325 1129 nominatim
351 1107 425 1135 ore,
449 1099 482 1128 et
503 1106 557 1128 ore
583 1106 658 1135 suo3
680 1096 783 1137 quasi¹
799 1095 884 1125 nisse
899 1096 1044 1133 reperies
1055 1104 1112 1134 pro
1127 1103 1330 1133 quocumque
1346 1103 1414 1132 suo,
1427 1103 1499 1124 suo-

70 1141 160 1173 aliud
185 1153 281 1182 quam
300 1153 354 1183 os,
383 1145 438 1175 aut
460 1145 624 1181 alienum,
653 1145 687 1174 et
707 1142 783 1173 non'

70 1189 178 1226 potius
204 1199 296 1220 suum
308 1213 317 1228 ,
355 1191 514 1220 exhibere
553 1190 616 1219 sibi
646 1190 771 1219 soleant

69 1235 479 1274 osculantes?Quamquam
497 1244 539 1266 ne
560 1236 620 1265 hoc
635 1236 781 1274 quidem,

70 1278 169 1318 dicit,
186 1281 345 1311 Osculetur
361 1290 409 1311 me
433 1289 488 1310 ore
503 1289 560 1311 suo
577 1289 584 1310 :
611 1281 668 1311 sed
679 1281 781 1322 aliud,

69 1325 212 1364 profecto
235 1327 442 1365 inusitatius,
473 1328 602 1364 osculo,
636 1328 767 1365 inquit,

49 1412 53 1416 “
67 1372 130 1402 oris
140 1373 198 1402 sui.
208 1372 245 1402 Et
256 1373 388 1411 quidem
397 1373 579 1410 jucundum
588 1374 766 1412 eloquium,
778 1409 779 1414 ¹

66 1418 152 1456 quod
167 1418 207 1448 ab
228 1420 337 1449 osculo
365 1419 563 1457 principium
590 1421 711 1457 sumit,
733 1420 768 1450 et

68 1463 185 1493 blanda
204 1465 274 1502 ipsa
294 1465 442 1503 quaedam
468 1466 643 1504 Scripturas
664 1466 778 1496 facies

68 1509 162 1540 facile
178 1510 278 1541 afficit
293 1511 327 1541 et
342 1511 444 1541 allicit
455 1512 495 1542 ad
509 1512 682 1550 legendum
693 1534 703 1550 ,
718 1512 765 1542 ita

66 1557 102 1586 ut
111 1557 197 1594 quod
211 1557 245 1586 in
256 1565 294 1587 ea
308 1557 406 1596 latet,
424 1557 566 1588 delectet
581 1558 678 1588 etiam
691 1567 777 1589 cum,

66 1601 174 1632 labore
197 1602 414 1641 investigare,
440 1611 501 1633 nec
518 1603 632 1642 fatiget
654 1605 764 1643 inqui-

64 1647 157 1677 rendi
172 1648 253 1679 forte
269 1649 461 1687 difficultas,
476 1649 534 1679 ubi
555 1650 676 1688 eloquii
692 1659 765 1681 sua-

65 1693 149 1724 vitas
163 1695 297 1725 mulcet.
314 1696 435 1725 Verum
459 1704 558 1734 quem
579 1704 644 1726 non
669 1698 762 1728 valde

64 1741 224 1771 attentum
243 1740 340 1770 faciat
362 1741 543 1771 istiusmodi
565 1742 776 1780 principium*

63 1785 133 1815 sine
155 1786 335 1824 principio,
352 1787 385 1816 et
400 1787 528 1816 novitas
543 1787 714 1819 locutionis
729 1789 761 1818 in

63 1831 169 1861 veteri
198 1831 300 1861 libro?
326 1832 417 1862 Unde
443 1832 568 1862 constat
597 1833 658 1863 hoc
683 1842 775 1872 opus:

62 1885 126 1907 non
141 1877 282 1907 humano
298 1878 431 1916 ingenio
443 1900 452 1916 ,
469 1878 526 1908 sed
540 1878 679 1917 Spiritus
694 1881 775 1910 arte'

62 1922 109 1952 ita
132 1923 366 1961 compositum,
389 1928 425 1953 ut
449 1924 597 1962 quamvis
626 1925 760 1957 difficile

61 1969 231 1999 intellectu
242 1991 251 2008 ,
267 1969 309 2000 sit
323 1970 433 2000 tamen
448 1970 607 2009 inquisitu
621 1971 762 2003 delecta-

59 2013 139 2045 bile.

101 2059 131 2090 6.
158 2059 219 2091 Sed
245 2060 344 2100 quid?
374 2061 508 2091 titulum
534 2061 761 2100 praeterimus?

60 2104 127 2135 Non
156 2107 285 2144 oportet
305 2115 347 2136 ne
367 2115 468 2136 unum
497 2107 629 2144 quidem
661 2108 725 2139 iota
750 2119 758 2139 :

60 2153 187 2190 quando
207 2155 240 2183 et
256 2153 411 2183 minutias
430 2153 584 2190 jubemur
605 2154 757 2193 colligere

59 2197 313 2235 fragmentorum
323 2220 333 2237 ,
342 2207 383 2228 ne
393 2199 540 2237 pereant.
549 2199 674 2230 Titulus
686 2201 758 2232 talis

60 2244 108 2273 est
134 2245 335 2274 :INCIPIUNT
356 2246 509 2276 CANTICA
530 2251 758 2277 CANTICORUM

59 2289 269 2321 SALomoms.
286 2290 427 2320 Observa
444 2291 477 2320 in
500 2290 614 2329 primis
628 2292 755 2322 Pacifici

59 2343 196 2372 nomen,
212 2336 298 2374 quod
323 2337 372 2366 est
392 2336 561 2374 Salomon,
580 2338 756 2368 convenire

58 2380 220 2419 principio
234 2380 330 2418 libri,
345 2381 400 2418 qui
424 2381 541 2419 incipit
560 2390 578 2410 a
593 2382 684 2420 signo
699 2392 757 2421 pa-

58 2427 104 2457 cis
115 2449 124 2464 ,
138 2425 171 2455 id
187 2426 235 2456 est
250 2426 288 2454 ab
304 2427 412 2456 osculo
425 2435 434 2464 ;
450 2426 611 2466 simulque
623 2428 755 2460 adverte

57 2470 281 2509 hujuscemodi
305 2472 474 2510 principiis
497 2473 579 2503 solas
606 2474 647 2503 ad
670 2474 754 2506 hanc

13 2549 15 2551 ,
57 2516 301 2556 intelligendam
322 2518 514 2555 scripturam
530 2520 655 2549 mentes
670 2520 754 2551 invi-

56 2563 117 2592 tari
129 2562 296 2600 pacificas,
313 2570 384 2600 quae
399 2571 470 2593 sese
485 2563 552 2601 J'am
567 2572 584 2594 a
599 2564 752 2597 vitiorum

56 2607 221 2637 vindicare
238 2607 536 2646 perturbationibus
552 2609 586 2640 et
602 2618 751 2642 curarum

55 2652 245 2685 tumultibus
260 2654 446 2693 praevalent.

799 1149 911 1170 rumve
925 1143 1078 1180 percepto
1091 1141 1257 1171 commodo
1270 1149 1277 1169 :
1290 1141 1378 1170 verbi
1396 1141 1498 1179 gratia

800 1194 855 1223 pro
869 1187 1007 1218 obtentu
1023 1187 1180 1225 victoriae,
1196 1195 1253 1225 pro
1270 1187 1423 1216 evasione
1440 1195 1497 1225 pe-

797 1232 891 1262 riculi
902 1256 911 1271 ,
927 1234 983 1264 aut
1012 1242 1070 1271 pro
1095 1232 1274 1270 concupitae
1299 1233 1347 1262 rei
1377 1233 1499 1270 qualis-

797 1287 935 1318 cumque
947 1279 1065 1318 adepto
1080 1278 1250 1309 beneficio.
1268 1279 1315 1308 lta
1333 1287 1408 1316 ergo
1426 1279 1497 1315 ple-

796 1325 889 1363 rique
911 1325 1124 1362 cecinerunt,
1140 1324 1259 1362 singuli
1284 1332 1342 1362 pro
1358 1324 1494 1362 singulis

778 1367 779 1385 ³
795 1372 899 1401 causis
913 1394 921 1410 ,
934 1380 975 1402 ne
991 1371 1109 1409 ingrati
1127 1370 1247 1400 divin1s
1262 1369 1430 1400 beneficiis
1449 1369 1498 1398 in-

795 1417 1005 1454 venirentur,
1030 1417 1126 1454 juxta
1156 1415 1239 1446 illud
1265 1424 1273 1444 ι
1297 1415 1496 1452 Confitebitur

795 1463 860 1500 libi,
876 1472 945 1493 cum
962 1463 1141 1501 benefeceris
1156 1464 1193 1492 ei.
1210 1463 1249 1492 At
1265 1470 1341 1491 vero
1357 1470 1417 1491 rex
1433 1461 1494 1492 iste

794 1509 942 1538 Salomon
953 1531 962 1547 ,
975 1508 1133 1547 sapientia
1145 1507 1316 1546 singularis
1325 1529 1334 1545 ,
1348 1507 1495 1537 sublimis

793 1554 913 1593 gloria,
935 1554 1034 1584 rebus
1054 1553 1212 1590 affluens,
1235 1561 1315 1591 pace
1339 1561 1493 1591 securus,

792 1601 915 1631 nullius
933 1601 1048 1630 talium
1064 1600 1191 1638 eguisse
1208 1598 1423 1637 cognoscitur,
1436 1607 1494 1637 pro

792 1656 855 1684 quo
868 1646 1001 1684 accepto
1015 1646 1075 1676 ista
1087 1645 1259 1675 decantare
1274 1645 1420 1674 libuerit.
1431 1645 1493 1674 Sed

774 1699 776 1707 ¹
793 1700 852 1722 nec
867 1692 1034 1729 Scriptura
1056 1692 1125 1730 ipsa
1142 1691 1191 1721 sui
1205 1691 1332 1729 uspiam
1346 1691 1412 1721 tale
1431 1691 1493 1720 ali-

791 1738 871 1777 quid
885 1737 1065 1775 significare
1085 1736 1229 1766 videtur.

830 1784 861 1814 8.
872 1784 984 1821 itaque
1001 1782 1162 1812 divinitus
1176 1782 1492 1820 inspiratus,Christi

791 1831 824 1861 et
838 1829 991 1860 Ecclesiae
1006 1828 1133 1865 laudeS,
1143 1829 1177 1858 et
1191 1828 1274 1858 sacri
1287 1829 1405 1858 amoris
1419 1837 1493 1866 gra-

791 1879 870 1908 tiam
881 1899 890 1915 ,
904 1877 937 1906 et
952 1876 1067 1907 aeterni
1083 1874 1237 1905 connubii
1250 1875 1370 1904 cecinit
1385 1883 1492 1906 sacra-

791 1924 919 1961 menta3
936 1922 1097 1959 simulque
1123 1919 1285 1958 expressit
1302 1921 1420 1950 sanctae
1436 1921 1491 1950 de-

790 1969 948 2000 siderium
974 1969 1111 2004 animae3
1136 1965 1169 1996 et
1190 1966 1394 2004 epithalamii
1419 1975 1493 1997 car-

790 2024 885 2053 men,
915 2014 1081 2045 exsultans
1108 2012 1144 2042 in
1177 2011 1296 2050 spiritu
1309 2033 1318 2050 ,
1344 2011 1489 2049 ,iucundo

789 2060 972 2100 composuit
1007 2059 1154 2096 eulogio,
1194 2057 1329 2095 figurato
1365 2059 1488 2089 tamen.

788 2108 946 2137 Nimirum
965 2106 1096 2136 velabat
1116 2106 1150 2134 et
1170 2104 1239 2142 ipse
1264 2104 1363 2133 instar
1389 2105 1490 2143 Moysi

789 2155 906 2184 faciem
918 2161 1007 2183 suam
1018 2175 1027 2190 ,
1036 2159 1102 2181 non
1116 2151 1223 2180 minus
1238 2150 1371 2180 forsitan
1382 2150 1416 2180 in
1429 2151 1490 2181 hac

789 2201 879 2239 parte
894 2199 1092 2237 fulgentem,
1104 2205 1142 2226 eo
1158 2197 1243 2235 quod
1258 2196 1315 2226 illo
1332 2197 1438 2227 adhuc
1454 2197 1488 2228 in

788 2248 934 2284 tempore
951 2252 1045 2274 nemo
1057 2268 1065 2282 ,
1083 2245 1139 2273 aut
1156 2250 1248 2272 rarus
1263 2243 1350 2280 erat,
1363 2243 1419 2281 qui
1435 2252 1489 2273 re-

786 2292 895 2322 velata
926 2290 1008 2321 facie
1040 2289 1176 2328 gloriam
1203 2288 1298 2318 istam
1326 2289 1487 2327 speculari

786 2337 961 2368 sufficeret.
990 2336 1092 2374 Igitur
1121 2343 1178 2373 pro
1209 2335 1258 2365 sui
1288 2336 1487 2366 excellentia

786 2391 858 2412 reor
887 2383 1035 2420 nuptiale
1062 2381 1121 2410 hoc
1140 2388 1276 2410 ⁴carmen
1301 2380 1487 2418 hujusmodi

785 2428 880 2459 titulo
896 2427 1119 2467 praesignitum
1132 2449 1142 2465 ,
1164 2427 1202 2457 ut
1216 2426 1333 2456 merito
1358 2428 1488 2457 Cantica.

785 2476 975 2505 canticorum
983 2472 1193 2511 singulariter
1200 2473 1394 2511 appelletur,
1403 2472 1486 2501 sicut

787 2521 813 2551 is
826 2528 954 2559 quoque
972 2519 1025 2549 cui
1047 2519 1195 2556 canitur,
1210 2517 1418 2557 singulariter
1437 2518 1486 2545 est

784 2567 891 2596 (lictus
904 2568 972 2596 Rcae
986 2574 1104 2604 reqnm,
1117 2565 1145 2595 et
1160 2565 1312 2595 Dominus
1323 2563 1485 2592 dominan-

785 2614 872 2643 thim.

824 2657 854 2688 9.
868 2653 1026 2688 Caeterum
1038 2664 1105 2693 vos,
1119 2655 1146 2685 si
1158 2654 1296 2685 vestram
1312 2652 1485 2691 experien-
