1810 3073
273 224 332 252 ‘is-2
749 223 779 250 S.
801 218 1035 249 BERNARDI
1055 219 1246 246 ADBATIS

273 277 315 308 ad
326 284 380 307 cor
392 275 587 307 vadit.Vide
603 275 712 306 autem
727 273 885 314 quomodo
900 280 975 302 ver·
1008 278 1079 299 rere
1102 278 1135 300 se
1161 270 1267 308 dicat,
1289 271 1323 301 ct
1339 280 1397 310 per
1418 271 1578 302 somnium
1602 272 1701 310 loqui.

272 323 368 361 bum,
386 322 472 360 quod
490 322 658 360 egreditur
673 322 712 351 de
732 329 787 350 ore
805 319 887 356 Dei,
908 324 973 347 non
1006 315 1156 353 Philippo
1171 323 1299 354 quoque
1315 317 1490 347 secundum
1510 317 1703 356 petitionem

271 369 455 399 revertatur
474 368 513 398 ad
539 375 613 397 eum
633 374 791 402 vacuum,
824 363 880 394 sed
901 370 975 400 pro-
1007 361 1111 390 cordis
1136 361 1185 391 sui
1201 362 1346 392 ostensus
1366 363 1414 392 est
1435 364 1529 393 Pater
1551 364 1583 394 in
1599 364 1702 403 Filio,

272 415 420 452 speretur
441 414 474 444 et
494 414 592 443 faciat
607 412 714 442 omnia
735 411 775 440 ad
790 417 862 448 quae
884 407 971 437 misit
1006 406 1039 435 in
1052 415 1090 436 eo
1102 407 1314 444 proculdubio
1323 407 1407 445 quod
1419 408 1636 439 incontinenti
1650 418 1705 440 au-

271 460 371 498 illud,
386 461 423 490 ut
437 459 545 489 dicere
560 459 662 497 possis
679 458 711 486 et
731 457 767 485 tu
779 477 787 492 ,
803 455 879 492 quia
902 463 976 492 qra-
1006 451 1091 481 divit
1107 461 1114 480 :
1132 452 1292 490 Philippo,
1315 453 1368 490 qui
1389 454 1469 483 videt
1494 463 1560 490 me,
1578 456 1659 485 videt
1677 457 1706 486 et

271 509 317 537 tia
326 508 385 538 Dei
393 507 424 535 in
436 515 483 535 me
496 514 594 535 vacua
609 503 753 540 nonfuit.
764 500 858 530 Felix
868 507 972 536 mens,
989 497 1151 548 ,Pati-enm
1166 498 1215 534 et,
1232 499 1312 536 Quia
1327 507 1379 535 eqo
1396 499 1429 527 in
1439 500 1533 529 Patre
1545 521 1555 536 ,
1568 502 1596 530 et
1609 502 1707 531 Pater

271 553 326 583 cui
346 552 488 582 Verbum
515 548 705 578 individuus
727 554 834 576 comes
853 544 974 582 ubique
990 553 991 589 ἦ
1005 542 1037 571 iu
1051 551 1099 572 me
1113 545 1169 573 est.
1193 542 1256 572 Sed
1277 544 1308 573 et
1324 544 1454 574 Thomae
1469 545 1562 582 juxta
1577 545 1706 576 deside-

271 607 307 628 se
322 597 450 627 affabile
467 595 593 634 praebet
606 616 615 631 ,
637 593 730 629 cujus
752 591 976 621 indesinenter
989 601 991 635 1
1003 587 1090 617 rium
1102 589 1208 619 cordis
1223 589 1292 626 ejus
1300 589 1496 628 palpandum
1507 599 1541 620 se
1553 592 1704 631 praebuit,

272 643 433 674 oblectata
451 641 612 670 suavitate
635 638 795 669 facundiae
808 659 818 674 ,
837 645 857 667 a
871 636 976 666 carnis
990 638 991 675 ἦ
1005 634 1038 663 et
1054 635 1221 664 voluntate
1236 635 1396 665 labiorum
1409 636 1480 673 ejus
1493 645 1558 666 non
1573 637 1704 669 frauda-

272 688 430 719 molestiis
451 689 484 717 et
508 686 599 716 vitiis
619 693 691 716 sese
719 683 867 713 vindicet
887 679 1053 727 omni3vit
1069 688 1156 710 eum.
1179 680 1265 718 Quid
1291 681 1420 711 David?
1444 683 1555 713 Nonne
1578 684 1611 713 et
1634 684 1704 723 ipse

273 737 352 765 hora
365 756 375 772 ,
391 732 582 764 redimendo
598 732 727 769 tempus
741 738 759 759 a
774 730 890 759 diebus
907 733 991 785 ma-i·
1005 725 1079 754 voto
1095 734 1128 756 se
1143 734 1207 756 non
1223 727 1353 756 omnino
1368 727 1508 758 fraudari
1528 729 1705 770 significat,

271 782 323 812 iis.
345 781 412 810 Non
431 778 623 815 lassabitur,
647 785 712 806 non
731 775 975 811 molestabitur,
1005 770 1062 800 ubi
1075 771 1121 802 ait
1135 780 1200 802 non
1215 772 1366 802 daturum
1391 782 1425 803 se
1440 782 1588 804 somnum
1604 776 1706 807 oculis

271 827 446 867 quoniam,
473 825 556 855 sicut
581 823 673 854 dicit,
686 822 852 859 Scriptura
864 841 875 857 ,
904 821 973 850 Νοη
989 814 1089 863 ᾖευίε,
1105 825 1164 847 nec
1177 818 1341 855 palpebris
1353 818 1420 848 suis
1429 819 1706 860 dormitationem,

272 872 464 904 contristabit
473 871 606 908 justum,
620 869 763 907 quicquid
778 868 805 896 ei
820 866 973 896 acciderit.
990 876 991 912 ἦ
1004 861 1106 901 donec
1122 863 1286 893 inveniret
1305 863 1412 893 locum
1427 865 1565 895 Domino
1577 865 1591 895 ἒ
1605 867 1706 904 Igitur

313 919 343 949 8.
359 919 430 946 Jam
442 924 520 946 vero
535 915 643 952 magni
658 911 900 942 patrisfamilias
919 919 977 941 seu
990 918 991 925 ¹
1005 907 1185 938 istiusmodi
1216 909 1340 946 magnis
1369 909 1538 947 spiritibus
1572 920 1706 949 magnus

272 964 371 1002 regiae
385 960 565 998 majestatis
577 960 708 988 schema
723 964 880 995 apparere
893 956 978 985 exis·
989 936 992 991 4
1005 954 1152 983 occurret
1173 962 1306 992 sponsus
1321 976 1330 991 ,
1358 955 1392 984 et
1415 956 1639 993 magnificabit
1658 958 1706 987 fa-

272 1011 353 1040 tirno
369 1009 438 1044 his,
454 1006 510 1044 qui
527 1004 720 1035 accedentes
737 1003 776 1032 ad
791 1010 846 1031 cor
861 1001 975 1039 altum,
1006 1006 1080 1028 cere
1103 1007 1176 1028 cum
1193 999 1269 1036 -eis,
1291 999 1445 1029 emittens
1469 1000 1577 1030 lucem
1601 1010 1705 1041 suam,

272 1057 313 1086 de
330 1053 444 1090 majori
465 1051 600 1090 spiritus
614 1050 769 1079 libertate
788 1048 821 1078 et
836 1047 977 1085 puritate
990 1075 992 1090 h
1006 1044 1039 1073 et
1053 1044 1225 1073 veritatem
1241 1052 1330 1074 suam
1343 1066 1351 1081 ,
1365 1053 1483 1082 eosque
1495 1045 1659 1078 deducens
1674 1050 1709 1079 et

273 1099 479 1132 eonscientiae
500 1095 772 1134 magnanimiores
786 1093 864 1123 facti
878 1115 887 1130 ,
904 1093 992 1122 con·'
1006 1089 1170 1119 adducens
1186 1090 1219 1119 in
1233 1091 1377 1120 montem
1395 1092 1543 1121 sanctum
1559 1101 1652 1124 suum
1673 1097 1708 1126 et

272 1145 451 1178 sueverunt
492 1143 612 1173 audere
651 1141 773 1177 majora
790 1161 799 1177 ,
836 1137 977 1177 inquieti
990 1165 994 1180 a
1008 1135 1040 1164 in
1066 1136 1275 1165 tabernacula
1300 1144 1378 1174 sua,
1408 1137 1455 1166 ita
1479 1138 1517 1167 ut
1546 1139 1633 1171 dicat
1650 1142 1706 1180 qui

273 1200 404 1231 prorsus
419 1191 452 1220 et
466 1188 585 1218 curiosi
602 1186 778 1216 secretiora
792 1185 977 1223 penetrare,
991 1194 992 1233 ἦ
1007 1180 1164 1217 ejusmodi
1181 1182 1248 1211 est:
1263 1183 1343 1220 Quia
1354 1183 1423 1220 fecit
1439 1183 1518 1214 milit
1529 1193 1644 1224 Quaqua
1656 1190 1709 1226 qui

274 1240 308 1270 et,
322 1235 570 1276 apprehendere
586 1232 794 1268 sublimiora,
807 1232 840 1260 et
851 1232 977 1261 tentare
991 1238 992 1241 ¹
1006 1229 1110 1263 polens
1126 1229 1180 1257 est.
1208 1228 1330 1265 Regem
1346 1228 1380 1257 in
1400 1228 1516 1260 decore
1538 1240 1594 1262 suo
1613 1234 1708 1265 vide-

273 1282 487 1322 perfectiora,
505 1287 569 1309 uon
583 1278 677 1308 modo
693 1284 844 1306 sensuum
855 1298 864 1313 ,
879 1276 937 1306 sed
947 1276 977 1305 et
1006 1272 1087 1302 bunt
1103 1273 1189 1302 oculi
1213 1273 1283 1310 ejus
1294 1295 1302 1311 ,
1319 1278 1519 1312 praeeuntem
1534 1285 1568 1307 se
1581 1279 1620 1308 ad
1635 1288 1708 1318 spe-

274 1329 445 1359 virtutum.
462 1326 503 1354 11'1
526 1325 612 1355 enim
637 1332 695 1361 pro
719 1321 797 1351 fidei
816 1310 992 1366 magnitu-{
1006 1317 1091 1347 ciosa
1103 1318 1242 1357 deserti,
1257 1319 1297 1348 ad
1308 1319 1403 1350 ssores
1414 1328 1575 1360 rosarum,
1590 1325 1622 1354 et
1635 1325 1706 1356 lilia

275 1376 350 1406 dine
367 1372 456 1410 digni
476 1370 690 1401 inveniuntur
704 1367 761 1406 qui
783 1367 991 1407 inducantur¹
1006 1363 1222 1402 convallium,
1248 1365 1288 1394 {ld
1310 1373 1435 1394 amoem
1458 1366 1643 1407 h0rt01'um,
1673 1372 1707 1402 et

274 1422 310 1450 in
325 1427 455 1449 omnem
470 1415 736 1455 plenitudinem3
759 1422 820 1443 nec
836 1414 885 1443 est
910 1409 1128 1449 oni-*irrigua
1152 1409 1310 1448 fontium,
1335 1410 1376 1440 ad
1402 1410 1536 1442 delicias
1561 1414 1708 1446 cellario-

274 1467 351 1497 nino
367 1466 400 1494 in
414 1463 565 1493 omnibus
580 1461 746 1499 apothecis
759 1459 926 1497 sapientiae
939 1482 948 1497 ,
961 1468 977 1488 a
990 1453 991 1494 j
1004 1464 1097 1493 rum,
1126 1456 1160 1485 et
1184 1455 1391 1485 odoramenta
1412 1458 1608 1498 aromatum,
1633 1468 1707 1499 pos-

274 1521 337 1551 quo
352 1511 439 1540 Deus
455 1507 666 1537 scientiarum
681 1505 839 1535 Dominus
864 1498 991 1544 amen-j
1006 1502 1110 1530 tremo
1125 1500 1166 1530 ad
1180 1501 1249 1538 ipsa
1265 1501 1387 1530 secreta
1400 1501 1556 1533 cubiculi.

275 1559 330 1588 ilos
340 1556 470 1587 censeat
486 1552 620 1591 cupidos
636 1551 806 1588 veritatis,
822 1548 991 1581 vanitatis¹
1052 1547 1102 1576 io.
1127 1546 1183 1576 lsti
1207 1545 1284 1576 sunt
1307 1546 1454 1577 thesauri
1482 1549 1650 1586 sapientiae
1676 1553 1710 1583 et

274 1611 340 1633 non
365 1600 520 1632 conscios.
543 1597 631 1627 Talis
657 1597 727 1626 erat
754 1597 897 1634 Moyses,
921 1597 978 1634 qui
1005 1592 1151 1623 scientiae
1162 1601 1264 1631 penes
1276 1600 1427 1631 sponsum
1437 1593 1708 1633 absconditi,haec

275 1648 414 1679 audebat
438 1645 548 1675 dicere
564 1644 632 1672 Deo
649 1651 657 1671 τ
675 1643 709 1672 Si
723 1643 824 1671 int-eni
845 1644 978 1680 qratiam
990 1640 992 1678 ἲ
1005 1641 1081 1670 vitae
1097 1647 1216 1678 pascua
1230 1639 1410 1677 praeparata
1435 1638 1471 1668 in
1493 1640 1709 1673 refectionem

272 1698 307 1724 in
322 1693 414 1724 oculis
429 1692 500 1727 tuis,
516 1689 636 1719 ostende
651 1687 729 1717 mihi
742 1689 880 1726 teipsum.
893 1681 992 1718 Talis,¹
1006 1686 1189 1716 animarum
1212 1685 1411 1714 sanctarum.
1436 1685 1555 1716 Beatus
1579 1687 1631 1717 vir
1652 1690 1707 1726 qui

274 1740 443 1777 Philippus
453 1759 462 1775 ,
478 1735 533 1774 qui
544 1734 606 1764 sibi
622 1734 655 1764 et
666 1733 734 1763 suis
749 1730 992 1771 condiscipulis¹
1006 1731 1157 1769 implevit
1168 1729 1367 1759 desiderium
1377 1738 1471 1759 suum
1483 1738 1526 1760 ex
1541 1731 1631 1769 ipsis.
1642 1734 1709 1764 Hoc

276 1788 403 1816 Patrem
418 1781 585 1820 flagitabat
597 1779 724 1810 ostendi
738 1787 746 1809 t
763 1778 838 1810 talis
851 1780 884 1809 et
898 1781 980 1810 Tho-
1006 1778 1110 1807 solum
1124 1776 1308 1806 admonitus
1329 1774 1390 1813 sit,
1414 1783 1457 1805 ne
1480 1777 1566 1807 solus
1588 1778 1709 1810 habere

276 1839 363 1869 inas,
387 1830 443 1867 qui
461 1827 524 1857 nisi
549 1834 605 1856 sua
621 1833 719 1855 manu
736 1825 886 1863 tangeret
907 1823 1087 1888 vul-‘velit
1107 1831 1180 1861 quae
1208 1822 1344 1860 possunt
1369 1821 1519 1851 sufficere
1544 1823 1705 1861 pluribus.

276 1885 336 1907 nus
352 1876 386 1905 et
400 1874 519 1903 fossum
536 1872 632 1909 latus,
649 1869 782 1900 credere
795 1870 977 1900 recusabat.
1006 1869 1178 1907 Propterea
1193 1867 1280 1897 enim
1293 1866 1436 1897 fortassis
1447 1869 1517 1906 post
1528 1868 1588 1899 ista
1599 1871 1708 1901 omnia

276 1921 395 1952 Pusilla
409 1919 487 1948 fides
497 1939 506 1955 ,
523 1917 578 1947 sed
591 1917 630 1946 de
642 1915 866 1954 magnitudine
878 1891 992 1972 31111111)Ι
1006 1924 1156 1954 sponsus,
1170 1914 1335 1951 tamquam
1356 1913 1465 1951 pastor
1479 1921 1632 1952 apparere
1653 1916 1709 1946 de*

277 1969 357 1998 miro
379 1965 474 1996 modo
503 1962 715 1993 descendens.
738 1962 823 1991 Talis
850 1971 993 2001 quoque*
1007 1959 1233 1991 scribitur:ut
1245 1958 1381 1997 proinde
1396 1958 1606 1989 admoneatur
1619 1968 1707 1991 asse-

276 2013 381 2044 David
393 2035 402 2050 ,
426 2011 481 2050 qui
503 2010 538 2040 et
561 2010 630 2047 ipse
648 2007 777 2038 dicebat
800 2008 868 2038 Deo
884 2017 892 2037 :
912 2009 981 2039 Tibi
991 2008 992 2047 j
1008 2007 1098 2037 eutor
1111 2005 1276 2035 tantorum
1288 2011 1458 2033 munerum
1471 2005 1623 2042 pascendi
1635 2014 1709 2045 gre-

275 2062 353 2090 <lixit
369 2068 421 2088 cor·
437 2065 537 2087 meum
548 2077 557 2092 ,
573 2055 734 2093 exquisivit
746 2056 773 2084 te
789 2055 993 2095 saciesmmffi
1008 2053 1055 2091 gis
1070 2050 1307 2089 simpliciorum
1320 2071 1330 2087 ,
1344 2049 1401 2088 qui
1414 2049 1542 2080 scilicet
1562 2051 1628 2080 tam
1642 2060 1709 2082 non

276 2107 385 2143 faciem
400 2106 506 2139 tuam,
526 2102 676 2138 Domine,
700 2101 871 2139 requiram.
887 2099 994 2134 Talesi
1009 2099 1120 2128 valent
1143 2104 1204 2135 per
1240 2095 1432 2134 semetipsos
1463 2096 1710 2134 apprehendere

276 2153 387 2188 itaque
403 2156 519 2186 magna
540 2146 681 2183 audent,
698 2146 852 2184 quoniam
870 2141 993 2185 magni'
1008 2145 1086 2181 ista,
1111 2149 1209 2180 quam
1240 2148 1307 2170 non
1329 2140 1452 2170 audent
1479 2141 1551 2171 sine
1581 2143 1710 2179 pastore

275 2197 351 2227 sunt
372 2204 380 2224 :
399 2195 433 2224 et
454 2202 526 2232 quae
549 2192 690 2229 audent,
712 2192 862 2221 obtinent
883 2192 979 2229 juxta
1007 2198 1083 2219 oves
1095 2186 1706 2225 exireinpascua.Deniquehocipsum

277 2242 414 2272 verbum
442 2238 666 2277 promissionis
692 2237 733 2266 ad
757 2237 844 2275 ipsos
856 2259 866 2274 ,
895 2232 993 2278 quod}
1007 2242 1122 2273 sponsa
1157 2233 1338 2272 prudenter
1366 2231 1540 2262 advertens
1567 2234 1710 2271 postulat

278 2288 327 2317 ost
341 2284 524 2316 istiusmodi
538 2292 546 2311 z
561 2285 786 2322 Quemcumque
804 2283 904 2312 locum
918 2283 993 2314 cal-l
1008 2280 1071 2311 sibi
1086 2279 1246 2317 indicari,
1261 2278 1319 2308 ubi
1336 2278 1405 2317 ipse
1430 2279 1543 2317 pascat
1564 2280 1599 2309 et
1613 2280 1711 2311 cubet

278 2332 390 2362 caverit
404 2339 455 2368 pes
471 2330 582 2364 vester,
596 2330 695 2357 vester
708 2329 777 2357 erit.
801 2328 913 2366 Magna
938 2321 993 2359 sid
1008 2327 1067 2357 sub
1080 2325 1262 2356 meridiano
1277 2325 1424 2362 fervore,
1441 2325 1551 2362 parata
1572 2323 1583 2363 (
1593 2325 1630 2354 ut
1640 2325 1712 2363 qui·

275 2376 409 2415 quidem
425 2375 504 2404 tides
528 2381 642 2410 magna
658 2373 825 2402 meretur:
846 2375 879 2403 et
900 2382 980 2412 qua·
1008 2374 1082 2403 dem
1105 2380 1148 2402 ex
1173 2372 1234 2401 hoc
1255 2370 1397 2409 intelligi
1425 2369 1537 2410 datur)
1561 2371 1649 2408 pasci
1677 2371 1709 2401 et

275 2426 372 2452 tenus
396 2421 431 2450 in
446 2419 541 2449 bonis
561 2419 694 2448 Domini
709 2418 836 2448 fidueiae
859 2420 977 2458 pedem
1008 2427 1141 2458 pascere
1158 2426 1231 2448 cum
1245 2417 1322 2454 1110,
1340 2418 1373 2447 et
1386 2416 1445 2447 sub
1461 2417 1528 2446 illo.
1544 2417 1610 2447 Nec
1622 2416 1708 2447 enim

278 2466 462 2507 porrexeris
474 2488 484 2502 ,
501 2466 635 2495 eatenus
649 2464 842 2502 possidebis.
1010 2467 1115 2495 tutum
1129 2464 1305 2494 arbitratur
1328 2463 1423 2500 longe
1437 2470 1534 2500 agere
1548 2469 1678 2500 gregem
1690 2469 1708 2491 a

316 2514 346 2543 9.
364 2512 512 2549 Denique
534 2511 632 2548 Moysi
655 2518 709 2539 ore
727 2510 767 2539 ad
782 2518 816 2540 os
835 2510 979 2549 loquitur
1009 2519 1134 2541 summo
1162 2510 1314 2547 Pastore,
1342 2509 1497 2538 nimirum
1533 2508 1574 2537 ob
1600 2507 1710 2537 incur·¹

275 2559 378 2595 Deus;
397 2557 429 2587 et
452 2557 558 2594 palam
571 2578 580 2594 ,
596 2564 660 2586 non
680 2564 739 2594 per
754 2555 922 2594 aenigmata
946 2559 977 2587 et
1010 2558 1116 2587 siones
1137 2557 1311 2594 luporum,
1341 2563 1455 2584 eorum
1483 2553 1626 2583 maxime
1651 2551 1707 2589 qui

280 2603 395 2641 figuras
410 2601 582 2632 Dominum
597 2601 709 2632 videre
726 2603 883 2640 meretur,
901 2611 976 2632 cum
1011 2603 1148 2632 veniunt
1171 2601 1211 2631 ad
1227 2609 1285 2630 nos
1306 2600 1341 2630 in
1355 2598 1559 2630 vestimentis
1572 2596 1681 2627 ovium
1697 2605 1706 2626 2

280 2647 445 2687 Prophetis
461 2647 533 2677 aliis
544 2646 671 2678 tantum
686 2646 719 2677 in
734 2647 858 2678 visione
878 2655 976 2687 appa·
993 2674 995 2676 .
1011 2650 1042 2678 et
1060 2648 1231 2687 propterea
1239 2646 1354 2685 satagit
1365 2646 1400 2677 in
1411 2644 1533 2676 eisdem
1549 2650 1621 2673 cum
1637 2641 1708 2684 ipso.
