1846 3078
539 208 582 236 {N
606 208 804 238 CANTIGA
826 207 975 236 SERMO
1000 209 1143 238 XLVII.

123 258 278 299 colligere
302 257 379 291 huic
395 256 638 292 denuntiationi
663 263 818 294 malorum

122 307 389 343 perferendorum
404 306 536 337 similia.

160 352 190 382 6.
203 355 269 392 qu
278 354 334 390 flos
346 354 447 391 campe·
455 374 464 389 ,
477 355 504 383 el
516 354 613 383 lilium
624 355 817 385 convallium.

121 396 179 426 llla
205 405 279 435 ergo
315 398 514 428 monstrante
550 400 728 437 lectulum,
761 399 819 428 ille

120 443 214 472 vocat
234 442 275 471 ad
290 451 459 480 campum,
482 443 521 472 ad
538 444 732 474 exercitium
747 452 819 482 pro-

118 488 223 517 vocat.
245 488 309 517 Nec
335 489 428 526 putat
452 489 626 527 quicquam
656 490 819 527 persuasi-

116 530 218 561 bilius
232 532 300 562 fore
317 533 367 562 illi
382 534 423 563 ad
438 534 617 564 ineundum
633 535 797 564 certamen
808 556 816 571 ,

116 584 215 614 quam
236 578 263 607 si
288 578 431 616 seipsum
454 580 609 610 certantis
631 580 686 609 aut
706 587 819 609 exem-

115 623 206 661 plum
223 625 400 661 proponat,
416 625 472 655 aut
486 625 669 662 praemium.
685 626 751 663 qu
761 626 818 662 flos

115 670 228 706 campi.
248 669 332 699 Sane
354 670 514 700 utrumvis
535 670 570 699 in
593 670 653 699 hoc
668 678 816 700 sermone

116 713 257 752 intelligi
278 714 390 753 datur,
406 716 459 745 vel
483 715 570 753 quod
596 715 639 745 sit
660 715 818 745 videlicet

114 759 289 796 pugnantis
304 759 404 788 forma
413 781 423 797 ,
435 760 488 790 vel
496 759 582 798 quod
589 759 691 797 gloria
700 759 818 789 trium-

113 803 257 841 phantis.
285 804 481 842 UTRUMQUE
510 811 548 834 ns
573 812 679 843 mnu,
705 805 816 835 Domi-

114 855 157 878 ne
188 849 284 886 Jesu,
314 849 347 878 et
375 856 554 879 SPECULUM
577 856 760 888 ΡΑΤΙΕΝΒΙ,
784 851 818 881 et

113 899 294 923 rnffimnnvr
309 900 502 924 PATmN'ris.
520 895 698 934 Utrumque
721 895 817 926 forti-

113 938 166 967 ter
177 940 347 977 provocat,
363 947 400 968 ac
422 940 640 970 vehementer
654 942 814 972 accendit.

112 983 160 1013 Tu
196 984 291 1015 doces
325 993 440 1016 manus
473 994 563 1015 meas
590 986 631 1016 ad
665 988 814 1025 praelium

114 1030 266 1068 exemplo
280 1030 415 1060 virtutis
440 1031 506 1061 tuae
516 1053 525 1069 ,
542 1033 578 1062 tu
593 1033 691 1070 caput
705 1041 814 1063 meum

113 1076 186 1112 post
207 1075 381 1105 victoriam
405 1077 471 1106 tuae
496 1085 627 1107 coronas
642 1079 814 1116 praesentIa

112 1119 312 1158 majestatis,
341 1120 411 1150 sive
443 1121 521 1159 quia
549 1124 750 1160 pugnantem
781 1123 813 1153 te

112 1166 243 1204 specto,
260 1166 331 1196 sive
353 1166 430 1204 quia
452 1169 485 1196 te
508 1168 662 1205 exspecto
684 1176 748 1197 non
763 1177 815 1198 so-

113 1210 181 1240 lum
197 1212 425 1249 coronantem,
441 1212 498 1242 sed
523 1213 557 1242 et
579 1220 731 1242 coronam
754 1223 762 1243 z
779 1214 812 1243 in

112 1256 252 1293 utroque
282 1256 481 1286 mirabiliter
512 1256 574 1286 tibi
609 1266 662 1287 me
688 1258 811 1297 allicis,

111 1300 251 1339 uterque
264 1301 352 1331 funis
363 1301 617 1333 violentissimus
630 1304 670 1333 ad
682 1303 813 1334 trahen-

112 1346 203 1375 dum.
219 1347 325 1377 Trahe
351 1356 404 1377 me
429 1349 502 1386 post
526 1349 560 1378 te
583 1356 591 1377 ε
615 1349 756 1379 libenter
778 1351 811 1380 te

112 1399 250 1429 sequor,
277 1392 436 1422 libentius
461 1393 562 1423 fruor.
580 1393 613 1424 Si
638 1394 685 1425 sic
709 1396 812 1426 bonus

112 1445 165 1474 es,
199 1437 356 1475 Domine,
383 1439 596 1476 sequentibus
629 1440 680 1477 te,
707 1442 811 1478 qualis

110 1481 241 1511 futurus
267 1489 301 1512 es
326 1483 602 1520 consequentibus
623 1492 631 1513 ε
658 1486 726 1523 qu
755 1487 812 1523 flos

110 1528 221 1565 campi.
234 1526 296 1564 Qui
319 1527 426 1564 diligit
446 1536 519 1567 me,
533 1530 646 1560 veniat
669 1531 704 1560 in
727 1539 812 1561 cam-

108 1580 205 1610 pum,
227 1580 293 1602 non
307 1573 451 1611 refugiat
471 1582 620 1612 mecum,
636 1576 670 1606 et
685 1584 741 1614 pro
758 1586 809 1607 me

108 1617 195 1648 inire
220 1619 404 1655 certamen,
422 1619 459 1648 ut
482 1620 583 1657 possit
598 1620 708 1651 dicere
724 1624 811 1652 :Bo-

108 1672 184 1692 num
195 1665 350 1693 certamen
361 1665 487 1694 certavi.

149 1708 180 1736 7.
196 1707 235 1736 Et
249 1707 401 1745 quoniam
415 1716 479 1737 non
500 1709 630 1746 superbi
652 1711 704 1741 vel
724 1720 811 1742 arro-

108 1753 239 1790 gantes,
265 1752 322 1782 sed
346 1752 487 1783 humiles
508 1754 634 1793 potius,
649 1756 704 1794 qui
720 1757 760 1787 de
776 1767 810 1788 se

107 1806 302 1836 praesumere
331 1798 499 1836 nesciunt,
521 1801 677 1838 martyrio
702 1802 809 1833 idonei

107 1844 201 1882 sunt3
218 1843 308 1873 addit
330 1852 364 1873 se
379 1843 478 1873 etiam
493 1845 591 1875 liliam
607 1854 675 1876 esse
691 1850 811 1879 conval-

106 1890 202 1926 lium,
227 1889 261 1918 id
277 1889 325 1919 est
345 1889 520 1919 humilium
545 1899 712 1930 coronam,
737 1902 811 1931 spe-

107 1935 224 1966 cialem
239 1935 373 1973 gloriam
399 1934 516 1966 futurae
538 1937 746 1968 exaltationis
761 1940 811 1978 ip-

106 1989 216 2011 sorum
230 1981 285 2018 huj
291 1989 328 2011 us
337 1981 515 2011 eminentia
526 1981 613 2012 ssoris
628 1983 807 2022 designans.

107 2026 176 2057 Erit
183 2034 323 2064 namque
331 2034 405 2055 cum
417 2028 516 2057 onmis
524 2028 612 2058 vallis
623 2029 804 2066 implebitur,

105 2073 136 2102 et
162 2073 261 2102 omnis
284 2080 372 2102 mons
386 2073 415 2101 et
432 2072 515 2102 collis
532 2072 744 2104 humiliabitur
755 2085 765 2104 .·
778 2076 810 2105 et

105 2118 185 2146 tunc
209 2116 328 2146 candor
349 2116 406 2146 ille
431 2116 508 2147 vitae
532 2118 680 2156 aeternae,
703 2119 809 2149 lilium

106 2162 221 2200 plane,
242 2169 307 2191 non
332 2161 484 2200 collium,
511 2162 567 2192 sed
593 2164 808 2202 convallium,

106 2206 287 2245 apparebit.
299 2208 405 2238 Justus
419 2208 601 2246 qermz'nabit
611 2209 688 2239 sicut
699 2209 807 2247 lilium,

106 2252 225 2290 inquit.
251 2252 329 2289 Quis
347 2253 474 2291 justus,
496 2253 558 2284 11131
578 2254 810 2286 11111111113ἓ130-

105 2298 206 2336 nique
221 2305 295 2326 cum
322 2306 357 2327 se
376 2299 526 2329 manibus
548 2300 698 2338 Baptistae
723 2301 808 2331 servi

106 2341 262 2372 Dominus
286 2341 477 2381 inclinaret,
493 2344 526 2373 et
540 2344 595 2374 ille
612 2353 809 2383 expavesce-

107 2387 159 2417 ret
172 2385 373 2422 majestatem
389 2395 397 2416 :
415 2388 505 2424 Sine,
527 2387 653 2427 inquit,
667 2391 710 2420 sic
727 2392 807 2421 enim

106 2433 188 2462 decet
203 2439 259 2461 nos
273 2432 395 2469 implere
409 2441 530 2462 omnem
539 2433 713 2473 jus-titiam,-
736 2444 807 2466 con-

106 2476 356 2507 summationem
380 2477 524 2515 profecto
545 2478 680 2515 justitiae
695 2480 729 2510 in
748 2481 808 2511 hu-

107 2521 254 2552 militatis
265 2521 464 2560 perfectione
473 2523 683 2554 constituens.
698 2525 715 2554 J
719 2527 809 2557 ustus

1497 216 1558 246 50ss

852 268 924 292 mus
939 261 972 292 et
985 270 1042 292 nos
1068 262 1151 292 sicut
1171 261 1295 302 lilium,
1312 265 1346 294 et
1370 265 1556 301 florebimus

852 307 884 336 in
897 308 1051 337 aeternum
1067 309 1141 337 ante
1151 308 1335 339 Dominum.
1348 312 1393 340 An
1407 321 1468 344 non
1478 324 1556 346 vere

853 353 904 382 vel
921 355 999 383 tunc
1023 354 1164 383 maxime
1181 362 1215 383 se
1241 354 1346 384 lilium
1363 361 1558 391 convallium

853 398 1074 435 comprobabit
1088 419 1098 435 ,
1124 406 1196 427 cum
1230 399 1411 436 reformabit
1444 412 1551 441 corpus

851 443 1032 473 Inonimatis
1045 446 1156 474 uostrae
1165 465 1176 480 ,
1192 445 1415 483 confiquralmn
1435 451 1560 485 corpori

851 488 1001 518 claritatis
1015 488 1099 519 suae?
1114 490 1183 518 Non
1198 490 1243 519 ait
1256 498 1371 527 corpus
1391 492 1534 521 nostrum
1547 515 1556 530 ,

851 531 906 560 sed
923 541 1031 570 corpus
1046 533 1229 564 humilitatis
1250 536 1363 565 nostrae
1380 544 1389 564 .-
1405 535 1442 565 111
1462 535 1559 572 hujus

850 576 912 605 lilii
934 577 1016 606 miro
1038 579 1072 607 et
1093 580 1290 617 sempiterno
1316 580 1454 610 candore
1476 582 1559 611 solos

850 622 1008 659 significet
1033 623 1173 654 humiles
1194 625 1411 656 illustrandos.
1435 627 1473 656 Et
1489 627 1558 657 haec

851 666 938 696 dicta
953 667 1018 697 sint
1031 676 1089 706 pro
1104 677 1142 698 eo
1158 670 1243 707 quod
1258 679 1391 708 sponsus
1402 681 1436 702 se
1447 673 1557 710 florem

849 714 967 751 campi,
981 714 1008 743 et
1022 714 1120 743 lilium
1142 722 1213 745 esse
1233 717 1415 747 convallium
1430 718 1558 756 protes—

849 757 936 787 tatus
948 758 1009 787 est.

888 802 920 831 8.
936 803 1008 831 Jam
1023 802 1121 833 etiam
1137 803 1214 842 quid
1228 804 1267 835 de
1280 813 1336 836 sua
1352 814 1557 846 consequen-

850 844 901 875 ter
916 847 1081 877 carissima
1092 850 1291 887 protestetur
1301 872 1310 889 ,
1326 851 1449 882 1101111111
1471 854 1557 883 esset

849 891 964 923 audire
982 901 991 922 z
1010 894 1068 923 sed
1090 894 1169 924 hora
1185 903 1247 925 non
1269 896 1403 934 patitur.
1419 899 1467 927 Ex
1492 899 1556 927 Re-

848 937 923 974 gula
935 946 1074 977 namque
1083 941 1191 970 nostra
1203 941 1287 971 nihil
1299 942 1389 980 operi
1402 943 1462 973 Dei
1475 952 1555 981 prae-

848 991 970 1020 ponere
996 984 1086 1015 licet.
1102 985 1172 1022 Quo
1187 986 1321 1024 quidem
1335 988 1467 1018 nomine
1483 989 1556 1019 lau-

847 1027 924 1057 dum
950 1029 1124 1068 solemma,
1151 1040 1222 1069 quae
1247 1033 1315 1062 Deo
1346 1033 1381 1062 111
1409 1034 1555 1064 01310110

847 1073 991 1110 quotidie
1002 1076 1248 1114 persolvuntur,
1256 1078 1350 1115 pater
1358 1079 1554 1110 Benedictus

846 1118 919 1147 ideo
935 1120 1040 1149 voluit
1050 1121 1208 1158 appellari
1220 1144 1229 1160 ,
1243 1124 1280 1152 ut
1301 1132 1343 1152 ex
1358 1124 1418 1154 hoc
1434 1126 1552 1156 clarius

845 1163 1008 1202 aperiret,
1021 1173 1118 1203 quain
1132 1174 1190 1196 nos
1199 1167 1289 1205 operi
1305 1168 1354 1198 illi
1366 1170 1467 1200 vellet
1482 1178 1552 1201 esse

845 1207 1001 1239 intentos.
1013 1210 1102 1240 Unde
1118 1219 1173 1241 vos
1188 1220 1320 1251 moneo,
1334 1214 1551 1253 dilectissimi,

846 1261 925 1291 pure
951 1263 1080 1293 semper
1102 1264 1139 1286 ac
1165 1258 1297 1288 strenue
1313 1259 1433 1291 divinis
1447 1262 1551 1292 inter-

845 1307 914 1329 esse
924 1300 1087 1331 laudibus.
1099 1302 1236 1333 Strenue
1245 1305 1377 1342 quidem
1386 1308 1440 1344 ,ut
1464 1308 1551 1338 sicut

844 1345 1034 1375 reverenter
1045 1368 1055 1385 ,
1071 1347 1116 1377 ita
1131 1349 1165 1378 et
1185 1349 1336 1380 alacriter
1351 1352 1488 1382 Domino
1503 1361 1552 1382 as-

844 1390 964 1421 sistatis
973 1400 1055 1429 ,non
1069 1393 1172 1432 pigri,
1183 1402 1248 1424 non
1257 1397 1471 1435 somnolenti,
1485 1406 1552 1427 non

844 1436 1038 1476 oscitantes,
1052 1446 1117 1467 11011
1132 1441 1302 1477 parcentes
1318 1442 1452 1472 vocibus
1462 1465 1471 1481 ‚
1487 1451 1553 1473 11011

843 1481 1058 1518 praecidentes
1070 1484 1170 1513 verba
1181 1484 1317 1515 dimidia
1326 1507 1335 1524 ,
1348 1494 1412 1516 non
1426 1488 1552 1526 integra

843 1527 1096 1567 transsilientes,
1127 1538 1192 1560 non
1216 1530 1327 1561 fractis
1348 1533 1382 1562 et
1408 1534 1555 1564 remissis

844 1573 978 1603 vocibus
1006 1575 1170 1605 muliebre
1204 1577 1359 1615 quiddam
1388 1579 1484 1609 balba
1509 1580 1551 1610 de,

842 1625 920 1647 nare
945 1620 1112 1658 sonantes;
1137 1621 1194 1651 sed
1222 1622 1311 1652 virili
1336 1622 1348 1662 (
1364 1624 1401 1654 ut
1415 1624 1549 1662 dignum

844 1662 918 1702 est)
937 1664 970 1693 et
994 1665 1122 1702 sonitu,
1143 1667 1177 1695 et
1191 1666 1309 1697 affectu
1329 1677 1424 1698 voces
1447 1671 1551 1700 sancti

843 1707 982 1745 Spiritus
995 1710 1234 1748 depromentes.
1247 1714 1330 1743 Pure
1344 1723 1420 1744 vero
1430 1737 1439 1752 ,
1453 1716 1491 1745 ut
1501 1717 1551 1746 1111

844 1753 931 1783 aliud
943 1755 1019 1785 dum
1034 1757 1190 1795 psallitis,
1203 1767 1299 1796 quam
1311 1760 1396 1797 quod
1411 1763 1549 1799 psallitis

844 1799 1001 1836 cogitetis.
1018 1802 1082 1831 Nec
1107 1803 1190 1832 solas
1204 1803 1277 1833 dico
1298 1804 1446 1836 vitandas
1462 1809 1550 1846 cogi-

843 1844 981 1875 tationes
992 1855 1090 1876 vanas
1105 1848 1139 1877 et
1160 1849 1276 1879 otiosas
1293 1858 1301 1878 :
1318 1851 1460 1882 vitandae
1474 1856 1550 1884 sunt

844 1890 876 1918 et
892 1890 973 1927 illae,
990 1891 1044 1920 illa
1054 1892 1224 1923 dumtaxat
1236 1895 1332 1933 hora,
1350 1897 1382 1926 et
1397 1897 1453 1927 illo
1466 1899 1548 1937 1000,

843 1943 921 1972 quas
935 1935 1225 1969 Officiales'fratres
1237 1948 1295 1978 pro
1311 1944 1475 1973 communi
1489 1952 1551 1975 ne-

844 1981 1010 2020 cessitate,
1025 1984 1116 2021 quasi
1142 1987 1342 2024 necessario,
1360 1987 1550 2026 frequenter

843 2025 1013 2057 admittere
1023 2030 1271 2067 compelluntur.
1285 2031 1346 2062 Sed
1354 2041 1395 2063 ne
1405 2033 1461 2063 illa
1473 2036 1546 2073 qui-

843 2070 917 2101 dem
941 2073 1086 2110 profecto
1112 2075 1260 2114 recipere
1275 2078 1352 2107 tunc
1374 2082 1549 2112 consulue-

842 2119 922 2157 rim,
937 2128 1008 2157 quae
1030 2120 1112 2151 forte
1127 2123 1223 2159 paulo
1248 2125 1340 2162 ante,
1356 2125 1393 2154 in
1409 2127 1549 2158 claustro

842 2165 1011 2204 sedentes,
1027 2167 1062 2196 in
1077 2167 1243 2198 codicibus
1255 2169 1426 2209 legeratis,
1441 2174 1550 2210 qualia

843 2210 875 2239 et
888 2217 974 2240 nunc
989 2219 1041 2241 me
1051 2213 1127 2243 viva
1143 2222 1222 2244 voce
1239 2215 1419 2247 disserente
1432 2226 1474 2248 ex
1486 2219 1548 2250 hoc

841 2255 1002 2286 auditorio
1028 2257 1167 2295 Spiritus
1192 2260 1295 2290 sancti
1323 2263 1470 2293 recentia
1495 2273 1549 2295 re-

840 2300 987 2338 portatis.
1021 2301 1171 2334 Salubria
1200 2306 1296 2343 sunt,
1326 2307 1384 2337 sed
1411 2309 1548 2339 minime

842 2346 899 2375 illa
923 2346 1097 2378 salubriter
1113 2350 1199 2380 inter
1221 2352 1426 2389 psallendum
1442 2355 1547 2384 revol-

842 2391 928 2421 vitis.
954 2392 1093 2430 Spiritus
1117 2395 1205 2424 enim
1230 2398 1358 2427 sanctus
1382 2399 1439 2428 illa
1466 2400 1547 2430 hora

841 2438 966 2475 gratum
973 2447 1037 2468 non
1044 2440 1178 2479 recipit,
1188 2442 1343 2480 quicquid
1350 2444 1437 2473 aliud
1449 2453 1544 2482 quam

841 2483 956 2521 debes,
982 2485 1131 2524 neglecto
1157 2495 1195 2517 eo
1214 2488 1299 2525 quod
1315 2488 1431 2525 debes,
1449 2489 1544 2519 obtu-

841 2529 930 2559 leris·
946 2530 1041 2567 cujus
1063 2539 1192 2570 semper
1215 2532 1321 2563 facere
1338 2534 1538 2564 voluntatem

108 2575 183 2605 ergo
197 2567 348 2604 humilis,
361 2567 469 2605 justus
489 2569 631 2601 convallis
654 2571 713 2601 est.
730 2572 768 2602 Et
781 2573 807 2603 si
841 2574 884 2604 ad
896 2574 965 2612 ejus
979 2577 1179 2607 voluntatem
1191 2577 1260 2615 ipso
1275 2577 1452 2615 inspirante
1468 2587 1543 2616 pos-

107 2612 248 2643 humiles
270 2612 397 2644 inventi
422 2613 807 2655 fuerimus,germinabi-
843 2620 959 2659 simus,
989 2622 1091 2660 gratia
1122 2623 1155 2653 et
1182 2622 1400 2653 misericordia
1432 2626 1540 2662 sponsi

287 2659 314 2685 ὅ.

1345 2666 1381 2693 ‘20
