1846 3078
532 215 579 243 IN
599 214 798 243 CAN'HCA
822 214 971 241 SERMO
993 214 1114 241 XLVI.

113 271 252 312 pressina
267 268 427 311 laquearia
441 267 683 307 describuntur,
694 267 809 298 natura

115 318 236 356 absque
256 316 352 346 dubio
379 314 478 345 habet
500 315 534 344 111
565 313 617 344 1115
639 313 809 352 speciebus

114 362 275 401 lignorum
288 383 297 399 ,
320 361 405 399 quod
427 361 582 398 congruat
601 359 744 398 praefatis
759 366 810 388 or-

115 408 256 438 dinibus.
270 407 308 436 Et
321 406 436 436 cedrus
448 406 579 444 quidem
591 406 742 443 quoniam
752 404 811 433 im-

113 453 270 492 putribile
292 452 363 489 est,
386 460 514 481 necnon
536 451 570 480 et
591 449 810 485 odoriferum,

111 499 249 536 altaeque
262 496 465 536 proceritatis
479 497 602 534 lignum
612 518 621 533 ,
633 495 710 525 satis
725 493 811 523 indi-

113 544 180 581 cat,
208 544 321 581 quales
349 543 498 581 oporteat
523 541 639 571 assumi
666 540 752 570 viros
776 539 809 568 in

111 589 202 619 vices
225 590 399 626 tignorum.
424 589 505 626 Ergo
528 587 653 617 validos
682 586 714 615 et
735 593 809 614 con-

113 635 236 664 stantes
251 642 383 663 necesse
401 634 449 663 est
471 640 540 662 esse
557 640 627 669 eos,
643 630 699 669 qui
715 637 811 667 super

111 680 191 709 allos
203 680 393 709 ordinantur
404 700 412 716 ,
425 685 551 708 necnon
564 678 598 706 et
609 675 810 712 longanimes

113 724 146 754 '111
158 734 214 764 5110
225 747 234 762 ,
250 727 346 763 atque
360 724 398 753 ad
415 730 554 761 superna
566 721 684 751 mentis
708 720 809 750 verti—

110 778 182 800 cem
197 771 381 800 attollentes
391 791 400 806 ,
413 769 468 807 qui
485 768 583 797 etiam
599 767 719 796 bonurn
733 765 807 795 fidei

109 823 175 845 suae
199 816 232 844 et
253 813 505 844 conversationis
523 812 651 849 *ubique
677 811 808 840 odorem

109 860 318 898 spargentes,
341 859 450 888 dicere
474 866 548 886 cum
563 857 713 894 Apostolo
735 864 809 894 pos-

107 905 175 935 sint
190 913 197 932 :
212 904 327 935 Christi
337 904 416 933 enim
431 902 525 933 bonus
540 903 614 931 odor
628 910 734 932 sumus
745 904 808 932 Deo

108 951 142 980 in
154 951 238 979 omni
250 950 508 986 Ioco.Cypressus
524 948 615 985 item,
628 947 705 976 110111
717 955 807 985 aeque

107 994 215 1024 odoris
232 994 264 1023 et
279 993 479 1030 imputribile
496 992 649 1022 similiter
664 992 785 1029 lignum
798 1013 807 1028 ,

107 1039 303 1077 incorruptae
316 1039 392 1068 vitae
409 1040 442 1068 et
456 1037 531 1067 fidei
548 1037 645 1067 etiam
661 1036 809 1075 quemvis

107 1085 148 1115 de
164 1086 255 1115 Clero
284 1085 405 1114 debere
434 1092 504 1113 esse
529 1083 747 1120 demonstrat,
772 1083 808 1112 ut

107 1131 225 1161 merito
242 1130 349 1160 decori
367 1130 478 1159 domus
491 1137 527 1158 ac
543 1128 743 1166 laquearium
759 1136 807 1157 or-

105 1177 199 1206 natui
225 1175 411 1213 deputetur.
435 1175 598 1212 Scriptum
623 1174 671 1203 est
693 1173 805 1202 enim:

106 1223 241 1252 Domum
257 1223 342 1250 tuam
358 1221 438 1249 decet
452 1220 623 1250 sanctitudo
635 1240 644 1256 ,
659 1220 806 1255 Domine,

105 1268 140 1298 in
170 1268 388 1305 longitudinem
419 1266 548 1295 dierum.
572 1264 633 1294 Ubi
663 1272 740 1294 Sane
776 1265 806 1294 et

106 1312 330 1342 sanctimoniae
346 1311 457 1347 decus,
468 1311 500 1340 et
512 1309 732 1339 indeficientis
739 1317 809 1347 gra-

105 1356 161 1388 tiae
175 1365 327 1395 expressa
343 1356 587 1394 perseverantia
605 1355 807 1393 est.Oportet

107 1411 182 1440 ergo
195 1402 300 1432 virum
312 1425 320 1440 ‚
337 1402 392 1440 qui
409 1402 448 1431 ad
464 1401 689 1430 ornamentum
705 1402 739 1431 et
753 1401 807 1431 de—

106 1457 216 1479 corem
239 1448 413 1478 assumitur
441 1447 573 1484 domus,
597 1446 691 1476 bonis
714 1455 807 1476 orna-

105 1495 176 1525 tum
191 1495 335 1524 moribus
354 1501 440 1531 055ος
458 1492 490 1522 et
509 1492 656 1530 quamvis
678 1501 807 1530 semper

105 1540 176 1578 ipse
192 1540 235 1570 sit
255 1540 361 1576 intus,
387 1539 507 1568 bonum
523 1539 635 1568 tamen
659 1538 807 1568 testimo—

105 1586 195 1615 nium
215 1586 335 1615 habere
352 1585 384 1614 et
411 1585 449 1614 ab
464 1584 516 1613 his
535 1584 589 1622 qui
615 1584 694 1614 foris
719 1585 804 1615 sunt.

106 1631 187 1661 Sunt
203 1632 236 1661 et
251 1632 314 1660 alia
330 1631 364 1660 in
377 1631 494 1660 natura
507 1631 668 1668 lignorum
690 1630 804 1660 horum

105 1678 323 1715 competentia
332 1678 394 1715 1115,
404 1686 476 1714 quae
489 1676 703 1714 spiritualiter
710 1676 807 1707 disse-

106 1723 222 1752 runtur
236 1731 243 1751 :
262 1722 318 1752 sed
340 1722 511 1752 brevitatis
525 1730 621 1752 causa
636 1723 804 1760 praetereo.

145 1767 177 1797 [ι.
193 1768 373 1798 Notandum
389 1776 468 1797 vero
479 1768 591 1805 pulcre
608 1776 736 1797 omnem
752 1769 807 1798 Ec-

107 1814 214 1844 clesiae
229 1815 350 1844 statum
362 1814 454 1843 brevi
471 1822 534 1843 uno
547 1814 708 1843 versiculo
721 1823 807 1843 com-

105 1860 303 1898 prehensum
316 1881 324 1896 ,
341 1860 568 1889 auctoritatem
580 1859 707 1889 scilicet
726 1861 807 1890 Prae-

104 1905 262 1943 latorum,
283 1905 368 1934 Cleri
388 1905 506 1942 decus,
530 1905 640 1942 populi
662 1905 807 1943 discipli—

104 1959 198 1988 nam,
214 1950 445 1980 monachorum
466 1951 623 1988 quietem.
637 1951 674 1980 ln
692 1950 806 1980 horum

104 2005 235 2035 prorsus
247 2018 256 2033 ‚
271 2005 344 2026 cum
359 1997 447 2026 recte
464 1997 539 2026 sunt
553 1997 662 2026 omnia
673 2019 682 2034 ,
698 1997 807 2026 sancta

105 2042 209 2071 mater
224 2042 365 2071 Ecclesia
382 2041 642 2071 consideratione
658 2042 806 2080 laelatur,

104 2087 139 2117 et
153 2088 231 2117 tunc
254 2095 292 2116 ea
307 2095 435 2125 quoque
458 2088 551 2117 ollert
577 2087 735 2117 intuenda
757 2087 808 2117 (li-

104 2133 208 2170 lecto,
230 2142 304 2163 cum
320 2133 360 2162 ad
376 2133 464 2170 eJ'us,
481 2133 646 2171 tamquam
661 2133 806 2163 omnium

104 2179 263 2217 auctoris,
279 2179 380 2209 refert
396 2178 503 2208 omnia
515 2179 708 2218 bonitatem,
722 2179 806 2209 nihil

104 2223 167 2253 sibi
192 2232 235 2253 ex
256 2224 406 2254 omnibus
427 2224 590 2254 tribuens.
614 2225 693 2254 Nam
720 2225 807 2264 quod

105 2268 169 2306 ait,
181 2270 284 2299 noster
299 2270 332 2298 et
341 2271 518 2299 nostrarum
529 2291 538 2306 ,
552 2277 616 2298 11011
628 2270 807 2307 usurpatIO-

105 2312 156 2344 nis
173 2313 221 2342 est
245 2313 391 2351 signum,
417 2315 474 2343 sed
499 2314 806 2353 dilectionis:quod

108 2358 214 2389 nimiae
230 2359 387 2388 videlicet
409 2359 526 2389 fiducia
542 2360 686 2390 caritatis
697 2382 706 2397 ,
721 2361 805 2390 nihil

105 2404 194 2442 ejus,
210 2413 307 2442 quem
328 2405 424 2434 valde
440 2405 565 2443 diligit,
581 2414 599 2435 a
619 2414 652 2435 se
669 2406 807 2437 aestimet

104 2450 259 2480 alienum.
277 2450 339 2480 Nec
357 2450 443 2480 enim
460 2458 493 2480 se
510 2450 616 2488 sponsi
634 2451 807 2481 contuber-

103 2495 177 2533 nio,
195 2495 250 2524 aut
270 2495 390 2533 quietis
418 2495 488 2532 ejus
512 2497 606 2534 putat
634 2497 805 2526 arcendam

104 2540 283 2576 consortio,
306 2548 377 2578 quoe
393 2549 523 2579 semper
542 2549 607 2570 non
629 2550 701 2578 quae
726 2550 782 2571 sua
795 2564 803 2579 ,

105 2585 162 2615 sed
172 2594 242 2623 quae
254 2585 342 2615 illius
354 2587 441 2624 sunt,
454 2594 599 2624 quaerere
613 2587 782 2616 consuevit
795 2596 802 2616 :

107 2630 140 2661 ct
154 2630 223 2660 11ωο
239 2639 353 2670 031153,
369 2639 426 2662 0111·
441 2632 503 2662 sibi
517 2632 550 2662 et
560 2639 674 2671 sponso
688 2632 803 2672 simul,

1480 216 1536 246 5OE

844 267 913 298 sive
925 267 1082 298 lectulum
1094 289 1103 306 ,
1116 266 1186 298 sive
1198 264 1309 297 domos
1323 274 1398 300 31153
1413 269 1454 301 sit
1468 279 1540 309 pro<-

844 314 993 343 nuntiare
1006 321 1206 343 communes.
1215 312 1307 342 Dixit
1319 314 1405 343 enim
1417 317 1540 347 lectulus

844 361 946 389 noster
956 381 966 397 ,
984 359 1016 388 et
1031 361 1116 397 tiqna
1131 360 1291 388 domorum
1302 361 1491 396 nostrarum,
1508 364 1542 392 et

844 405 1004 443 laquearia
1019 406 1126 435 nostra
1149 414 1159 434 .·
1175 404 1330 434 audacter
1350 412 1384 434 se
1411 405 1444 433 in
1466 414 1540 442 pos-

845 451 985 480 sessione
1015 450 1175 480 associans
1188 471 1197 487 ,
1221 449 1274 479 cui
1303 449 1449 486 junctam
1477 457 1542 479 non

845 495 972 526 dubitat
988 496 1021 525 in
1037 503 1156 525 amore.
1166 496 1233 524 Non
1248 495 1293 524 ita
1308 495 1375 532 illa,
1388 502 1544 532 (111301110-

844 540 922 577 priae
938 541 1097 571 voluntati
1119 541 1261 570 nondum
1277 540 1543 577 abrenuntiavit,

844 586 900 615 sed
916 595 975 624 per
991 595 1024 616 50
1035 587 1121 623 jacet
1133 608 1142 624 ,
1159 594 1218 624 1101·
1230 594 1263 615 50
1278 586 1403 615 habitat
1421 585 1544 622 :inagis

844 631 953 660 autem
978 640 1043 660 11011
1056 640 1114 669 per
1130 641 1163 661 se
1177 654 1185 668 ,
1203 631 1259 661 sed
1275 639 1349 660 cuin
1362 630 1543 660 meretrici-

843 676 903 705 bus
932 677 1100 707 luxuriose
1136 676 1279 707 vivendo
1313 676 1542 714 conversatur,

843 723 1124 760 concupiscentias
1160 722 1274 759 loquor
1309 722 1430 759 carnis,
1469 730 1542 752 cum

843 767 959 804 quibus
974 768 1109 805 dissipat
1124 767 1206 796 bona
1223 776 1296 805 sua,
1315 767 1347 796 et
1362 767 1544 804 portionem

842 813 1040 850 substantiae,
1050 821 1148 851 quam
1160 812 1222 842 sibi
1238 812 1341 842 dividi
1352 812 1543 850 postulavit.

881 858 911 886 5.
928 858 1085 887 Caeterum
1097 860 1133 888 tu
1148 858 1204 896 qui
1219 858 1276 888 has
1288 858 1426 896 Spiritus
1442 856 1546 887 sancti

843 911 936 934 voces
961 904 1053 934 audis
1069 905 1123 933 vel
1150 904 1248 942 legis,
1274 905 1410 942 putasne
1436 904 1545 942 aliqua

842 949 956 979 horum
971 959 1042 988 quae
1066 950 1235 988 dicuntur,
1251 950 1359 980 valeas
1381 950 1544 987 applicare

842 996 919 1034 tibi,
943 1004 979 1026 30
1001 996 1040 1026 (10
1064 996 1220 1025 felicitate
1236 1004 1375 1034 sponsae,
1392 1004 1463 1033 quae
1484 995 1545 1024 hoc

841 1043 958 1072 amoris
973 1042 1117 1072 carmine
1131 1042 1253 1080 abipso
1265 1042 1390 1079 Spiritu
1405 1041 1544 1078 canitur,

841 1089 966 1126 aliquid
988 1096 1217 1126 recognoscere
1241 1087 1274 1116 in
1299 1087 1488 1125 temetipso,
1503 1095 1545 1116 ne

842 1134 967 1164 dicatur
982 1136 1015 1164 et
1031 1134 1110 1171 tibi,
1124 1134 1200 1172 quia
1215 1141 1328 1163 vocem
1347 1133 1416 1170 eJus
1441 1132 1545 1169 audis,

841 1180 874 1209 et
889 1188 953 1210 non
966 1180 1030 1210 scis
1042 1180 1128 1209 unde
1141 1179 1269 1217 veniat,
1283 1179 1337 1209 aut
1352 1187 1415 1217 quo
1430 1178 1547 1209 vadat?

841 1227 885 1255 En
902 1225 983 1255 forte
1004 1226 1131 1264 appetis
1147 1227 1179 1255 et
1202 1226 1273 1264 ipse
1299 1225 1547 1262 contemplatio-

841 1271 890 1300 nis
904 1271 1066 1309 quietem,
1089 1272 1123 1301 et
1137 1271 1221 1300 bene
1241 1270 1319 1300 sacis
1336 1280 1344 1300 z
1361 1271 1489 1300 tantum
1503 1279 1546 1300 ne

841 1316 1043 1346 obliviscaris
1084 1316 1198 1354 flores,
1233 1316 1352 1354 quibus
1389 1316 1546 1345 lectulum

841 1371 962 1400 sponsae
987 1362 1068 1400 legis
1093 1362 1292 1400 adspersum.
1309 1363 1388 1399 Ergo
1412 1369 1488 1391 cura
1513 1361 1547 1390 et

842 1410 876 1437 tu
891 1410 984 1437 tuum
1005 1407 1158 1437 similiter
1173 1407 1374 1436 circumdare
1390 1406 1547 1435 bonorum

841 1452 972 1482 floribus
997 1460 1130 1490 operum
1141 1474 1150 1490 ,
1183 1452 1342 1481 virtutum
1368 1450 1546 1487 exercitio,

841 1499 1002 1536 tamquam
1015 1497 1094 1527 flore
1104 1519 1112 1535 ,
1127 1497 1267 1527 fructum
1283 1496 1432 1526 sanctum
1444 1495 1547 1529 otium

840 1543 1032 1580 praevenire.
1049 1543 1199 1580 Alioquin
1216 1541 1355 1572 delicato
1380 1541 1457 1572 satis
1480 1540 1546 1570 otio

840 1588 1013 1617 dormitare
1048 1589 1156 1626 voles,
1183 1588 1209 1618 si
1246 1596 1311 1616 non
1346 1587 1547 1617 exercitatus

840 1634 1007 1672 quiescere
1024 1635 1174 1672 appetas,
1191 1633 1224 1662 et
1243 1632 1308 1663 Liae
1334 1632 1547 1662 foecunditate

840 1679 1003 1717 neglecta,
1035 1678 1112 1709 solis
1146 1678 1258 1717 cupias
1295 1677 1448 1708 Rachelis
1478 1685 1547 1706 am-

840 1724 990 1761 plexibus
1012 1724 1180 1754 oblectari.
1198 1724 1261 1754 Sed
1276 1724 1309 1754 et
1334 1723 1548 1761 praeposterus

840 1770 915 1799 ordo
931 1770 998 1807 est,
1022 1770 1097 1799 ante
1123 1769 1278 1799 meritum
1305 1769 1437 1806 exigere
1462 1777 1547 1806 11130-

841 1815 940 1845 mium
951 1837 960 1853 ⁷
979 1815 1012 1845 et
1024 1815 1099 1845 ante
1114 1815 1261 1845 laborem
1277 1823 1406 1845 sumere
1422 1815 1546 1852 cibum,

841 1869 912 1890 011111
939 1861 1025 1890 dicat
1045 1861 1240 1899 Apostolus:
1258 1862 1318 1900 Qui
1340 1869 1402 1890 non
1426 1860 1548 1890 laborat

841 1915 901 1935 non
916 1907 1089 1936 manducet.
1106 1907 1134 1936 Α
1149 1907 1305 1936 mandalis
1320 1907 1378 1936 tuis
1390 1906 1547 1942 intellexi,

840 1951 945 1989 inquit
960 1960 968 1980 :
986 1952 1020 1981 ut
1037 1951 1135 1989 scias,
1152 1951 1216 1981 nisi
1238 1951 1433 1981 obedientiae
1455 1959 1548 1980 man-

840 1997 986 2027 datorum
1001 1997 1285 2035 contemplationis
1307 1998 1436 2035 gustum
1451 1996 1548 2034 peni-

840 2045 891 2073 tus
916 2052 980 2074 non
1011 2044 1137 2074 deberi.
1159 2044 1227 2073 Non
1252 2043 1352 2081 igitur
1376 2043 1470 2081 putes
1506 2041 1547 2072 de

840 2090 976 2127 propriae
989 2097 1098 2119 amore
1111 2088 1232 2127 quietis
1241 2111 1249 2127 ,
1263 2090 1380 2119 sanctae
1393 2088 1548 2118 obedien-

841 2134 892 2164 tiae
918 2135 1061 2173 actibus,
1085 2135 1292 2164 seniorumve
1317 2134 1548 2164 traditionibus

840 2179 1063 2217 praejudicium
1075 2179 1240 2209 ullatenus
1253 2179 1450 2209 faciendum.
1462 2179 1548 2208 Alio-

839 2225 916 2264 quin
941 2233 1006 2255 non
1039 2225 1179 2255 dormiet
1210 2226 1320 2255 tecum
1350 2234 1486 2263 sponsus
1512 2225 1547 2255 in

839 2271 921 2301 lecto
946 2278 1030 2308 uno,
1057 2271 1113 2300 illo
1139 2270 1339 2309 praesertim,
1361 2278 1460 2308 quem
1485 2269 1547 2300 tibi

839 2325 895 2354 pro
921 2316 1117 2346 obedientiae
1140 2316 1295 2354 floribus,
1320 2316 1435 2346 cleutis
1450 2316 1546 2353 atque

839 2362 951 2392 urticis
973 2362 1208 2392 inobedientiae
1233 2362 1432 2400 adspersisti.
1448 2362 1546 2398 Prop-

840 2407 889 2437 ter
903 2407 989 2446 quod
1009 2416 1076 2437 non
1094 2408 1250 2438 exaudiet
1272 2408 1432 2437 orationes
1454 2407 1545 2442 tuas,

840 2454 1034 2492 vocatusque
1051 2461 1116 2483 non
1132 2454 1256 2484 veniet.
1273 2454 1336 2483 Nec
1353 2453 1438 2483 enim
1455 2450 1544 2480 dabit

839 2499 1042 2530 inobedienti
1058 2499 1182 2538 copiam
1198 2499 1248 2530 5111
1264 2500 1372 2529 tantus
1387 2495 1543 2526 obedien-

839 2545 892 2575 tiae
907 2545 1047 2582 amator,
1061 2544 1097 2574 ut
1121 2545 1204 2575 mori
1221 2552 1316 2583 quam
1331 2550 1394 2572 non
1410 2540 1542 2570 obedire

839 2589 1004 2619 maluerit.
1019 2589 1082 2619 Sed
1099 2598 1206 2627 neque
1223 2586 1376 2626 approbat
1392 2586 1455 2615 tuae
1467 2592 1541 2614 con—

838 2634 1059 2673 templationis
1074 2634 1170 2664 inane
1187 2633 1304 2671 otium,
1317 2631 1373 2670 qui
1389 2628 1469 2661 dicit
1482 2636 1542 2669 per
