1846 3078
557 219 603 246 IN
632 215 836 246 CANTICA
862 215 1013 245 SERMO
1038 216 1125 245 LIV.

127 273 179 304 nis
195 271 378 303 coelestibus
389 267 422 301 et
433 268 535 308 gratia
549 269 734 308 affluentes,
745 269 825 299 tam-

127 327 225 357 quam
245 316 429 356 spirituales
451 322 568 345 revera
592 315 718 345 montes
735 314 790 353 qui
808 322 825 343 a

130 364 266 393 Domino
289 361 482 397 visitantur,
508 360 542 391 et
562 368 714 399 sponsum
736 360 770 390 in
791 368 825 390 se

127 408 297 439 salientem
331 406 523 445 frequenter
551 406 729 444 recipiunt.
762 406 825 443 Ego

127 455 250 491 autem,
265 453 320 492 qui
335 453 450 483 horum
463 452 498 481 111
512 459 565 482 1116
580 451 712 482 1111161110
727 451 823 489 nihil,

125 500 204 538 quid
217 507 270 530 me
291 499 382 529 aliud
401 500 533 536 putem,
548 505 644 536 quam
660 505 763 526 unum
784 497 824 526 de

125 545 290 575 montibus
301 545 421 574 Gelboe
431 565 440 582 ,
452 552 550 582 quem
565 542 712 581 praeterit
725 543 760 571 in
776 542 824 571 ira

125 591 160 620 et
176 590 398 629 indignatione
414 597 470 619 sua
485 589 542 618 ille
553 588 742 618 caeterorum
757 595 825 617 om-

124 636 218 666 nium
232 634 482 673 benignissimus
493 632 661 664 visitator?

167 681 198 711 9.
212 680 318 710 Filioli
331 703 340 719 ,
357 681 425 710 haec
444 679 596 717 cogitatio
612 677 699 709 tollit
720 677 824 708 extol-

124 726 260 756 lentiam
286 727 473 763 oculorum,
497 723 650 754 conciliat
665 723 800 760 gratiam
812 745 821 762 ,

124 772 232 809 sponsi
253 771 390 801 saltibus
413 768 585 808 praeparat.
608 768 683 798 Haec
704 776 763 806 ego
788 769 823 798 in

123 824 175 846 me
192 815 416 853 transfiguravi
431 815 563 852 propter
574 821 630 844 vos
644 835 653 851 ,
667 813 705 843 ut
720 814 753 843 et
767 822 823 844 vos

123 861 168 891 ita
181 861 317 891 faciatis.
333 861 514 890 Imitatores
525 859 591 889 mei
603 859 718 889 estote.
732 859 822 896 Quod

123 915 188 936 non
204 907 244 937 de
260 906 419 937 exercitio
437 905 510 936 dico
532 905 626 935 modo
641 905 800 935 virtutum
812 927 821 943 ,

122 953 179 982 aut
193 960 319 982 morum
334 951 508 989 disciplina
518 972 527 988 ,
540 950 596 980 aut
614 949 715 988 gloria
730 958 823 980 sanc-

122 998 225 1028 titatis
249 996 330 1038 (nec
354 997 443 1027 enim
463 997 503 1026 de
523 995 709 1033 hujusmodi
731 996 824 1034 quic-

122 1052 219 1082 quam
234 1043 315 1073 mihi
330 1044 454 1073 temere
476 1041 694 1080 arrogaverim
715 1042 823 1072 imita-

122 1088 210 1118 tione
222 1089 356 1126 dignum
368 1088 400 1127 :)
417 1088 475 1118 sed
489 1088 561 1118 volo
583 1095 640 1118 vos
660 1095 726 1117 non
749 1095 824 1125 par-

124 1143 199 1164 cere
214 1134 325 1172 vobis,
341 1134 398 1165 sed
423 1141 574 1163 accusare
589 1133 820 1171 vosmetipsos,

122 1180 250 1218 quoties
264 1179 346 1210 forte
362 1180 397 1208 in
409 1178 501 1209 vobis
511 1200 520 1216 ,
535 1179 590 1208 vel
606 1178 645 1208 ad
659 1178 821 1208 modicum

123 1227 236 1263 tepere
256 1225 409 1262 gratiam,
433 1224 590 1255 virtutem
612 1223 820 1262 languescere

123 1270 388 1309 deprehenditiS,
403 1270 488 1300 sicut
504 1270 537 1299 et
552 1278 610 1307 ego
625 1278 683 1308 pro
708 1269 823 1307 hujus-

121 1316 210 1346 modi
235 1316 465 1354 memetipsum
488 1323 613 1345 accuso.
632 1316 697 1345 Hoc
715 1315 820 1347 facere

123 1362 263 1391 hominis
275 1362 334 1399 est,
347 1361 401 1399 qui
415 1361 559 1391 curiosus
571 1360 822 1398 circumspector

124 1408 172 1437 est
183 1407 245 1445 sui,
263 1407 296 1437 et
317 1407 477 1437 scrutator
491 1406 618 1436 viarum
634 1414 763 1436 suarum
784 1415 820 1437 ac

122 1453 323 1490 studiorum,
343 1454 438 1490 atque
459 1452 493 1481 in
518 1451 668 1480 omuibus
691 1459 820 1489 semper

122 1498 309 1535 suspectum
328 1497 425 1526 habet
441 1495 631 1534 arrogantiae
645 1495 763 1526 vitium
778 1504 819 1526 ne

121 1543 285 1580 subrepat.
299 1543 337 1571 ΙΝ
348 1548 520 1571 vi-:RrrA‘rE
533 1548 654 1578 Dmlcr,
669 1541 717 1571 nil
728 1550 818 1579 aeque

123 1588 238 1618 efficax
256 1596 324 1618 esse
341 1588 381 1618 ad
395 1587 530 1625 gratiam
548 1587 795 1626 promerendam
809 1610 818 1627 ,

121 1634 343 1671 retinendam,
368 1633 647 1671 recuperandam,
670 1641 767 1671 quam
792 1635 818 1664 si

122 1679 209 1709 omni
236 1680 383 1717 tempore
415 1687 522 1709 coram
546 1679 614 1708 Deo
639 1679 818 1709 inveniaris

121 1732 185 1754 non
206 1725 308 1754 altum
329 1732 456 1762 sapere,
477 1724 534 1754 sed
549 1724 678 1753 timere.
705 1726 820 1755 Beatus

121 1770 211 1799 homo
229 1771 282 1808 qui
294 1778 410 1808 semper
424 1771 467 1799 cst
479 1770 617 1807 pavidus.
633 1769 725 1799 Time
741 1777 815 1808 ergo

121 1824 194 1845 cuin
209 1815 353 1845 arriserit
372 1815 491 1853 gratia,
503 1815 584 1845 time
601 1823 674 1844 cum
688 1815 818 1853 abierit,

120 1862 200 1891 time
216 1870 290 1892 eum
304 1861 410 1891 denuo
426 1861 610 1891 revertetur
623 1869 631 1898 ;
648 1861 682 1891 et
696 1861 757 1890 hoe
771 1862 819 1891 est

120 1914 250 1944 semper
263 1905 417 1944 pavidum
431 1913 511 1935 esse.
529 1905 710 1935 Succedant
724 1905 820 1936 vicis-

119 1952 179 1981 sim
195 1951 256 1982 sibi
275 1951 309 1981 in
325 1951 430 1980 animo
450 1952 518 1980 tres
532 1950 583 1980 isti
598 1950 751 1989 timores,
768 1959 820 1981 se-

120 1997 260 2026 cundum
276 1996 361 2035 quod
380 1995 480 2034 gratia
496 1996 550 2026 vel
576 1996 688 2027 adesse
703 1996 819 2035 ‹ligna-

121 2044 193 2079 tur,
216 2042 269 2072 vel
293 2042 411 2072 offensa
427 2041 601 2080 recedere,
619 2050 677 2072 seu
698 2041 817 2072 iterum

119 2087 225 2117 redire
250 2087 376 2126 placata
403 2086 575 2118 sentietur.
598 2088 678 2117 Cum
706 2087 816 2126 adest,

118 2134 196 2164 time
212 2142 252 2163 ne
269 2141 333 2163 non
348 2133 442 2170 digne
458 2133 601 2172 opererIS
616 2141 659 2163 ex
674 2142 723 2163 ea.
740 2135 816 2164 Nam

119 2179 180 2210 boc
192 2179 301 2209 monet
309 2178 477 2217 Apostolus
494 2187 502 2207 ε
522 2180 638 2216 Videte,
653 2179 816 2217 inquiens,

118 2234 155 2254 ue
167 2226 198 2255 in
218 2233 349 2255 vacuum
365 2225 499 2263 qratiam
513 2226 572 2255 Dei
590 2226 754 2263 recipiatis.
780 2226 817 2256 Et

118 2270 158 2299 ad
182 2270 398 2308 discipulum:
415 2270 643 2309 Noli,inquit,
670 2272 817 2310 neqtz'qere

118 2317 251 2355 qratiam
272 2324 339 2354 quoe
359 2317 392 2345 in
413 2317 439 2345 te
454 2318 507 2346 est.
530 2316 568 2345 Et
583 2316 622 2346 de
642 2317 816 2355 semetipso

117 2361 269 2391 dicebat:
288 2362 367 2400 Quia
383 2362 486 2399 qratia
509 2362 569 2391 Dei
594 2363 627 2391 in
650 2371 698 2392 ‘me
715 2371 815 2393 vacua

118 2416 179 2435 non
195 2407 264 2444 fuit.
287 2406 415 2435 Sciebat
429 2406 544 2444 homo,
567 2407 736 2437 eonsilium
756 2407 815 2438 Dei

118 2453 240 2482 babens
251 2473 260 2490 ,
277 2451 459 2481 redundare
477 2452 508 2481 111
524 2453 746 2490 contemptum
762 2453 813 2483 do-

116 2498 243 2534 nantis,
266 2497 386 2527 donum
401 2497 567 2534 negligere
580 2518 590 2534 ,
616 2505 677 2528 nec
693 2507 816 2536 expen-

117 2542 194 2572 dere
210 2543 250 2572 ad
261 2542 347 2581 quod
361 2542 517 2572 donatum
533 2543 582 2572 est
596 2550 605 2580 ;
618 2543 715 2581 idque
733 2543 811 2573 into-

115 2588 284 2618 lerabilem
300 2596 369 2618 6556
382 2588 569 2626 superbiam
583 2588 749 2625 judicabat
761 2597 769 2618 :
783 2590 813 2620 et

117 2634 287 2676 propterea
302 2633 535 2665 studiosissime
561 2634 622 2664 boc
642 2634 762 2664 malum
783 2636 814 2667 et
833 2667 835 2671 ,

1499 221 1557 252 327

861 266 929 306 ipse
956 267 1110 306 cavebat,
1136 266 1334 307 docebatque
1368 273 1559 304 cavendum·

860 313 923 344 Sed
944 322 1074 344 rursum
1094 314 1175 344 latet
1196 313 1290 343 fovea
1307 315 1378 353 hic,
1394 325 1465 354 quae
1485 321 1558 348 nolo

859 368 915 389 vos
930 360 1041 398 lateat,
1057 359 1098 390 de
1113 368 1176 398 qua
1191 359 1218 390 is
1233 359 1304 397 ipse
1320 362 1480 398 superbiae
1495 365 1558 402 spi-

859 405 940 435 ritus
954 406 1043 436 tanto
1064 404 1281 443 periculosius
1291 426 1300 442 ‚
1316 406 1436 443 quanto
1450 410 1558 438 occul-

858 451 923 481 tius
933 472 942 489 ,
958 451 1043 481 sicut
1056 451 1186 481 habetis
1202 450 1236 480 in
1247 451 1383 489 psalmo,
1398 452 1561 484 insidiatur

859 497 948 533 quasi
961 497 1006 526 leo
1025 497 1058 526 in
1071 497 1214 534 spetunca
1227 505 1297 526 sua.
1312 496 1392 525 Nam
1413 495 1440 526 si
1456 496 1558 535 impe—

859 541 929 571 dire
962 549 1027 571 non
1060 541 1215 579 praevalet
1245 541 1427 580 actionem,
1453 542 1558 573 tentat

860 585 1089 624 intentionem,
1099 595 1273 625 suggerens
1281 587 1314 617 et
1323 586 1473 625 suadens,
1482 596 1560 625 qua-

857 630 952 660 tenus
964 632 1113 662 effectum
1126 633 1238 670 gratiae
1247 640 1374 671 arroges
1384 632 1458 662 tibi.
1470 633 1559 670 Quod

857 676 989 714 quidem
997 677 1157 715 superbiae
1169 686 1271 715 genus
1282 678 1376 716 longe
1388 678 1445 708 illo
1452 678 1558 717 priore

857 721 1099 751 intolerabilius
1120 730 1190 752 esse
1215 731 1281 753 non
1301 723 1456 761 ambigas.
1472 724 1555 760 Quid

859 767 950 797 enim
975 768 1118 798 odiosius
1139 768 1196 798 illa
1216 776 1314 807 voce,
1336 777 1401 807 qua
1425 769 1554 807 quidam

857 813 1011 844 dixerunt
1027 821 1036 843 :
1051 815 1165 844 Manus
1179 815 1287 844 nostra
1301 815 1436 852 excelsa,
1450 816 1478 846 et
1494 823 1555 844 non

855 860 1019 896 Dominus,
1032 859 1101 898 fecit
1114 859 1177 890 haec
1194 859 1320 890 omnia?

897 904 947 934 10.
964 905 996 934 Si
1014 912 1088 942 ergo
1111 905 1292 934 timendum
1316 904 1469 935 manente
1485 913 1557 943 gra-

856 949 921 987 tia3
937 949 1016 988 quid
1031 950 1058 981 si
1072 950 1264 981 recesserit?
1277 959 1356 980 num
1370 951 1471 981 multo
1487 959 1558 980 ma-

856 995 902 1033 gis
910 996 986 1026 tunc
994 997 1176 1027 timendum
1187 996 1200 1026 ἓ
1212 997 1308 1026 Plane
1319 997 1422 1026 multo
1433 996 1535 1035 magis
1547 1004 1557 1027 e

857 1041 932 1079 quia
947 1041 1005 1071 ubi
1027 1042 1139 1072 deficit
1153 1042 1215 1071 tibi
1229 1042 1333 1080 gratia
1347 1064 1356 1080 ,
1372 1042 1484 1072 deficis
1507 1042 1556 1072 tu.

856 1086 938 1116 Audi
961 1087 1087 1117 etenim
1107 1087 1187 1125 quid
1211 1087 1302 1117 dator
1324 1087 1436 1125 gratiae
1457 1087 1556 1118 dicat.

856 1133 926 1162 Se'ne
937 1141 997 1169 me,
1016 1133 1078 1170 ait,
1102 1133 1181 1163 nihil
1192 1135 1316 1172 potestis
1336 1134 1448 1171 facere.
1463 1134 1556 1164 Time

857 1186 931 1215 ergo
955 1178 1118 1208 subtracta
1149 1178 1272 1217 gratia,
1292 1179 1456 1217 tamquam
1477 1186 1555 1208 mox

856 1231 1003 1262 casurus;
1015 1223 1094 1254 time
1107 1224 1140 1254 et
1156 1224 1382 1262 contremisce,
1394 1224 1462 1254 Deo
1477 1223 1555 1260 tibi,

856 1268 893 1297 ut
907 1269 1010 1299 sentis
1020 1291 1029 1306 ,
1044 1268 1124 1298 irato
1137 1278 1147 1307 3
1162 1269 1242 1299 time
1253 1291 1262 1307 ,
1278 1270 1353 1307 quia
1366 1268 1500 1307 reliquit
1519 1270 1552 1298 te

856 1314 1001 1344 custodia
1013 1316 1081 1345 tua.
1096 1315 1161 1345 Nec
1179 1315 1309 1345 dubites
1325 1316 1358 1345 in
1374 1323 1469 1345 causa
1485 1322 1556 1344 esse

855 1360 1053 1398 superbiam,
1063 1360 1261 1390 etiamsinon
1270 1361 1434 1398 appareat,
1443 1360 1556 1389 etiam-

854 1405 880 1433 si
898 1405 984 1434 nihil
998 1405 1059 1435 tibi
1076 1406 1222 1436 conscius
1236 1406 1291 1436 sis.
1308 1406 1399 1443 Quod
1414 1405 1501 1434 enim
1519 1405 1556 1434 tu

854 1450 979 1487 1165615,
1004 1452 1067 1481 scit
1090 1452 1194 1488 Deus3
1219 1452 1252 1481 et
1278 1451 1334 1489 qui
1356 1451 1389 1481 te
1413 1450 1555 1488 judicat,

855 1494 923 1532 ipse
939 1496 999 1525 est.
1016 1496 1079 1525 Sed
1089 1504 1150 1526 nec
1161 1496 1217 1534 qui
1233 1496 1376 1535 seipsum
1391 1503 1556 1526 commen—

855 1540 926 1578 dat,
949 1540 1006 1570 ille
1021 1540 1177 1579 probatus
1191 1541 1240 1571 est
1254 1562 1264 1578 ,
1280 1541 1338 1572 sed
1353 1549 1452 1579 quem
1468 1540 1556 1570 Deus

853 1587 1073 1617 commendat.
1101 1587 1266 1626 Numquid
1291 1585 1496 1617 commendat
1521 1587 1554 1615 te

853 1631 958 1669 Deus,
976 1640 1049 1661 cum
1063 1632 1165 1671 gratia
1179 1631 1310 1670 privat?
1323 1632 1385 1662 Aut
1396 1631 1555 1669 numquid

853 1677 907 1714 qui
921 1677 1100 1707 humilibus
1114 1678 1170 1709 dat
1189 1678 1344 1717 gratiam,
1363 1676 1482 1707 humili
1496 1685 1555 1706 au-

853 1721 936 1752 feret
952 1722 1077 1752 datam?
1088 1724 1168 1761 Ergo
1182 1729 1430 1754 ARGUMENTUM
1444 1730 1556 1760 super-

854 1767 928 1806 biae,
940 1769 1083 1806 privatio
1097 1770 1146 1799 est
1157 1769 1281 1807 gratiae.
1293 1769 1494 1807 Quamquam
1506 1769 1554 1798 ta-

854 1820 926 1842 men
948 1813 1112 1842 interdum
1125 1812 1326 1843 subtrahitur
1347 1812 1466 1850 gratia,
1483 1812 1554 1842 sive

853 1859 1047 1896 retrahitur,
1071 1867 1137 1889 non
1151 1867 1209 1897 pro
1231 1858 1384 1897 superbia
1398 1867 1468 1896 quae
1486 1858 1553 1895 jam

853 1905 914 1941 est,
930 1903 986 1933 sed
1000 1913 1070 1942 quae
1086 1903 1195 1934 futura
1210 1904 1282 1942 est,
1303 1903 1367 1933 nisi
1383 1903 1554 1933 subtraha-

855 1949 916 1979 tur.
933 1949 1039 1981 Habes
1051 1949 1149 1986 hujus
1163 1949 1212 1980 rei
1227 1949 1363 1979 evidens
1379 1949 1554 1979 documen-

853 1994 920 2024 tum
931 1995 970 2025 de
983 1996 1144 2033 Apostolo,
1152 1995 1207 2034 qui
1216 1994 1364 2025 stimulos
1372 1994 1477 2025 carnis
1486 2003 1553 2025 sua>

852 2041 1032 2071 sustinebat
1048 2041 1186 2079 invitus,
1202 2049 1267 2071 non
1283 2040 1360 2080 quia
1379 2041 1554 2070 extollere-

853 2087 922 2125 tur,
945 2087 1001 2117 sed
1015 2094 1057 2117 ne
1073 2086 1300 2117 extolleretur.
1316 2085 1380 2116 Sed
1401 2086 1469 2116 sive
1483 2085 1552 2123 Jam

852 2132 1033 2170 exsistens,
1049 2132 1118 2163 sive
1142 2132 1304 2170 nondum3
1326 2131 1478 2170 superbia
1504 2131 1551 2160 ta-

851 2185 927 2207 men
945 2186 1075 2216 semper
1089 2185 1185 2208 causa
1206 2177 1270 2208 erit
1291 2177 1463 2208 subtractae
1478 2185 1551 2215 gra-

851 2222 916 2253 tiae.

890 2269 941 2299 ll.
964 2269 1034 2299 Jam
1049 2269 1076 2299 si
1099 2269 1203 2307 gratia
1218 2268 1430 2308 repropitiata
1444 2267 1553 2299 redie-

850 2314 908 2353 rit,
923 2315 1025 2345 multo
1040 2315 1181 2353 amplius
1199 2315 1277 2345 tunc
1293 2314 1493 2352 timendum,
1510 2323 1551 2344 ne

850 2363 931 2394 forte
954 2363 1118 2402 contingat
1143 2363 1325 2393 recidivum
1347 2363 1436 2401 pati,
1457 2362 1551 2399 J'uxta

851 2410 932 2439 illud
954 2409 994 2439 de
1016 2409 1192 2448 Evangelio
1209 2418 1218 2438 :
1235 2410 1313 2439 Ecce
1334 2417 1428 2439 scmus
1449 2408 1549 2446 factas

850 2464 896 2493 es,
913 2457 989 2486 vade
1004 2457 1033 2486 ct
1050 2456 1182 2493 amplius
1192 2455 1263 2493 jam
1281 2455 1345 2483 noli
1356 2461 1479 2491 peceare
1488 2472 1498 2487 ,
1512 2460 1550 2479 716

850 2500 964 2537 aliquid
981 2500 1111 2529 deterius
1130 2499 1185 2528 tibi
1198 2498 1366 2535 contlnqat.
1383 2495 1480 2524 Audis
1500 2502 1553 2523 re-

850 2544 976 2583 cidere,
1005 2552 1101 2582 quam
1127 2544 1271 2573 incidere
1300 2548 1369 2570 esse
1391 2539 1549 2569 deterius.

849 2589 984 2619 Proinde
999 2589 1218 2619 invalescente
1235 2585 1392 2624 periculo,
1407 2583 1550 2613 invales—

851 2635 901 2665 cat
917 2636 949 2665 et
965 2635 1085 2664 metus.
1111 2635 1243 2662 Remus
1262 2637 1316 2667 Es,
1333 2630 1359 2660 si
1383 2637 1436 2659 cor
1456 2628 1549 2658 tuum
