1846 3078
696 233 935 262 PARABOLA
960 234 1017 261 lv.

144 288 341 326 absentiam,
356 286 531 318 convocato
551 286 724 317 exercitu:
747 286 841 325 Veni,

144 334 267 372 inquit,
292 340 468 371 persequar
494 332 528 362 ct
549 331 841 370 comprehendam,

142 379 284 410 dividam
296 378 410 416 spolia,
428 378 618 416 implebitur
632 378 739 406 anima
751 385 822 406 mea
832 399 841 414 ,

145 423 325 462 evaginabo
339 423 484 461 gladium
509 431 640 459 meum,
666 422 843 452 interficiet

140 477 195 500 eos
210 478 323 499 manus
334 478 419 500 mea.
439 470 646 507 Surgensque
663 476 736 498 cum
754 468 841 497 omni

140 515 272 545 malitiae
288 524 354 546 suae
374 515 541 554 nequitia,
558 513 708 544 Ecclesiae
730 521 842 552 perse-

138 561 302 591 cutionem
332 561 464 593 indixit.
491 562 630 598 Moxque
651 559 721 596 ejus
738 561 841 589 castra

137 607 346 646 aggrediens,
383 606 655 644 comprehensum
690 605 840 642 Petrum,

138 652 338 689 fratremque
368 651 440 688 ejus
470 650 629 680 Andream
657 649 840 688 crucifixit,

134 698 270 727 Paulum
286 697 479 734 decollavit,
504 697 686 726 Johannem
707 695 841 725 exsilia-

136 743 203 781 vit,
216 744 488 773 Bartholomaeum
503 741 693 778 decoriavit,
703 741 839 779 Stepha-

136 798 214 821 num
229 789 406 828 lapidavit,
421 788 633 819 Laurentium
653 787 687 817 et
700 787 839 817 Vincen-

134 835 216 865 tium
230 835 401 873 ustulavit,
418 835 452 865 et
466 835 651 865 sanctorum
666 833 837 870 mortibus,

133 882 352 920 mortiumque
366 881 399 911 et
412 880 648 911 tormentorum
663 879 839 918 generibus

134 927 242 957 omnia
258 926 445 965 complevit.
471 927 646 957 Posuerunt
673 926 838 955 morticina

133 982 290 1004 servorum
304 975 363 1005 Dei
386 982 469 1004 escas
483 972 659 1003 volatilibus
674 972 752 1008 coelz',
768 980 838 1001 car-

131 1027 185 1050 nes
212 1023 391 1050 sanctorum
414 1020 512 1050 bestiis
528 1020 629 1048 terroe.
655 1019 838 1055 Effuderunt

130 1066 312 1103 sanquinem
327 1066 516 1094 innocentem
539 1065 700 1102 tamquam
720 1072 837 1102 aquam

132 1111 164 1139 in
180 1111 309 1141 circuitu
323 1111 513 1147 Jerusalem,
528 1111 556 1140 et
571 1119 633 1140 non
648 1111 715 1140 erat
727 1111 781 1149 qui
792 1119 837 1140 se-

129 1156 249 1194 peliret.
266 1156 389 1186 Videris
402 1156 544 1186 Ecclesia
559 1155 748 1185 defensores
762 1164 836 1186 suos

131 1202 253 1239 positos
267 1203 304 1232 ut
315 1211 392 1233 oves
408 1210 573 1240 escarum,
589 1201 773 1240 ingemuit,
802 1203 835 1232 et

131 1247 215 1278 sacta
245 1249 295 1279 est
319 1248 501 1279 amaritudo
525 1248 597 1286 ejus
625 1256 745 1278 amara.
772 1248 835 1277 Sed

130 1294 218 1324 terra
233 1295 384 1325 Ecclesiae
400 1294 557 1333 sanguine
573 1294 751 1333 Martyrum
771 1294 835 1323 im-

129 1340 307 1379 pinguata,
329 1341 480 1371 fidelium
502 1340 630 1378 segetes
656 1339 833 1378 multiplici

129 1387 268 1424 quodam
297 1387 443 1424 germine
474 1386 670 1417 refundebat
694 1395 702 1415 :
734 1387 770 1417 et
799 1386 833 1416 in

128 1433 320 1470 praecisione
333 1432 431 1463 unius
440 1433 573 1463 centum
588 1433 642 1462 vel
653 1432 744 1462 mille
758 1432 833 1462 red-

129 1478 225 1516 dens,
242 1479 328 1509 unde
344 1479 431 1509 vinci
447 1478 654 1517 sperabatur,
667 1478 831 1508 vincebat.

167 1524 198 1554 [ι.
215 1525 307 1561 Quod
323 1525 458 1554 barbara
474 1524 530 1553 illa
542 1523 669 1553 inimici
685 1524 832 1563 nequitia

127 1570 376 1608 deprehendens
403 1569 591 1608 infremuit,
622 1570 656 1600 et
683 1569 724 1599 ad
755 1571 831 1600 nota

126 1616 315 1646 calliditatis
330 1625 395 1646 suae
411 1623 499 1644 arma
521 1614 708 1652 refugiens,
723 1622 741 1644 a
755 1623 831 1653 per-

127 1661 293 1691 secutione
308 1660 442 1691 interim
457 1660 664 1698 conquievit,
676 1660 829 1699 viresque

126 1706 310 1745 contraxit,
339 1706 483 1743 gladium
512 1706 698 1745 revocavit,
724 1707 829 1737 consi-

125 1753 207 1782 lium
231 1752 381 1782 mutavit.
405 1751 520 1781 Nullus
551 1751 661 1791 pejor,
694 1752 828 1792 inquit,

124 1807 222 1837 quam
249 1798 446 1828 domesticus
472 1797 638 1828 inimicus.
660 1798 828 1829 Effundam

124 1844 224 1882 igitur
260 1843 502 1874 contentionem
531 1851 631 1881 super
663 1844 828 1882 principes

124 1898 256 1928 corum,
273 1891 306 1920 et
322 1898 430 1920 errare
452 1897 507 1920 eos
522 1889 639 1920 faciam
659 1890 694 1920 in
718 1891 826 1928 invio,

124 1938 158 1967 et
171 1945 236 1966 non
249 1936 285 1966 in
300 1936 363 1966 via.
374 1936 495 1966 Etcum
511 1936 639 1974 dicent,
651 1936 730 1974 Pax,
743 1946 824 1976 pax,

123 1991 187 2012 non
202 1982 265 2013 erit
287 1991 363 2021 pax.
388 1982 452 2013 Sed
475 1982 638 2012 suscitabo
662 1983 751 2014 inter
772 1993 826 2015 eos

124 2029 261 2059 haereses
281 2030 315 2059 et
342 2028 533 2066 schismata,
560 2029 593 2058 et
613 2029 703 2060 civili
730 2030 762 2060 et
777 2030 826 2060 in-

121 2075 239 2104 testiuo
260 2075 400 2113 quodam
422 2075 508 2104 bello
531 2075 638 2105 omnia
662 2076 824 2106 turbabo:

121 2120 155 2150 et
176 2121 305 2151 facilius
325 2129 383 2151 suo
406 2129 461 2150 eos
483 2121 589 2158 gladio
607 2121 722 2151 faciam
739 2122 825 2153 inte-

120 2167 205 2204 rire,
228 2175 326 2205 quam
340 2175 426 2197 meo.
442 2166 554 2204 Dixit,
569 2167 602 2197 et
625 2176 702 2197 mox
727 2169 824 2199 terri-

120 2211 195 2241 bilis
209 2211 265 2241 illa
289 2211 447 2242 hactenus
461 2211 613 2242 Ecclesiae
633 2212 720 2242 acies
739 2214 825 2244 ordi-

119 2257 211 2293 nata,
240 2256 324 2287 facta
357 2257 407 2287 est
437 2264 502 2286 non
534 2257 721 2288 terribilis:
747 2260 823 2298 quia

120 2302 319 2332 deordinata.
336 2302 454 2332 Mutuis
476 2303 597 2342 quippe
618 2312 652 2334 se
674 2305 823 2336 vulneri-

120 2349 179 2379 bus
203 2348 421 2387 impetentes,
446 2357 545 2387 seque
561 2349 704 2380 invicem
720 2351 823 2382 hosti—

119 2394 196 2424 liter
231 2394 458 2432 concidentes,
495 2395 643 2425 hostibus
674 2403 692 2425 a
726 2397 820 2437 longe

118 2440 278 2471 stantibus
291 2441 325 2470 et
340 2440 536 2479 ridentibus,
552 2440 653 2471 risum
669 2442 703 2472 et
717 2443 820 2474 insul-

118 2487 295 2524 tationem,
311 2487 462 2517 Ecclesiae
487 2495 565 2517 vero
585 2488 708 2518 luctum
724 2489 757 2518 et
772 2489 821 2519 in-

118 2532 322 2562 tolerabilem
334 2532 498 2562 incussere
521 2532 677 2563 dolorem.
694 2535 820 2564 Amari-

117 2577 195 2608 tudo
208 2577 295 2607 enim
310 2578 381 2616 ejus
395 2578 486 2617 prius
498 2586 604 2608 amara
615 2601 624 2616 ,
637 2587 723 2609 nunc
735 2579 819 2610 facta

117 2622 167 2653 est
177 2622 333 2661 amarior,
348 2630 421 2653 cum
433 2623 565 2661 vipereo
581 2624 718 2662 quodam
733 2625 818 2655 malo

117 2674 135 2697 a
163 2667 237 2700 filiis
262 2668 328 2699 suis
358 2667 498 2699 deflebat
524 2669 663 2709 discerpi
694 2671 817 2701 viscera

1511 247 1565 278 1⁴51

876 294 944 316 sua.
960 287 1025 317 Sed
1047 288 1199 319 continuo
1213 293 1332 330 egregii
1348 296 1443 328 curioe
1463 299 1570 331 Chris-

876 332 974 363 tianae
994 333 1116 363 milites
1136 337 1311 372 praevalere
1327 340 1472 373 videntes
1487 347 1572 375 astun

877 378 944 408 tam
971 379 1098 410 inimici
1128 381 1286 411 malitiam
1298 403 1307 418 ‚
1341 386 1486 421 spiritum
1518 399 1571 419 re-

875 426 1105 463 sumpserunt,
1121 434 1210 455 arina
1226 426 1302 456 fidei
1323 430 1540 467 corripuerunt
1560 444 1568 464 ε

875 469 908 498 et
921 471 1041 500 malum
1060 479 1102 501 ex
1119 473 1303 511 semetipsis
1329 474 1468 505 viriliter
1482 479 1572 507 aufe<-

874 513 1001 554 rentes,
1017 517 1201 548 Alexander
1216 527 1289 548 cum
1312 520 1424 549 multis
1439 521 1547 552 Arium
1561 532 1572 561 3

873 559 1070 597 Augustinus
1112 563 1325 594 Manichaeum
1337 586 1347 601 ,
1393 565 1572 603 multosque

873 604 966 644 alios,
981 607 1198 646 Hieronymus
1213 609 1416 648 Epicuraeum
1431 611 1574 640 Jovinia-

873 656 951 678 num
963 672 972 688 ,
998 653 1171 692 caeterique
1194 655 1327 685 caeteras
1353 655 1514 685 haeresum
1542 658 1577 688 et

872 694 1081 727 schismatum
1115 699 1225 736 pestes
1257 701 1494 738 pervadentes,
1521 702 1574 731 vel

872 737 1001 770 fortiter
1012 742 1260 774 trucidaverunt
1271 767 1279 782 ,
1294 745 1348 774 vel
1363 745 1542 783 prudenter
1555 754 1574 775 a

872 785 984 815 castris
992 789 1226 826 propulerunt,
1234 798 1413 828 pacemque
1424 790 1575 821 Ecclesiae

872 830 905 859 et
919 832 1072 867 gaudium
1084 833 1310 864 restituerunt.

910 876 941 905 5.
954 877 1019 908 Sed
1033 879 1100 909 heu
1111 901 1120 918 ,
1136 880 1291 911 heutnec
1303 887 1391 910 mare
1406 878 1572 917 fluctibus,

870 928 929 951 nec
945 922 1005 953 ista
1030 925 1099 955 vita
1115 934 1224 956 carere
1249 927 1355 965 potest
1383 927 1573 957 tentationi-

870 966 928 997 bus
939 977 947 1006 ;
957 977 1016 1000 nec
1032 972 1139 1009 potest
1150 981 1219 1003 esse
1231 981 1296 1012 pax
1311 973 1402 1002 firma
1415 973 1448 1003 et
1458 972 1571 1012 solida,

869 1013 931 1044 nisi
943 1015 976 1045 in
989 1018 1122 1058 regione
1138 1027 1205 1048 sua.
1222 1019 1345 1049 Videns
1356 1018 1442 1049 enim
1458 1027 1569 1057 pecca-

870 1060 919 1089 tor
931 1083 939 1098 ,
956 1062 989 1092 et
1012 1062 1124 1094 invide
1141 1064 1311 1102 irascitur,
1328 1065 1481 1094 dentibus
1506 1064 1567 1094 fre-

868 1107 929 1136 mit
944 1108 976 1137 et
988 1108 1143 1148 tabescit,
1157 1111 1190 1140 et
1204 1118 1287 1140 nova
1299 1118 1417 1149 parans
1435 1110 1519 1140 bella
1531 1110 1569 1140 ad

867 1152 1049 1190 spirituaIIa
1064 1156 1198 1187 malitiae
1222 1164 1312 1186 arma
1335 1164 1370 1187 se
1397 1156 1568 1186 convertit.

867 1199 1117 1239 convocansque
1146 1201 1196 1231 sui
1227 1202 1396 1232 exercitus
1424 1202 1570 1241 egregios

867 1244 939 1274 illos
962 1245 1081 1284 duces,
1102 1248 1253 1286 spiritum
1282 1248 1409 1278 scilicet
1431 1248 1570 1278 fornica-

867 1290 982 1329 tionis,
1007 1293 1159 1330 spiritum
1175 1294 1276 1332 gulae,
1294 1294 1445 1333 spiritum
1467 1293 1570 1324 avari-

868 1337 921 1367 tiae
937 1345 944 1366 :
961 1337 1106 1377 Videtis,
1133 1339 1260 1378 inquit,
1274 1340 1352 1378 quia
1374 1339 1457 1369 nihil
1473 1338 1570 1376 profi-

866 1383 968 1414 cimus
980 1406 989 1422 ,
1006 1385 1039 1414 et
1051 1385 1118 1423 jam
1135 1386 1222 1416 totus
1241 1386 1382 1416 mundus
1396 1386 1468 1424 post
1483 1385 1570 1424 ipsos

865 1430 957 1460 abiit.
970 1430 1033 1461 Sed
1054 1432 1160 1462 adhuc
1176 1432 1324 1471 experiri
1346 1432 1469 1462 habent
1482 1432 1568 1462 vires

864 1477 988 1506 nostras
1001 1497 1010 1513 ,
1026 1477 1082 1514 qui
1097 1478 1278 1515 gloriantur
1292 1485 1325 1507 se
1336 1477 1403 1514 jam
1420 1477 1568 1515 effug1sse

864 1521 917 1550 vel
933 1521 1068 1552 elusisse
1081 1523 1168 1553 artes
1178 1523 1391 1561 meas.Dixit,
1408 1524 1441 1553 et
1454 1524 1568 1553 castris

864 1574 917 1596 eos
929 1567 1082 1598 Ecclesiae
1102 1568 1300 1606 immittens,
1320 1570 1354 1599 et
1369 1569 1568 1599 dormientes

863 1619 975 1641 omnes
1001 1613 1034 1641 et
1050 1613 1160 1643 ebrios
1183 1615 1278 1644 nocte
1300 1614 1473 1644 inveniens
1489 1612 1566 1653 (qui

862 1656 951 1686 enim
965 1657 1142 1695 dormiunt,
1153 1660 1186 1688 et
1201 1659 1257 1697 qui
1273 1659 1355 1689 ebrii
1371 1660 1457 1697 sunt,
1470 1661 1565 1689 nocte

862 1702 1039 1740 dormiunt,
1050 1703 1083 1733 et
1092 1705 1187 1734 nocte
1204 1705 1287 1734 ebrii
1299 1704 1391 1744 sunt)
1410 1705 1564 1735 continue

861 1749 970 1778 omnia
979 1749 1134 1779 turbavit.
1143 1750 1216 1779 Mox
1228 1750 1316 1780 enim
1325 1759 1436 1780 omnes
1444 1751 1565 1789 seipsos

861 1795 1005 1825 amantes
1017 1817 1026 1834 ,
1039 1804 1112 1834 quae
1125 1804 1181 1826 sua
1197 1796 1272 1826 sunt
1286 1798 1468 1834 quaerentes
1477 1818 1485 1833 ,
1498 1805 1562 1826 non

860 1850 932 1880 quae
952 1841 1030 1871 Jesu
1045 1841 1182 1879 Christi3
1208 1842 1400 1873 haereditate
1415 1843 1476 1872 sibi
1492 1843 1564 1872 vin-

860 1888 1051 1918 dicaverunt
1062 1888 1282 1918 sanctuarium
1296 1888 1376 1926 Dei,
1393 1890 1425 1919 et
1436 1889 1564 1927 pollue-

859 1935 935 1964 runt
954 1934 1203 1965 tabernaculum
1226 1935 1367 1965 nominis
1387 1935 1457 1972 ejus
1475 1944 1563 1966 :non

858 1981 926 2010 Deo
942 1981 975 2010 in
991 1989 1049 2019 eo,
1064 1981 1122 2011 sed
1138 1981 1360 2011 voluntatibus
1372 1981 1405 2011 et
1417 1982 1564 2020 volupta-

858 2027 944 2058 tibus
955 2027 1021 2058 suis
1032 2027 1225 2066 servientes,
1234 2036 1369 2066 quaeque
1379 2028 1445 2057 Deo
1455 2028 1561 2057 oblata

859 2074 911 2103 vel
927 2074 1049 2104 sacrata
1059 2095 1067 2110 ,
1083 2073 1117 2103 in
1133 2082 1206 2104 suos
1220 2082 1298 2104 usus
1312 2074 1491 2104 vertentes.
1504 2075 1562 2103 Fa·

858 2119 982 2150 cientes
997 2120 1085 2149 enim
1107 2119 1168 2150 sibi
1184 2120 1223 2150 de
1239 2120 1424 2150 nominibus
1440 2121 1472 2150 et
1490 2120 1561 2150 ofli-

857 2164 916 2195 ciis
945 2165 1111 2204 religionis
1137 2166 1267 2195 nomina
1292 2166 1326 2196 et
1350 2166 1560 2197 auctoritates

856 2211 1015 2250 avaritiae,
1024 2212 1175 2242 elationis
1187 2212 1221 2241 et
1235 2211 1400 2250 vanitatis,
1414 2212 1558 2243 tunicam

856 2257 947 2287 illam
975 2257 1120 2288 caritatis
1152 2257 1385 2288 inconsutilem
1417 2258 1558 2296 desuper

855 2303 981 2333 textam
996 2312 1056 2342 per
1071 2304 1187 2343 totum,
1197 2312 1461 2343 purpureumque
1478 2304 1555 2333 illud

854 2348 930 2378 fidei
956 2349 1092 2387 pallium
1116 2350 1260 2387 pretioso
1286 2349 1444 2387 sanguine
1469 2348 1555 2377 tinc-

853 2395 937 2434 tum,
949 2395 1066 2434 quibus
1080 2394 1262 2425 nuditatem
1279 2401 1400 2431 sponsae
1415 2392 1553 2429 Sponsus

853 2441 1045 2479 operuerat,
1071 2442 1252 2479 caeteraque
1273 2437 1438 2476 religionis
1459 2445 1553 2466 orna-

853 2487 963 2516 menta
975 2508 985 2524 ,
1006 2486 1180 2516 reluctanti
1195 2487 1227 2515 et
1240 2483 1428 2514 reclamanti
1445 2482 1552 2512 Eccle-

853 2533 907 2562 siae
922 2532 1136 2563 detraxerunt
1152 2540 1159 2559 :
1177 2537 1313 2567 eamque
1327 2528 1527 2557 denudantes
1539 2549 1548 2565 ,

852 2587 912 2609 nec
928 2587 962 2609 se
977 2578 1157 2609 vestientes
1171 2599 1180 2614 ,
1196 2582 1292 2613 quam
1314 2573 1473 2603 custodire
1492 2573 1550 2603 ‹lc-

851 2624 1006 2661 buerant,
1033 2623 1153 2653 nudam
1187 2620 1407 2658 reliquerunt,
1437 2619 1471 2648 et
1508 2618 1546 2647 (lc

836 2673 838 2676 ⁴
853 2671 935 2702 statu
948 2669 1067 2708 quietis
1079 2676 1149 2698 cam
1162 2664 1546 2703 exturbante8,quantu1n

1362 2716 1406 2739 m„
