1810 3073
301 254 359 284 232
766 258 794 284 S.
817 255 1048 284 BERNARD!
1069 256 1259 284 ABBATIS

301 309 474 340 titudinem
488 308 560 340 dico
573 308 785 348 credentium,
799 317 936 348 quorum
948 308 994 337 le·
1027 317 1090 337 ecce
1109 311 1312 339 convertimur
1325 311 1366 341 ad
1386 312 1496 350 flentes.
1522 311 1620 350 Moysi
1641 321 1715 343 sane

299 355 385 392 gitur
399 354 498 386 fuisse
511 365 564 385 cor
577 365 674 385 unum
688 357 716 385 et
740 357 848 385 anima
862 363 938 383 una.
954 353 992 382 Et
1027 352 1170 381 oblatum
1192 354 1241 384 est
1255 361 1273 383 a
1287 355 1374 394 Deo,
1392 356 1420 386 si
1441 357 1716 394 praevaricatorem

300 399 368 438 ipsa
384 401 446 439 est,
460 409 555 439 quam
569 400 662 430 modo
678 400 796 430 fatetur
811 408 844 429 se
859 398 994 428 minime
1026 399 1181 435 populum
1205 399 1306 430 vellet
1333 400 1515 440 dimittere,
1546 403 1579 432 et
1603 402 1719 433 divinae

299 446 487 485 custodisse,
500 446 556 476 sed
566 454 629 475 non
639 445 679 475 ad
690 442 993 482 insipientiamsibi.
1027 450 1190 480 exponere
1211 445 1350 483 ultioni,
1373 445 1479 484 ipsum
1498 447 1630 485 quidem
1650 448 1719 478 fieri

298 490 362 520 Nec
377 492 464 521 enim
484 492 530 520 ita
555 491 630 520 inde
651 491 761 519 evulsa
787 489 821 518 in
843 496 997 527 persecu-
1025 490 1167 526 possein
1181 490 1312 527 gentem
1327 499 1474 528 magnam
1493 501 1502 522 z
1519 493 1576 522 sed
1590 493 1647 522 ille
1668 501 1721 523 re-

297 535 386 566 tione
401 536 479 574 fuit,
492 537 528 565 ut
542 544 606 565 non
619 535 697 564 alibi
712 534 914 571 plantaretur
925 555 934 571 ,
949 534 996 563 at-
1026 534 1107 564 nuit.
1123 535 1248 572 Quare?
1263 536 1309 565 Ob
1321 536 1453 566 nimiam
1466 538 1611 576 profecto
1623 538 1723 568 dilec-

297 589 360 618 que
382 582 455 611 aliis
474 581 636 610 locaretur
652 579 800 617 agricolis
812 601 821 617 ,
844 579 901 617 qui
922 579 996 609 red·
1009 568 1011 589 ¹
1026 580 1148 609 tionem
1163 602 1173 618 ‚
1189 589 1251 619 qua
1268 582 1317 611 illi
1332 581 1461 612 fortiter
1476 583 1648 613 devinctus
1663 592 1725 622 po·-

297 624 374 654 dant
393 626 514 654 fructus
529 625 598 661 ejus
614 623 812 661 temporibus
831 623 908 653 suis.
928 624 996 653 Non
1009 659 1011 664 Ι
1025 626 1100 662 pulo
1113 626 1304 665 tenebatur3
1322 626 1355 657 et
1369 627 1521 665 quoniam
1536 637 1601 658 non
1611 629 1720 667 requi-

298 679 437 707 prorsus,
448 679 511 700 non
522 670 633 709 periit,
649 670 705 699 sed
717 670 867 708 migravit
877 678 886 708 3
896 670 994 700 etiam
1025 670 1117 700 rebat
1129 679 1200 708 quae
1217 680 1274 701 sua
1295 673 1387 710 sunt,
1400 673 1457 702 sed
1471 673 1533 703 Dei
1547 674 1718 712 honorem;

297 716 401 745 crevit
416 717 449 745 et
463 716 595 745 dilatata
609 717 672 753 est,
689 716 853 753 tamquam
874 715 926 744 cui
939 714 995 745 he·
1008 706 1011 764 ξ
1025 716 1057 745 et
1073 723 1139 745 non
1154 717 1239 754 quod
1264 718 1326 746 sibi
1342 718 1424 748 utile
1446 718 1531 748 foret
1542 739 1552 756 ,
1566 718 1624 749 sed
1637 719 1725 757 quod

297 761 426 791 nedixit
441 762 607 790 Dominus.
633 762 781 798 Denique
796 761 869 790 leva
885 761 994 790 oculos
1008 768 1011 781 ·
1024 760 1145 789 multis.
1158 762 1195 790 Et
1207 761 1262 790 ille
1274 762 1406 799 quidem
1421 762 1478 792 sic.

297 809 388 844 tuos,
406 807 439 836 et
453 807 527 836 vide
545 807 571 836 si
585 815 649 836 non
662 808 780 845 operuit
794 808 910 836 montes
924 794 1011 843 itm-l
1063 805 1093 834 5.
1106 806 1167 843 Ego
1180 807 1288 835 autem
1306 807 1440 836 consilio
1455 806 1622 837 secretiori
1643 808 1723 846 puto

298 852 354 882 bra
371 853 453 890 ejus,
469 855 497 882 et
522 852 650 881 arbusta
665 853 728 889 ejus
743 853 846 882 cedros
866 853 941 890 Dei3
967 852 993 881 si
1007 848 1011 904 ξ
1025 849 1086 879 hoc
1108 859 1226 881 munus
1242 852 1400 882 divinitus
1414 860 1472 890 pro
1495 852 1545 882 sui
1560 852 1723 890 magnitu-

296 904 359 925 non
372 897 506 926 extendit
514 896 656 933 palmites
663 904 733 924 suos
744 897 884 932 usquead
895 904 994 933 mare,
1008 914 1011 934 :
1025 895 1099 925 dine
1121 898 1285 926 servatum
1300 905 1423 935 sponsae
1434 919 1443 935 ,
1464 898 1501 928 ut
1515 898 1585 936 ipsa
1601 897 1721 935 potius,

296 943 323 970 ct
338 951 430 978 usque
447 942 486 969 (ul
500 941 611 976 fluinen
626 940 810 977 propaqines
834 940 909 976 ejus.
930 941 995 969 Nec
1008 942 1012 963 ¹
1026 940 1058 968 et
1071 948 1136 968 non
1159 940 1302 978 Moyses,
1326 941 1512 970 mitteretur
1533 942 1569 970 in
1592 942 1720 979 gentem

297 985 426 1021 mirum,
442 985 500 1014 Dei
512 985 591 1012 enim
608 984 766 1019 (edificatio
777 985 832 1019 est,
844 984 903 1013 Dei
914 986 996 1021 agri·
1009 977 1014 1017 Ι
1026 991 1183 1020 magnam.
1208 985 1277 1014 Non
1293 986 1380 1014 enim
1401 986 1568 1024 oportebat
1582 986 1720 1015 amicum

295 1030 416 1058 <altura
432 1030 485 1058 est.
502 1029 572 1066 Ipse
587 1027 771 1064 foecundat,
794 1027 864 1065 ipse
879 1036 996 1066 propa-
1008 1018 1012 1076 Ι
1026 1029 1133 1066 sponsi
1169 1030 1345 1067 praeripere
1372 1038 1495 1067 sponsae
1520 1030 1723 1060 benedictio-

296 1075 366 1112 gat,
380 1074 448 1111 ipse
471 1074 563 1111 putat
579 1074 611 1102 et
626 1072 740 1110 purgat
759 1080 842 1110 eam,
855 1075 889 1103 ut
913 1073 996 1111 fruc-
1009 1077 1014 1133 ι
1025 1082 1117 1111 nem3
1132 1074 1165 1103 et
1178 1076 1350 1112 propterea
1361 1083 1426 1104 non
1440 1075 1572 1112 quidem
1586 1076 1721 1114 Moyses,

297 1122 360 1149 inm
370 1121 438 1158 plus
449 1120 569 1155 afferat.
589 1118 724 1155 Quando
735 1126 854 1156 nempe
872 1127 929 1148 sua
941 1119 996 1149 de-
1009 1136 1012 1153 ,
1025 1119 1082 1149 sed
1096 1127 1178 1149 nova
1187 1127 1315 1158 sponsa,
1328 1119 1380 1149 cui
1392 1120 1524 1158 dicitur,
1536 1122 1580 1150 lte
1590 1122 1623 1150 in
1633 1130 1722 1151 mm»-

297 1166 449 1195 stitueret
457 1173 533 1194 cura
545 1165 598 1194 vel
610 1172 720 1202 opera,
733 1172 827 1202 quam
837 1165 996 1202 plantavit

297 1211 433 1241 dextera
449 1210 540 1247 ejus?
554 1211 621 1240 Non
646 1210 741 1247 plane
766 1209 917 1239 habenda
937 1219 996 1241 ne-

296 1257 418 1294 glectui
432 1278 441 1293 ,
454 1257 488 1285 in
503 1264 567 1294 qua
588 1255 731 1293 Apostoli
753 1256 916 1293 palmites,
932 1257 996 1286 Do-

296 1303 406 1332 minus
424 1302 519 1340 vitis,
535 1304 568 1332 et
588 1302 681 1331 Pater
696 1301 765 1338 ejus
780 1302 918 1338 agricola
934 1304 993 1332 est.

297 1349 334 1378 ln
348 1348 410 1378 fide
426 1348 594 1386 plantata,
620 1347 655 1377 in
670 1347 804 1377 caritate
827 1348 930 1378 mittit
944 1357 996 1378 ra-

297 1394 402 1431 dices,
417 1393 541 1423 defossa
557 1394 681 1422 sarculo
697 1393 876 1430 disciplinae
889 1416 898 1431 ,
915 1394 996 1424 ster-

296 1441 405 1469 corata
432 1439 663 1477 poenitentium
691 1439 864 1476 lacrymis,
893 1440 995 1477 rigata

295 1484 544 1522 praedicantium
558 1484 667 1512 verbis
684 1492 691 1512 :
709 1484 741 1512 et
757 1484 802 1512 sic
817 1492 893 1513 sane
913 1493 995 1515 exu-

296 1528 413 1558 berans
428 1529 516 1565 vino,
532 1528 565 1557 in
577 1536 639 1566 quo
656 1528 704 1557 est
720 1528 844 1566 laetitia,
860 1529 916 1558 sed
931 1539 993 1561 non

296 1575 443 1611 luxuria3
463 1575 539 1603 vino
554 1574 652 1604 totius
669 1574 839 1604 suavitatis
851 1597 859 1612 ,
873 1576 994 1606 nullius

296 1619 454 1649 lihidinis.
472 1620 537 1649 Hoc
553 1621 640 1649 certe
653 1620 768 1649 vinum
783 1620 925 1650 laetificat
941 1630 994 1651 cor

297 1665 452 1701 hominis,
475 1665 536 1693 hoc
549 1665 672 1694 constat
683 1666 717 1694 et
730 1666 865 1701 Angelos
881 1666 993 1697 bibere

296 1719 367 1739 vum
389 1710 514 1740 laetitia.
538 1710 688 1748 Denique
705 1710 847 1748 gaudent
868 1711 902 1740 in
918 1720 995 1742 con-

296 1756 443 1785 versione
470 1756 503 1785 et
535 1755 729 1793 poenitentia
763 1757 970 1794 peccatorum
984 1780 993 1796 ,

295 1801 432 1830 >alutem
455 1800 625 1828 hominum
648 1800 808 1829 sitientes,
830 1801 994 1839 Lacrymae

296 1845 525 1882 poenitentium
549 1845 662 1874 vinum
688 1853 799 1875 eorum
813 1867 822 1883 ,
847 1847 933 1884 quod
961 1848 995 1877 in

295 1891 358 1920 illis
373 1891 448 1920 vitae
461 1890 556 1927 odor,
573 1899 667 1927 sapor
682 1892 792 1928 gratiae
810 1891 871 1928 sit,
888 1891 996 1922 indul-

294 1936 411 1973 gentiae
427 1936 556 1974 gustus,
581 1936 856 1965 reconciliationis
876 1937 995 1973 jucun-

294 1982 389 2019 ditas,
405 1982 524 2011 sanitas
540 1982 707 2011 redeuntis
722 1982 929 2022 innocentiae,
946 1992 995 2014 se-

295 2029 414 2057 renatae
426 2027 567 2057 suavitas
577 2028 792 2057 conscientiae.

335 2072 366 2102 li.
383 2074 462 2110 Ergo
478 2081 517 2101 ex
532 2073 588 2102 illa
600 2081 664 2102 una
675 2073 888 2112 vinea,quam
901 2083 994 2105 saevae

295 2118 530 2156 persecutionis
541 2119 610 2148 visa
621 2120 667 2148 est
680 2118 840 2149 delevisse
852 2121 996 2159 tempes-

294 2166 353 2200 tas,
365 2164 492 2201 quantae
506 2164 539 2193 in
551 2164 703 2193 universa
718 2165 803 2194 terra
814 2167 1010 2203 propagatae.

294 2208 530 2238 refloruerunt?
554 2210 592 2239 Et
607 2210 641 2238 in
659 2209 709 2239 his
725 2210 873 2240 omnibus
889 2213 994 2241 custos
1008 2199 1012 2223 ι

1025 1167 1098 1196 (lum
1120 1167 1314 1201 universum,
1337 1167 1501 1203 proedicate
1524 1167 1722 1205 Evanqelz’um

1026 1212 1111 1240 omni
1123 1213 1291 1249 creatur-1123
1315 1210 1404 1248 ipsa,
1427 1211 1557 1249 inquam
1569 1233 1579 1249 ,
1594 1220 1725 1249 prorsus

1029 1257 1123 1286 missa
1136 1257 1185 1286 est
1204 1256 1239 1285 in
1261 1257 1391 1294 gentem
1407 1264 1566 1294 magnam.
1581 1258 1662 1287 Num
1686 1258 1720 1290 in

1028 1302 1182 1339 majorem
1206 1302 1332 1340 potuit,
1353 1310 1449 1340 quam
1471 1302 1505 1332 in
1525 1303 1721 1333 universita-

1028 1347 1114 1377 tem?
1134 1349 1172 1378 Et
1197 1348 1292 1378 facile
1314 1348 1510 1377 universitas
1530 1348 1626 1378 cessit
1646 1351 1724 1387 por-⁸

1027 1394 1107 1423 tanti
1121 1402 1247 1432 pacem,
1259 1394 1394 1431 gratiam
1410 1393 1567 1423 offerenti.
1582 1393 1643 1423 Sed
1654 1402 1726 1423 nonv

1025 1439 1108 1469 sicut
1123 1440 1223 1477 gratia
1236 1461 1244 1476 ,
1260 1439 1305 1468 ita
1322 1440 1355 1469 et
1366 1440 1433 1468 lex.
1454 1439 1556 1476 Quam
1572 1439 1723 1469 dissimili

1028 1484 1121 1513 vultu
1142 1484 1183 1513 ad
1206 1492 1334 1513 omnem
1351 1483 1581 1513 conscientiam
1597 1492 1630 1513 se
1645 1483 1722 1513 offe-

1027 1530 1099 1559 runt
1111 1529 1254 1559 suavitas
1267 1529 1376 1566 liujus,
1389 1531 1421 1559 et
1433 1529 1522 1558 illius
1534 1528 1722 1559 austeritas?

1025 1575 1101 1612 Quis
1126 1583 1202 1604 sane
1219 1583 1261 1604 ex
1281 1582 1373 1612 aequo
1395 1574 1550 1612 respiciat
1572 1574 1722 1604 condem-

1028 1623 1154 1652 nantem
1178 1623 1211 1651 et
1237 1623 1476 1658 consolantem,
1497 1622 1721 1659 reposcentem

1026 1670 1057 1697 et
1073 1669 1306 1706 ignoscentem,
1321 1669 1520 1705 plectentem
1537 1668 1569 1696 et
1580 1668 1723 1705 amplec-

1028 1712 1171 1742 tentem?
1182 1713 1249 1742 Non
1261 1713 1331 1750 pari
1344 1712 1487 1749 protecto
1500 1713 1722 1749 acceptabitur

1027 1758 1097 1787 voto
1113 1757 1227 1786 umbra
1240 1759 1271 1786 et
1284 1758 1354 1793 lux,
1370 1757 1417 1786 ira
1430 1756 1463 1785 et
1474 1765 1550 1794 pax,
1564 1756 1721 1793 judicium

1025 1804 1055 1832 et
1069 1801 1304 1839 misericordia,
1320 1802 1420 1839 figura
1436 1802 1470 1831 et
1484 1801 1616 1838 veritaS,
1631 1802 1721 1840 virga

1026 1848 1057 1876 et
1073 1846 1259 1882 haereditas,
1277 1846 1407 1875 frenum
1423 1847 1455 1876 et
1471 1847 1627 1876 osculum.
1644 1847 1721 1876 Gra-

1027 1900 1082 1921 ves
1110 1891 1252 1929 denique
1280 1891 1381 1929 Moysi
1419 1899 1533 1920 manus
1546 1913 1555 1929 ,
1584 1891 1719 1921 testibus

1025 1938 1129 1967 Aaron
1146 1939 1179 1967 et
1194 1938 1280 1974 Hurg
1297 1945 1394 1975 grave
1410 1937 1504 1974 Legis
1517 1937 1640 1975 jugum,
1656 1937 1719 1966 tes—

1026 1983 1110 2012 tibus
1125 1982 1205 2020 ipsis
1219 1982 1390 2020 Apostolis,
1403 1982 1459 2020 qui
1475 1982 1535 2011 hoc
1550 1982 1582 2011 et
1595 1981 1670 2019 sihi,
1687 1983 1719 2011 et

1024 2028 1170 2067 patribus
1192 2027 1399 2066 importabile
1425 2026 1607 2064 clamitant3
1623 2035 1718 2065 grave

1022 2075 1148 2112 jugum,
1161 2075 1194 2104 et
1205 2075 1270 2103 vile
1283 2074 1452 2112 praemium
1466 2081 1474 2102 t
1487 2081 1563 2103 nam
1573 2073 1659 2102 terra
1673 2074 1720 2102 est

1025 2120 1059 2148 in
1074 2119 1296 2157 promissione.
1313 2119 1372 2148 Pro
1387 2117 1574 2155 hujusmodi
1589 2125 1654 2147 non
1670 2118 1718 2148 est

1024 2165 1145 2202 Moyses
1159 2165 1275 2194 missus
1291 2165 1324 2193 in
1339 2163 1470 2201 gentem
1485 2171 1645 2200 magnam.
1657 2164 1720 2193 Ve-

1024 2218 1096 2238 rum
1111 2210 1159 2246 tu,
1176 2210 1280 2239 mater
1294 2209 1454 2246 Ecclesia,
1470 2208 1717 2246 promissionem

294 2254 398 2291 posita
420 2263 535 2292 sponsa
551 2256 615 2291 est,
632 2256 747 2284 utnon
769 2254 1146 2305 contristetur-„habens
1166 2254 1243 2284 vitae
1258 2262 1328 2292 quae
1349 2261 1438 2283 nunc
1459 2254 1510 2283 est
1532 2254 1567 2282 et
1587 2253 1725 2290 futurae,

293 2299 380 2337 quod
403 2299 539 2336 primam
561 2300 692 2329 vineam
713 2308 776 2329 non
803 2300 990 2331 custodivit.
1008 2299 1118 2332 .facile
1139 2301 1175 2329 in
1199 2300 1321 2338 duplici
1337 2299 1439 2338 gratia
1451 2299 1579 2331 obtines
1593 2299 1633 2329 ab
1647 2298 1724 2329 uni-⁷

293 2344 475 2381 consolare,
487 2344 552 2373 [ilia
562 2344 637 2374 Sion
652 2354 662 2374 ε
677 2344 702 2374 si
712 2344 837 2375 caecitas
851 2353 889 2374 ex
901 2346 992 2383 parte.
1006 2339 1010 2367 ἶ

294 2389 430 2428 contigit
444 2389 478 2418 in
502 2390 617 2427 Israel,
633 2390 712 2428 quid
731 2391 766 2419 tu
789 2390 919 2428 perdis'!>
936 2392 992 2420 Mi-

294 2444 365 2464 rare
377 2435 565 2472 mysterium
575 2457 584 2473 ,
600 2436 633 2465 et
646 2436 713 2465 noli
729 2437 880 2474 plangere
893 2436 992 2467 detri-

294 2480 458 2517 mentum3
475 2479 573 2509 dilata
588 2480 693 2510 sinum
707 2502 716 2518 ,
732 2481 764 2510 et
781 2481 895 2519 collige
918 2482 991 2520 ple-

293 2525 477 2554 nitudinem
514 2525 671 2562 gentium.
710 2525 771 2555 Dic
803 2526 990 2557 civitatibus

292 2571 308 2598 J
315 2570 394 2608 udse,
413 2571 506 2601 Vobis
517 2571 672 2609 oportebat
682 2572 816 2610 primum
828 2572 911 2610 loqui
921 2582 989 2602 ver-

294 2616 362 2644 bnm
380 2618 438 2645 Dei
455 2627 463 2645 :
487 2617 538 2646 sed
558 2618 704 2655 quoniam
725 2618 877 2656 repulistis
891 2619 965 2648 illud
979 2641 988 2655 ,

293 2663 319 2690 <i
342 2662 370 2689 in
385 2662 478 2700 'syrios
505 2671 554 2691 vos
575 2662 731 2700 judifflstis*
759 2665 880 2694 oecernoe
904 2665 987 2702 riloe,

1023 2345 1124 2376 versis
1133 2346 1164 2376 te
1176 2345 1292 2384 recipi,
1301 2345 1334 2375 et
1344 2344 1599 2383 propterj'ugum
1610 2351 1719 2381 suave,

1024 2392 1056 2421 et
1078 2391 1210 2430 propter
1230 2398 1367 2429 regnum
1392 2390 1542 2421 sublime.
1563 2389 1656 2420 Pulsa
1677 2388 1716 2418 de

1024 2437 1168 2474 civitate,
1185 2436 1224 2466 ab
1234 2435 1448 2466 universitate
1461 2434 1717 2473 exciperis,dum

1023 2482 1068 2513 sic
1094 2483 1248 2521 provocat
1271 2481 1356 2520 quod
1380 2478 1561 2520 promittis,
1576 2481 1614 2510 ut
1633 2479 1717 2517 quod

1024 2528 1164 2567 imponis
1180 2536 1245 2558 non
1260 2528 1393 2557 terreat.
1405 2525 1489 2564 Quid
1505 2526 1607 2555 adhuc
1621 2523 1716 2553 unius

1024 2575 1126 2604 vineae
1138 2574 1266 2612 plangis
1280 2573 1444 2610 damnum,
1457 2571 1541 2610 quod
1550 2569 1640 2600 tanto
1654 2568 1714 2597 tibi

1025 2620 1146 2649 foenore
1163 2619 1404 2657 compensatum
1416 2615 1482 2646 est?
1501 2615 1559 2643 Pro
1574 2621 1611 2643 eo
1629 2612 1714 2651 quod

1025 2665 1113 2695 suisti
1131 2664 1302 2701 derelicta,
1320 2664 1351 2693 et
1367 2662 1437 2690 odio
1452 2659 1559 2689 habita
1574 2679 1582 2696 ,
1604 2658 1636 2687 et
1651 2664 1721 2686 non
