1810 3073
523 242 569 269 m
593 237 800 269 CANTch
820 235 973 264 SERMO
994 235 1073 264 X11.

87 307 219 338 corpore
230 297 349 337 legitur
363 296 462 327 fuisse
478 295 645 326 diffusum.
657 292 721 323 Sed
734 291 788 321 de-

87 346 194 376 subito
208 341 424 374 introducitur
432 340 551 370 mulier
560 362 569 377 ,
580 347 646 369 uno
655 337 787 377 quidem

89 392 122 420 in
147 391 216 420 loco
241 388 389 418 osculans
414 386 534 424 pedes,
565 386 599 415 et
620 384 787 422 unguento

87 440 211 472 ungens
226 441 234 461 z
248 432 282 461 in
294 432 395 461 altero
407 439 485 460 vero
501 430 555 460 vel
570 429 659 468 ipsa,
674 428 729 458 vel
743 426 788 456 al-

86 479 177 515 tera,
192 478 315 507 habens
336 476 534 506 alabastrum
558 472 737 513 unguenti,
754 472 787 502 et

86 523 169 553 illud
181 523 315 552 mittens
330 521 364 550 in
380 521 488 559 caput.
511 520 669 550 Caeterum
681 525 785 553 nunc,

85 570 236 604 emerunt,
253 568 315 604 ait,
329 569 473 597 aromata
486 568 520 595 ut
530 566 679 596 venientes
693 572 787 602 unqe—

86 615 155 643 rent
175 614 290 644 Iesum.
307 612 423 641 Emunt
438 619 501 640 nou
516 610 680 646 unguenta
693 629 703 645 ,
731 607 785 637 sed

86 659 228 688 aromata
245 665 252 687 :
269 658 302 687 et
322 656 432 686 unctio
455 655 488 684 in
513 654 704 692 obsequium
723 654 787 682 Do-

87 704 169 734 »nini
193 712 258 733 non
284 703 368 732 facta
402 699 596 737 assumitur,
619 699 677 730 sed
703 707 786 729 nova

88 750 258 782 conficitur
280 758 289 778 t
308 757 369 778 nec
394 747 434 777 ad
456 746 639 784 ungendam
659 745 786 775 tantuin

87 797 229 834 aliquam
245 793 385 832 corporis
409 793 536 831 partem
550 814 559 829 ,
575 791 672 821 verbi
681 791 786 829 gratia

86 841 186 880 pedes
196 840 252 869 aut
261 838 378 877 caput3
394 837 450 868 sed
462 837 546 866 sicut
554 836 712 874 scriptum
725 836 785 872 est,

88 887 126 917 Ut
144 887 294 916 vementes
315 884 463 922 ungerent
482 884 599 912 Iesum.
621 881 713 919 Quod
739 882 786 911 est

85 931 185 962 totius
199 929 385 968 complexio
395 950 405 965 ‚
417 936 483 958 non
494 928 594 966 partis
606 928 785 958 distinctio.

126 977 156 1007 7.
169 977 216 1006 Tu
227 984 355 1014 quoque
372 975 397 1004 si
414 976 445 1004 te
459 974 573 1004 induas
589 974 713 1004 viscera
726 974 788 1002 mi-

86 1022 270 1054 sericordiae
283 1043 292 1059 ‚
330 1020 504 1050 liberalem
545 1019 786 1057 benignumque

86 1067 263 1104 exhibeas,
279 1073 344 1096 non
358 1065 486 1094 tantum
506 1065 696 1102 parentibus
719 1065 787 1093 sive

86 1113 230 1151 cognatis
244 1112 329 1148 tuis,
353 1111 408 1140 aut
427 1118 506 1148 quos
526 1110 586 1139 tibi
607 1110 660 1139 vel
689 1110 790 1139 bene-

86 1160 225 1189 factores
236 1160 329 1188 tenes
340 1178 349 1193 ,
358 1157 412 1186 vel
427 1155 654 1185 benefacturos
666 1164 787 1193 speras,

85 1213 161 1234 nam
177 1205 209 1233 et
227 1202 352 1233 ethnici
369 1203 429 1231 hoc
445 1201 587 1238 faciunt3
603 1201 678 1239 sed,
693 1201 788 1238 juxta

86 1249 178 1280 Pauli
187 1249 359 1279 consilium
369 1268 378 1284 ,
387 1246 517 1277 studeas
526 1247 654 1284 operari
669 1247 788 1276 bonurn

87 1297 128 1326 ad
154 1304 283 1331 omnes,
309 1294 355 1324 ita
378 1294 415 1324 ut
439 1294 571 1332 propter
596 1293 700 1322 Deum
728 1301 787 1322 nec

86 1342 220 1371 inimico
232 1340 373 1370 osticium
389 1338 600 1369 humanitatis
624 1339 787 1376 corporale

87 1395 147 1417 seu
173 1386 345 1425 spirituale
367 1384 570 1422 negandum,
593 1384 788 1414 subtrahen-

87 1433 208 1462 dumve
230 1431 400 1461 existimes
423 1439 431 1459 τ
457 1429 582 1460 constat
605 1430 638 1459 te
660 1438 787 1468 quoque

87 1478 252 1508 abundare
265 1477 441 1515 unguentis
456 1475 599 1514 optimis,
613 1484 673 1505 nec
690 1476 787 1513 caput

87 1524 144 1553 aut
156 1523 256 1562 pedes
272 1523 403 1552 Domini
414 1524 541 1552 tantum
552 1544 561 1559 ,
578 1522 635 1551 sed
649 1522 786 1560 passim,

87 1570 245 1608 quantum
267 1569 301 1599 in
322 1571 355 1600 te
379 1570 446 1606 est,
462 1577 585 1607 ungere
609 1569 787 1607 suscepisse

86 1616 191 1644 lotum
223 1623 354 1653 corpus,
381 1614 466 1652 quod
499 1615 548 1643 est
568 1614 723 1643 Ecclesia.
751 1615 787 1644 Et

87 1661 168 1690 torte
179 1660 314 1699 proinde
330 1660 369 1690 ob
386 1660 445 1689 hoc
461 1660 616 1689 Dominus
627 1659 720 1689 Jesus
733 1668 789 1698 pa-

86 1706 192 1735 ratam
204 1705 266 1735 sibi
276 1705 513 1735 coniectionem
529 1705 671 1743 expendi
683 1705 786 1734 noluit

87 1752 121 1780 in
148 1759 206 1781 suo
231 1758 364 1788 corpore
396 1751 524 1780 mortuo
536 1772 544 1787 ‚
571 1751 609 1780 ut
642 1752 787 1780 servaret

85 1795 174 1826 vivo.
190 1796 280 1825 Vivit
296 1795 383 1825 enim
399 1796 540 1825 Ecclesia
551 1817 560 1833 ,
573 1804 644 1834 quae
656 1796 789 1826 mandu-

87 1842 139 1870 cat
151 1849 269 1880 panem
282 1842 393 1871 vivum
404 1864 412 1879 ,
429 1842 485 1880 qui
501 1841 539 1871 de
557 1842 637 1872 coelo
654 1842 790 1872 descen-

87 1887 145 1916 dit.
163 1888 234 1925 Ipsa
247 1888 295 1917 est
311 1888 417 1917 carius
433 1896 548 1925 corpus
563 1888 694 1926 Christi,
705 1890 787 1927 quod

87 1941 129 1962 ne
145 1933 282 1962 mortem
298 1933 460 1971 gustaret,
484 1933 581 1962 morti
602 1934 683 1963 illud
707 1936 788 1965 alte-

87 1986 158 2008 ruin
172 1978 327 2008 traditum
344 1978 442 2009 fuisse
465 1980 576 2010 nullus
590 1980 787 2011 Clu-istium<

86 2024 221 2061 ignorat.
238 2025 342 2061 ipsam
354 2025 430 2062 ungi
441 2047 449 2062 ,
464 2025 566 2063 ipsam
582 2025 684 2055 foveri
701 2027 789 2056 desi-

85 2069 196 2106 derat,
222 2070 324 2108 ipsius
358 2070 484 2100 infirma
518 2072 664 2101 membra
699 2074 784 2112 cupit

86 2114 238 2146 fomentis
261 2116 515 2147 accuratioribus
544 2118 699 2148 relevari.
722 2120 785 2158 Ipsi

86 2169 161 2199 ergo
176 2161 316 2199 pretiosa
333 2163 498 2200 unguenta
524 2164 687 2203 retinuit,
714 2174 785 2195 cum

85 2207 265 2245 anticipans
294 2208 404 2237 boram
416 2232 424 2247 ,
451 2210 484 2239 et
510 2210 694 2241 accelerans
719 2212 788 2250 glo-

85 2252 179 2290 riam,
191 2253 366 2283 mulierum
378 2254 584 2285 devotionem
598 2264 662 2286 non
677 2258 786 2295 elusit,

85 2298 144 2327 sed
160 2298 326 2328 instruxit.
337 2301 456 2330 Renuit
471 2302 560 2339 ungi,
570 2302 627 2332 sed
637 2311 786 2343 parcens,

86 2351 151 2374 non
160 2351 333 2382 spernens3
345 2353 409 2375 non
420 2355 570 2377 recusans
583 2348 786 2388 obsequium,

88 2389 146 2418 sed
179 2397 348 2420 reservans
380 2392 570 2429 proficuum.
606 2394 786 2425 Proficuum

86 2434 159 2464 dico
172 2456 181 2471 ,
197 2442 260 2463 non
277 2435 373 2472 hujus
392 2437 571 2467 materialis
593 2440 691 2477 atque
717 2449 788 2471 cor-

86 2479 206 2516 poralis
222 2480 398 2518 unguenti,
415 2481 471 2510 sed
483 2483 578 2520 plane
592 2484 787 2525 spiritualis,

88 2524 173 2562 quod
187 2524 219 2554 in
236 2524 295 2554 isto
312 2525 513 2564 designatum
524 2529 584 2558 est.
595 2530 629 2559 In
643 2530 703 2561 isto
713 2539 787 2570 ergo

88 2570 236 2608 pepercit
263 2571 414 2610 Magister
444 2573 576 2611 pietatis
613 2579 788 2614 unguentis

88 2617 220 2653 optimis
232 2617 380 2656 pietatis,
398 2627 469 2657 quae
484 2621 640 2652 membris
655 2622 721 2654 suis
735 2624 788 2654 in-

89 2661 275 2699 digentibus
289 2664 354 2694 tam
372 2666 703 2707 corporaliter,quain
720 2671 788 2710 spi-

1462 239 1516 268 {8¹

821 289 986 319 ritualiter
996 288 1129 318 omnino
1140 290 1276 327 cuperet
1287 289 1450 321 exhiberi.
1459 293 1521 322 De-

821 335 920 373 nique
935 335 1033 372 paulo
1058 335 1152 372 ante,
1175 343 1248 364 cum
1269 335 1303 364 in
1320 338 1417 374 caput
1432 338 1520 374 eJus,

821 381 878 410 aut
899 380 997 410 etiam
1010 379 1042 408 in
1058 379 1158 417 pedes
1173 379 1364 410 funderetur
1374 390 1521 420 unguen-

821 426 889 455 tum
901 447 911 463 ,
932 426 1104 463 ipsumque
1123 425 1201 456 satis
1215 426 1393 464 pretiosum
1405 449 1414 464 ,
1427 436 1523 457 num-

820 471 898 509 quid
914 470 1101 509 prohibuit?
1113 473 1214 501 Immo
1230 472 1262 501 et
1277 471 1402 502 obstitit
1413 473 1524 510 prohi-

820 518 985 547 bentibus.
1010 518 1090 547 Nam
1113 518 1146 548 et
1169 517 1292 547 Simoni
1320 517 1522 555 indignanti,

820 563 903 601 quod
919 572 952 593 se
968 564 1055 602 tangi
1070 572 1087 593 a
1102 563 1285 601 peccatrice
1301 563 1523 601 permitteret,

820 610 947 646 longam
966 609 1075 639 texuit
1101 609 1367 647 reprehensionis
1386 609 1524 647 parabo-

820 655 904 691 lam3
917 656 950 685 et
965 654 1038 684 aliis
1046 654 1266 692 perditionem
1275 654 1434 693 unguenti
1449 664 1526 685 cau·

820 701 967 730 santibus
981 700 1149 739 respondit
1157 722 1167 739 ,
1177 700 1290 731 dicens
1298 709 1308 729 τ
1318 702 1397 740 Quid
1407 702 1530 732 molesti

822 837 937 867 faciam
961 846 1151 876 excessum,
1170 847 1245 868 cum
1269 838 1418 868 sederem
1441 840 1523 869 mihi

821 883 860 912 ad
876 883 974 921 pedes
999 884 1076 913 Jesu
1091 891 1250 922 moerens,
1267 885 1300 914 et
1314 885 1452 915 offerens
1474 894 1525 915 sa—

821 929 980 959 crificium
993 930 1124 967 spiritus
1141 930 1352 960 contribulati
1368 930 1403 960 in
1416 940 1526 961 recor-

821 974 949 1004 datione
966 977 1173 1013 peccatorum
1185 984 1351 1014 meorum3
1368 978 1424 1007 aut
1435 980 1523 1009 certe

821 1020 860 1049 ad
875 1022 990 1059 caput,
1007 1020 1034 1051 si
1051 1021 1180 1060 quando
1193 1023 1247 1051 vel
1258 1030 1330 1052 raro
1346 1024 1477 1061 starem,
1491 1026 1525 1055 et

822 1067 1020 1096 exsultarem
1042 1067 1077 1097 in
1097 1067 1322 1098 recordatione
1348 1069 1525 1101 beneficio-

822 1120 893 1140 rum
909 1112 997 1150 ejus,
1011 1113 1121 1142 audivi
1135 1113 1281 1144 dicentes
1294 1123 1302 1143 ε
1319 1116 1355 1145 Ut
1371 1117 1441 1154 quid
1454 1127 1525 1155 per-

821 1159 892 1187 (litio
909 1158 991 1188 hoec?
1003 1160 1177 1189 causantes
1191 1160 1348 1191 videlicet
1363 1162 1449 1199 quod
1464 1165 1524 1193 soli

821 1203 968 1233 viverem
984 1205 1064 1234 mihi
1076 1227 1084 1243 ,
1097 1205 1165 1243 qui,
1178 1207 1214 1236 ut
1228 1206 1398 1246 putabant,
1411 1210 1524 1240 multis

821 1249 972 1286 prodesse
993 1258 1133 1288 possem.
1149 1251 1189 1280 Et
1210 1251 1364 1281 dicebant
1386 1261 1394 1282 ε
1418 1255 1524 1286 Potuit

821 1296 901 1324 enim
921 1297 1105 1326 venumdari
1121 1297 1216 1326 mullo
1225 1318 1236 1333 ‚
1251 1299 1279 1327 et
1293 1299 1366 1328 dari
1377 1303 1523 1338 pauperi-

823 1339 888 1370 bus.
911 1340 975 1370 Sed
998 1349 1063 1370 nnn
1083 1341 1205 1371 bonum
1232 1344 1412 1373 mercatum
1440 1346 1523 1376 milii

823 1386 870 1415 est
878 1408 887 1423 ,
897 1386 1025 1416 etiamsi
1035 1387 1226 1417 universum
1235 1388 1392 1417 mundum
1404 1390 1522 1429 lucrer,

823 1431 981 1469 meipsum
994 1432 1131 1470 perdere
1141 1455 1150 1470 ,
1163 1433 1196 1462 et
1208 1433 1442 1464 detrimentum
1457 1437 1522 1467 mei

822 1476 1040 1508 facere.Unde
1057 1477 1245 1517 intelligens
1260 1479 1359 1509 verba
1372 1480 1441 1511 liaec
1451 1481 1524 1513 illas

822 1531 890 1553 esse
904 1545 912 1561 ,
929 1532 1008 1562 quas
1032 1524 1200 1563 Scriptura
1217 1525 1378 1564 loquitur,
1396 1535 1523 1558 muscas

821 1569 1009 1607 morituras,
1039 1579 1114 1615 quael
1150 1570 1293 1609 perdunt
1327 1573 1523 1604 suavitatem

822 1616 995 1654 unguenti3
1013 1615 1199 1646 recordatus
1215 1625 1285 1646 suin
1301 1616 1420 1648 divinae
1434 1620 1524 1651 illius

821 1661 992 1691 sententiae
1009 1671 1016 1691 :
1034 1663 1150 1701 Popule
1164 1671 1267 1699 incus,
1284 1664 1338 1701 qui
1363 1666 1389 1694 te
1405 1665 1522 1704 beatifi-

822 1708 909 1743 cant,
936 1708 968 1737 in
991 1717 1126 1737 errorem
1147 1709 1306 1739 inducunt.
1322 1710 1445 1740 Verum
1466 1720 1524 1743 au-

823 1753 914 1782 diant
929 1757 1138 1783 excusantem
1150 1754 1335 1792 Dominum,
1351 1757 1384 1786 et
1395 1765 1522 1795 respon-

823 1798 955 1828 dentem
976 1807 1034 1837 pro
1055 1808 1128 1838 me,
1147 1800 1203 1838 qui
1220 1809 1273 1830 me
1285 1802 1377 1839 quasi
1400 1802 1440 1833 de
1456 1805 1522 1834 otio

823 1844 970 1874 incusant
992 1852 1000 1873 :
1028 1845 1105 1882 Quid
1117 1866 1127 1882 ‚
1157 1845 1282 1883 inquit,
1309 1848 1428 1878 molesti
1452 1852 1524 1881 estis

822 1889 891 1919 huic
912 1889 1057 1920 mulieri?
1074 1890 1160 1928 quod
1187 1891 1251 1928 est,
1268 1892 1330 1921 Vos
1350 1892 1470 1924 videtis
1488 1895 1523 1925 iu

822 1935 922 1974 facie,
951 1937 983 1966 et
1003 1936 1077 1966 ideo
1097 1937 1273 1967 secundum
1296 1938 1414 1969 faciem
1432 1940 1524 1978 judi·
1543 1965 1545 1974 .=

822 1982 912 2012 catis.
929 1983 998 2012 Non
1015 1983 1063 2012 est
1077 1983 1147 2021 vir,
1161 1984 1339 2023 utputatis,
1352 1986 1407 2024 qui
1422 1989 1525 2025 possit

821 2029 953 2058 mittere
969 2037 1100 2058 manum
1120 2030 1161 2059 ad
1178 2029 1292 2069 fortia,
1314 2031 1372 2061 sed
1392 2033 1523 2064 mulier.

821 2075 905 2112 Quid
927 2074 1062 2105 tentatis
1080 2075 1110 2105 ei
1136 2076 1304 2114 imponere
1323 2077 1460 2117 jugum,
1483 2081 1522 2110 ad

822 2120 907 2158 quod
923 2129 980 2159 ego
1008 2129 1082 2151 eum
1104 2121 1212 2151 miiius
1235 2122 1454 2154 sufficientem
1470 2125 1524 2155 in-

822 2167 942 2196 tueor?
960 2168 1084 2197 Bonum
1109 2176 1190 2206 opus
1215 2169 1368 2206 operatur
1394 2170 1428 2200 in
1457 2174 1523 2203 m'c.

803 2234 807 2374 Ι
821 2212 891 2242 Stet
906 2213 939 2242 in
954 2213 1038 2243 bono
1049 2235 1057 2251 ,
1074 2214 1230 2252 quamdiu
1246 2223 1309 2244 non
1327 2217 1524 2248 convalescit

819 747 888 776 estis
903 746 972 776 hm'c
994 746 1139 776 mulieri?

860 792 891 821 8.
918 793 1166 831 Nonnumquam
1195 801 1272 831 ego,
1299 792 1339 823 ut
1359 793 1524 823 modicum

821 2259 861 2288 ad
882 2258 1012 2288 melius.
1041 2259 1074 2288 Si
1103 2260 1232 2298 quando
1261 2259 1301 2289 de
1324 2261 1464 2292 muliere
1491 2263 1524 2293 in

820 2304 927 2334 virum
937 2326 946 2343 ,
963 2305 997 2335 et
1011 2304 1119 2335 virum
1134 2304 1315 2343 perfectum
1330 2307 1524 2348 profecerit,

820 2351 942 2390 poterit
958 2352 992 2381 ct
1016 2352 1051 2381 in
1068 2360 1148 2390 opus
1162 2352 1376 2390 perfectionis
1390 2357 1524 2387 assumi.

861 2397 892 2427 9.
918 2398 1063 2435 Fratres,
1096 2406 1310 2428 revereamur
1338 2400 1524 2440 episcopos,

821 2443 878 2472 sed
888 2451 1062 2473 vereamur
1075 2443 1203 2474 labores
1217 2453 1341 2474 eorum.
1355 2445 1386 2475 Si
1398 2446 1524 2477 labores

821 2497 1011 2528 pensamus,
1040 2497 1105 2519 non
1144 2489 1336 2520 affectamus
1372 2491 1522 2522 honores.

821 2536 1035 2572 Agnoscamus
1047 2535 1186 2573 impares
1197 2535 1286 2565 vires
1299 2536 1422 2565 nostras
1431 2557 1440 2572 ,
1462 2543 1523 2566 nec

822 2580 965 2611 delectet
984 2582 1099 2611 molles
1125 2581 1158 2611 et
1187 2581 1345 2611 femineos
1371 2581 1525 2611 humeros

822 2626 967 2656 virorum
981 2635 1164 2666 supponere
1180 2625 1314 2657 sarcinis
1325 2634 1333 2663 3
1344 2633 1404 2655 nec
1417 2626 1527 2656 obscr-

822 2681 935 2703 vemus
952 2680 1004 2702 eos
1016 2695 1024 2710 ,
1046 2672 1102 2702 scd
1118 2673 1324 2702 honoremus.
1341 2670 1522 2702 inhumane
