1846 3078
529 206 574 234 IN
599 204 802 234 CANTICA
829 204 983 232 SERMO
1008 205 1061 233 LI.

87 256 199 293 timusss
221 261 390 293 Docnmun
409 257 601 290 auctoritate
629 260 779 296 patrum,

88 309 122 338 et
157 306 389 338 consuetudine
421 305 664 343 Scripturarum
707 312 781 334 con-

86 352 238 391 gruentes
251 352 290 382 de
305 351 402 381 rebus
416 351 500 381 notis
513 351 614 381 licere
630 345 782 381 similitu-

87 397 181 429 dines
192 405 366 436 usurpare3
382 397 440 427 sed
456 397 489 427 et
502 397 601 427 verba
617 404 680 426 non
699 404 781 426 nova

85 442 233 473 invenire
243 464 252 480 ,
287 442 344 472 sed
373 443 450 472 nota
471 442 635 480 mutuari,
665 442 783 480 quibus

86 487 182 527 digne
197 488 230 518 et
249 487 473 526 competenter
489 488 611 518 eaedem
633 487 783 516 similitu-

83 532 177 564 dines
197 533 387 563 vestiantur.
410 533 560 571 Alioquin
580 532 717 562 ridicule
734 531 783 569 ig-

82 579 158 609 nota
170 586 229 616 per
245 579 351 617 ignota
363 577 476 608 docere
491 578 669 608 conaberis.

124 623 156 653 8.
169 625 247 662 Ergo
254 625 329 662 quia
339 632 397 662 per
410 624 562 653 dextrum
571 623 604 653 et
618 621 783 652 sinistrum

83 668 219 700 adversa
231 670 336 699 solent
345 670 441 707 atque
451 676 602 706 prospera
610 665 781 705 designari,

83 714 216 744 videtur
240 714 322 744 mihi
350 714 410 743 hoc
435 714 505 743 loco
530 711 670 749 intelligi
689 717 782 748 posse

83 759 191 790 loevam
209 760 340 798 quidem
358 758 476 796 Verbi,
498 756 782 787 comminationem

82 805 235 843 supplicii
243 813 252 842 3
261 806 403 834 dextram
411 811 488 833 vero
499 802 591 840 regni
600 800 784 840 promissio-

81 857 171 879 nem.
187 851 240 879 Est
260 850 369 879 autem
385 856 458 878 cum
479 856 571 878 mens
593 848 701 878 nostra
720 846 783 876 for-

80 894 207 924 midine
230 902 334 932 poenae
358 893 522 923 serviliter
542 893 726 932 premitur:
751 892 796 928 et,

80 939 158 969 tunc
172 947 376 977 nequaquam
391 939 446 969 sub
468 940 585 977 capite,
609 938 666 968 sed
686 946 784 977 super

83 985 181 1024 caput
194 986 276 1015 laeva
291 993 360 1014 esse
377 984 512 1014 dicenda
522 985 570 1014 est
586 993 593 1013 ε
607 992 667 1014 nec
679 984 784 1023 potest

82 1031 128 1061 sic
143 1031 258 1061 affecta
284 1030 391 1060 anima
412 1030 544 1060 omnino
560 1030 670 1060 dicere
682 1052 690 1067 ,
706 1030 783 1068 quia

82 1076 157 1106 loeva
172 1077 236 1114 ejas
251 1075 306 1106 snb
321 1077 418 1113 capite
433 1084 511 1105 meo.
525 1075 651 1104 Atvero
667 1074 694 1103 si
709 1082 784 1112 pro-

80 1121 194 1151 ficiens
208 1129 250 1151 ex
260 1121 320 1150 hoc
334 1120 452 1158 spiritu
467 1120 633 1150 servitutis
643 1119 784 1149 transie-

80 1167 125 1197 rit
136 1167 170 1196 in
185 1167 358 1205 quemdam
373 1166 543 1204 spontanei
555 1165 702 1203 obsequii
715 1165 784 1203 dig-

80 1212 207 1242 niorem
237 1212 387 1241 affectum
404 1233 412 1249 ,
441 1212 601 1249 quatenus
627 1211 784 1242 videlicet

79 1257 225 1296 praemiis
235 1257 343 1295 potius
357 1258 551 1295 provocetur
565 1265 662 1295 quam
681 1258 784 1287 arcte-

79 1304 134 1333 tur
142 1303 322 1342 suppliciis,
331 1303 431 1340 magis
441 1303 549 1332 autern
556 1303 580 1331 si
591 1311 698 1332 amore
707 1303 783 1332 boni

79 1348 182 1386 ipsius
198 1349 309 1386 agatur
323 1356 331 1377 z
345 1348 422 1377 tunc
435 1347 658 1377 indubitanter
674 1347 783 1378 dicere

79 1394 222 1432 poterit,
233 1393 310 1432 quia
332 1394 408 1423 loeva
429 1392 493 1430 ejus
511 1393 566 1423 sab
582 1395 678 1431 cape'te
695 1402 761 1423 meo
773 1403 798 1435 .·¹

79 1440 202 1477 quippe
217 1439 273 1477 qui
285 1438 379 1468 illum
394 1438 545 1468 servilem
560 1439 682 1468 metum
697 1460 705 1475 ,
727 1439 781 1476 qui

78 1484 115 1514 in
130 1485 260 1515 sinistra
275 1485 341 1522 est,
357 1484 485 1514 meliori
500 1484 597 1521 atque
621 1484 784 1514 excellen-

79 1529 155 1559 tiori
168 1529 360 1559 habitudine
373 1528 472 1558 animi
485 1529 658 1567 superarit,
669 1529 701 1558 et
713 1529 784 1566 dig·
796 1534 797 1539 ¹

78 1575 130 1604 nis
145 1575 316 1605 desideriis
338 1574 436 1604 etiam
457 1575 520 1612 ipsi
543 1564 797 1615 appropiaverit}

78 1621 223 1651 dexterae
235 1643 244 1659 ,
261 1621 295 1650 in
310 1628 371 1659 qua
384 1621 459 1650 sunt
473 1628 584 1649 omnes
599 1620 784 1658 promissio-

77 1673 154 1703 neS,
180 1665 310 1696 dicente
332 1665 492 1702 Propheta
516 1665 558 1694 ad
585 1665 757 1694 Dominum
774 1673 798 1699 :¹

77 1711 299 1741 Delectationes
317 1712 350 1740 in
368 1711 497 1739 dextera
518 1711 572 1739 tua
586 1719 679 1748 usqae
694 1711 725 1740 in
745 1710 797 1754 Ῑῐχ

77 1763 159 1785 nem.
175 1755 265 1785 Unde
288 1755 323 1785 et
345 1755 433 1785 certa
450 1762 507 1792 spe
530 1755 686 1792 concepta
710 1760 798 1793 cum}

78 1800 196 1831 fiducia
221 1800 364 1839 loquitur
381 1808 389 1830 ε
412 1801 454 1831 Et
474 1801 602 1831 dextera
628 1801 694 1840 ejas
714 1808 797 1831 ain-¹

75 1847 254 1885 pleaeabitur
268 1856 328 1876 me.

118 1892 149 1923 9.
164 1892 212 1922 Tu
230 1891 298 1929 jam
313 1899 443 1921 mecum
458 1890 581 1922 videris
592 1912 603 1928 ‚
619 1899 660 1921 an
677 1891 723 1922 ita
735 1891 797 1938 af‘z

77 1935 172 1967 fectae
186 1938 219 1967 et
233 1936 386 1966 assecutae
401 1936 487 1965 hunc
500 1936 597 1966 tantae
613 1937 782 1967 suavitatis
796 1940 797 1944 ’

77 1983 185 2013 locum
195 2004 204 2020 ,
216 1982 298 2012 illud
310 1990 437 2020 quoque
454 1982 625 2012 conveniat
640 1982 680 2012 de
695 1983 782 2012 Psal-
795 2002 796 2015 2

77 2036 132 2058 mo
157 2036 334 2067 usurpare,
350 2029 388 2058 ut
403 2028 489 2058 dicat
504 2028 603 2057 etiam
625 2028 716 2066 ipsa:
745 2024 796 2074 In}

1452 205 1508 235 517

812 267 884 297 pace
900 260 931 288 in
946 259 1076 297 idipsum
1091 257 1243 288 dormiam
1264 258 1292 290 et
1305 260 1489 297 requiescam
1499 280 1509 296 ,

812 304 938 341 quando
953 304 1092 334 necdum
1113 313 1147 334 se
1175 303 1380 342 singulariter
1400 307 1434 334 in
1454 314 1509 342 spe

813 349 1023 378 constitutum
1039 349 1148 378 dicere
1170 348 1289 387 potest.
1306 349 1462 377 Caeterum
1484 350 1510 377 si

813 394 968 430 paulatim
984 402 1042 432 per
1066 393 1302 424 incrementum
1325 393 1435 430 gratiae
1450 401 1514 422 coe-

813 438 898 475 perit
910 439 1049 470 deficere
1069 439 1184 476 timor,
1202 440 1235 469 et
1250 438 1405 476 proficere
1421 446 1512 475 spes3

813 492 886 513 cum
903 484 1034 515 demum
1058 485 1098 515 ad
1118 485 1178 514 hoc
1199 485 1336 514 ventum
1359 482 1458 512 fuerit
1478 484 1515 510 ut

813 529 889 559 totis
903 529 1027 560 viribus
1043 539 1221 568 exsurgens
1233 529 1351 560 caritas
1368 529 1401 558 in
1422 526 1515 564 adju-

812 575 932 604 torium
940 577 1008 613 spei
1017 576 1099 606 foras
1107 577 1215 606 mittat
1226 575 1376 605 timorem
1389 579 1514 602 :nonne

813 619 970 655 ejusmodi
985 622 1093 651 anima
1106 621 1313 660 singulariter
1329 620 1362 649 iu
1374 626 1429 657 spe
1442 625 1517 647 con·

812 665 924 695 stituta
938 666 1105 696 videbitur
1116 689 1125 705 ,
1150 675 1187 696 ac
1212 665 1348 704 proinde
1365 665 1465 695 etiam
1480 663 1514 692 in

812 718 891 748 pace
917 712 951 741 in
971 712 1116 751 idipsum
1143 712 1283 742 dormire
1308 711 1377 748 jam
1406 710 1440 740 et
1465 717 1517 739 re-

812 756 979 794 quiescere
992 758 1005 788 ἓ

854 803 904 833 10.
921 805 956 834 Si
969 804 1129 834 dormiatis
1141 825 1152 840 ,
1166 802 1294 841 inquit,
1310 804 1390 833 inter
1403 801 1516 831 medios

813 848 918 888 cleros3
925 858 1034 888 pennae
1042 849 1189 879 columbae
1199 850 1417 887 dcarqentatae.
1425 845 1518 883 Quod

813 896 985 933 propterea
1013 895 1137 925 dictum
1164 895 1242 932 puto
1253 915 1263 931 ,
1287 893 1439 931 quoniam
1468 892 1518 921 est

814 938 902 968 locus
929 938 1015 969 inter
1042 938 1194 968 timorem
1220 937 1254 967 et
1282 936 1491 967 securitatem
1505 956 1515 971 ,

813 982 977 1020 tamquam
1010 983 1097 1012 inter
1119 983 1234 1012 laevam
1263 983 1295 1012 et
1320 982 1490 1012 dexteram
1505 1002 1515 1017 ‚

814 1028 920 1058 media
943 1028 1100 1059 videlicet
1121 1036 1210 1065 spes,
1227 1027 1261 1057 in
1285 1035 1349 1066 qua
1368 1034 1460 1056 mens
1482 1027 1516 1056 et

814 1074 1028 1111 conscientia,
1055 1073 1146 1103 molli
1168 1073 1326 1102 nimirum
1350 1071 1517 1109 supposito

814 1119 956 1149 caritatis
983 1119 1103 1157 stratu,
1125 1118 1314 1148 suavissime
1330 1117 1516 1155 requiescit.

813 1164 852 1193 Et
867 1164 949 1195 forte
965 1165 999 1194 in
1015 1164 1288 1202 consequentibus
1306 1163 1403 1200 hujus
1415 1163 1518 1201 ipsius

814 1210 932 1239 cantici
945 1210 999 1240 hic
1012 1211 1102 1240 locus
1119 1209 1218 1239 fuerit
1233 1209 1421 1247 designatus
1433 1230 1442 1246 ,
1458 1208 1514 1238 ubi

814 1257 848 1286 in
861 1256 1079 1294 descriptione
1094 1255 1211 1285 ferculi
1232 1255 1410 1284 Salomonis
1432 1254 1518 1284 inter

815 1302 931 1332 caetera
947 1302 1047 1332 habes
1061 1303 1184 1331 :Media
1203 1303 1332 1331 caritate
1350 1301 1517 1331 constravit

813 1350 934 1385 propter
947 1348 1026 1385 filias
1037 1348 1218 1378 Jerusalem.
1233 1347 1312 1376 Nam
1327 1346 1383 1384 qui
1399 1354 1432 1375 se
1444 1345 1514 1375 sin-

813 1393 969 1431 gulariter
981 1394 1016 1422 in
1030 1401 1087 1431 spe
1099 1392 1310 1422 constitutum
1323 1391 1436 1428 sentit,
1452 1399 1517 1421 non

811 1438 876 1474 jam
889 1439 924 1467 in
942 1436 1060 1468 timbre
1077 1438 1198 1474 servit,
1213 1437 1271 1467 sed
1288 1436 1466 1475 requiescit
1480 1436 1516 1465 in

814 1484 960 1513 caritate.
976 1483 1126 1521 Denique
1150 1482 1328 1520 requiescit
1342 1482 1376 1511 et
1397 1481 1517 1512 dormit

812 1537 944 1566 sponsa,
960 1536 1018 1566 pro
1043 1536 1106 1566 qua
1131 1527 1271 1557 dicitur:
1293 1527 1411 1564 Adjuro
1438 1535 1492 1556 vos
1505 1547 1515 1562 ,

810 1575 881 1612 filice
904 1575 1097 1611 Jerusalem,
1124 1583 1180 1612 per
1205 1582 1333 1612 capreas
1357 1581 1516 1610 cervosque

812 1629 1011 1658 camporum,
1031 1628 1069 1650 ne
1086 1620 1234 1650 suscitetis
1257 1627 1354 1656 neque
1375 1618 1516 1656 evigilare

813 1666 934 1703 faciatis
948 1667 1109 1701 dilectam,
1136 1665 1331 1703 quoadusque
1352 1665 1418 1701 ipsa
1433 1663 1513 1692 velit.

812 1712 922 1749 Magna
932 1712 965 1741 et
976 1710 1133 1749 stupenda
1143 1710 1298 1749 dignatio,
1307 1709 1391 1747 quod
1407 1708 1516 1747 quies-

813 1765 886 1787 cere
911 1757 990 1787 facit
1014 1757 1154 1786 animam
1179 1755 1452 1793 contemplantem
1481 1754 1515 1783 in

812 1803 886 1832 sinu
902 1811 978 1840 suo,
1003 1802 1137 1840 insuper
1153 1801 1186 1831 et
1202 1801 1341 1831 custodit
1356 1801 1395 1830 ab
1411 1799 1515 1829 infes-

812 1849 954 1879 tantibus
970 1848 1055 1879 curis
1067 1870 1076 1885 ,
1089 1847 1294 1886 protegitque
1316 1846 1355 1876 ab
1383 1846 1516 1884 inquie-

811 1894 981 1924 tudinibus
1004 1894 1170 1924 actionum
1184 1914 1193 1930 ‚
1219 1893 1253 1922 et
1276 1891 1434 1921 molestiis
1455 1899 1516 1920 ne-

812 1939 970 1976 gotiorum
983 1947 1061 1976 3nec
1077 1938 1198 1976 patitur
1208 1937 1336 1967 omnino
1352 1936 1515 1974 suscitari,

811 1985 874 2014 nisi
901 1985 942 2014 ad
969 1984 1071 2022 ipsius
1096 1984 1211 2021 utique
1236 1983 1448 2012 voluntatem.
1474 1982 1516 2012 At

811 2030 896 2060 istud
911 2038 975 2060 non
991 2031 1024 2059 in
1041 2028 1197 2067 angustiis
1212 2027 1346 2058 finiendi
1362 2028 1429 2065 jam
1445 2035 1516 2057 ser-

74 2083 149 2114 pace
163 2075 336 2112 inidipsum
351 2075 516 2110 dormiam,
528 2076 556 2104 et
570 2076 916 2116 requiescamqmonis
941 2075 1155 2105 adoriendum
1184 2074 1251 2112 est,
1275 2073 1377 2111 magis
1405 2074 1514 2103 autem

76 2120 258 2158 praesertim
275 2127 348 2149 cum
364 2120 515 2157 suppetat
530 2127 625 2149 causa
645 2128 717 2158 quae
733 2120 796 2149 se·l
811 2121 888 2151 hinc
913 2121 997 2151 alius
1021 2120 1211 2158 inchoetur,
1237 2120 1396 2157 quatenus
1422 2119 1515 2148 locus

75 2165 206 2203 quitur,
222 2166 377 2204 Quoniam
391 2167 424 2195 tu.
438 2166 569 2195 Domine
583 2166 782 2204 sinqulariter
812 2167 1017 2196 delectabilis
1031 2165 1182 2196 debitain
1194 2164 1361 2195 tractando
1376 2164 1516 2202 diligen-

75 2211 109 2240 in
121 2219 171 2249 spe
183 2211 363 2241 constituisti
374 2219 434 2240 me.
450 2210 543 2248 Quod
552 2210 705 2249 equidem
717 2211 780 2241 tale
810 2212 855 2242 tia
870 2220 935 2242 non
957 2211 1137 2242 fraudetur.
1160 2211 1228 2240 Non
1251 2210 1338 2248 quod
1356 2210 1411 2240 vel
1433 2210 1514 2239 tunc

77 2256 137 2286 est.
154 2257 264 2286 Donec
285 2256 358 2294 quis
371 2257 533 2294 premitur
545 2265 563 2286 a
577 2256 696 2295 spiritu
713 2265 795 2287 ser-⁴
810 2257 1010 2288 sufficientes
1039 2257 1140 2288 simus
1175 2256 1317 2295 cogitare
1346 2255 1470 2294 aliquid
1495 2262 1513 2284 a

76 2301 207 2339 vitutis,
221 2309 399 2339 parumque
414 2302 514 2332 habet
536 2302 576 2332 de
591 2310 648 2340 spe
660 2323 670 2340 ,
686 2302 726 2332 de
741 2302 781 2332 ti·
810 2304 903 2335 nobis
914 2303 1006 2343 quasi
1023 2312 1066 2335 ex
1077 2303 1171 2334 nobis
1181 2324 1190 2341 ,
1202 2302 1384 2341 praesertim
1397 2303 1432 2332 in
1447 2302 1512 2332 tam

76 2354 166 2377 more
179 2345 453 2384 plurimum3n0n
477 2348 527 2378 est
541 2347 573 2377 ei
587 2356 653 2386 pax
673 2356 779 2386 neque
811 2350 926 2388 digna,
949 2349 1081 2388 tamque
1109 2349 1296 2379 excellente
1321 2348 1356 2379 et
1379 2348 1510 2378 omnino

77 2391 209 2430 requies
222 2412 232 2429 ,
247 2391 425 2422 fluctuante
441 2391 598 2422 nimirum
615 2393 780 2423 conscien-
811 2395 1075 2433 supereminente
1089 2394 1226 2425 materia
1237 2416 1247 2433 ,
1271 2394 1330 2424 sed
1349 2393 1513 2424 sufficien-

75 2435 121 2467 tia
134 2436 219 2468 inter
233 2445 324 2476 spem
336 2437 370 2467 et
383 2437 534 2468 timorem
547 2459 556 2475 ,
570 2438 779 2477 maximeque
811 2441 857 2470 tta
868 2442 977 2472 nostra
997 2449 1040 2471 ex
1057 2442 1125 2471 Deo
1141 2441 1207 2479 est,
1230 2448 1346 2478 sponso
1360 2438 1510 2468 Ecclesiae

77 2482 162 2520 quod
190 2490 208 2512 a
222 2483 506 2521 superexcellente
530 2483 649 2514 timore
676 2484 781 2515 abun·
810 2487 888 2516 Jesu
900 2486 1025 2518 Christo
1040 2486 1177 2517 Domino
1190 2486 1310 2524 nostro,
1322 2484 1378 2523 qui
1390 2484 1439 2513 est
1456 2490 1512 2511 su·-

76 2527 205 2558 <lautius
229 2528 414 2559 crucietur:
430 2537 505 2559 nam
528 2529 626 2559 timor
649 2537 779 2568 poenam
812 2540 870 2569 per
882 2532 990 2563 omnia
1003 2533 1094 2563 Deus
1107 2531 1298 2564 benedictus
1319 2531 1351 2559 in
1375 2528 1510 2564 saecula,

77 2573 188 2605 habet.
204 2574 242 2605 Et
267 2574 343 2605 ideo
363 2582 427 2605 non
452 2575 501 2606 est
520 2575 568 2605 illi
592 2574 720 2611 dicere,
742 2577 779 2606 1η
812 2584 920 2607 amen.
