1846 3078
269 219 330 250 412

269 273 459 307 ventoribus
475 275 542 307 suis
559 275 626 307 tam
639 275 845 306 familiariter
862 273 972 311 requi-

268 322 364 352 sisset
378 322 419 352 de
431 330 470 353 eo
480 345 490 361 ,
502 322 594 360 cujus
605 322 746 360 Spiritus
759 321 807 350 est
820 321 888 349 ille.
902 320 971 348 Non

267 367 423 398 sustinuit
441 368 478 398 ut
492 367 542 397 illi
559 368 734 397 effarentur
759 365 800 394 ad
814 364 893 402 quid
913 371 972 393 ve-

266 411 391 443 nissent
406 421 414 442 t
431 413 500 452 ipsa
516 413 624 442 locuta
640 411 706 448 est,
723 411 756 440 et
778 410 912 448 quidem
929 417 971 438 ex

266 459 465 489 abundantia
493 458 609 488 cordis.
637 458 721 487 Num
750 464 838 494 quem
875 456 971 493 diliqit

265 506 374 534 anima
387 514 456 535 mea
471 505 586 534 vidistis
602 502 615 532 ἓ
635 501 766 531 Sciebat
781 501 857 539 quia
881 500 969 530 beati

265 550 351 580 oculi
363 548 601 588 quividissent3
618 547 651 576 et
669 546 832 575 admirans
848 553 902 575 eos
914 545 969 584 qui

264 595 428 632 viderant,
444 594 552 623 aiebat
567 601 575 621 :
588 593 669 622 Num
683 600 740 622 vos
752 591 841 630 estis,
851 592 970 630 quibus

263 640 376 671 videre
393 639 547 669 donatum
559 637 630 675 est,
651 645 749 676 quem
764 637 812 667 tot
828 644 921 675 reges
937 635 969 665 et

263 686 430 724 prophetae
456 683 633 713 voluerunt
659 682 775 712 videre
795 704 805 719 ,
842 683 876 712 et
904 689 968 711 non

263 730 417 761 viderunt
432 728 445 758 ἓ
461 729 544 758 Num
559 737 616 759 vos
631 728 710 758 estis
732 729 788 766 qui
805 727 970 758 meruistis

263 777 298 807 in
313 783 411 806 carne
437 775 584 814 aspicere
607 774 806 814 Sapientiam
820 796 830 813 ,
851 774 887 803 in
901 782 970 804 cor-

263 829 343 861 pore
371 821 552 851 Veritatem
571 842 582 859 ‚
610 820 647 850 in
672 820 806 850 homine
835 821 941 850 Deum
955 819 968 849 ἓ

263 867 355 898 Multi
367 867 494 904 dicunt,
506 867 587 897 Ecce
599 866 654 896 hic
663 867 724 903 est,
740 868 774 896 et
789 873 865 895 ecce
881 865 967 895 illic:

262 912 321 944 sed
343 920 402 950 ego
417 913 520 942 tutius
544 911 628 941 mihi
641 910 781 941 arbitror
802 910 901 940 fidem
916 918 970 940 ac-

261 957 468 988 commodare
487 956 598 995 vobis,
620 956 677 995 qui
699 955 916 985 manducastis
937 954 971 984 et

261 1003 391 1034 bibistis
405 1011 478 1033 cum
492 1010 530 1033 eo
541 1024 551 1041 ,
565 1003 737 1040 postquam
752 1001 934 1031 resurrexit
952 1008 969 1029 a

261 1049 410 1080 mortuis.
425 1049 465 1079 Et
478 1049 539 1078 hoc
555 1048 680 1078 dictum
699 1048 741 1077 sit
756 1047 795 1077 de
812 1055 868 1085 e0‚
885 1046 969 1085 quod

262 1103 377 1135 sponsa
393 1095 555 1125 sciscitata
575 1094 623 1124 est
641 1101 660 1123 a
674 1093 842 1131 vigilibus.
856 1092 889 1122 Si
906 1100 969 1131 quo

261 1142 388 1179 minus,
401 1140 608 1179 supplebitur
619 1147 767 1169 sermone
783 1139 859 1168 alio.
875 1138 967 1167 Nunc

264 1188 374 1218 autem
390 1195 432 1217 ex
447 1186 507 1216 hoc
523 1186 577 1216 vel
598 1185 742 1215 maxime
759 1184 864 1222 liquet
885 1193 969 1222 prae-

261 1235 392 1266 ventam
406 1232 506 1263 fuisse
530 1240 548 1262 a
565 1232 691 1270 Spiritu
705 1232 816 1261 sancto
834 1239 843 1261 ε
861 1230 901 1260 ab
917 1231 967 1261 his

260 1288 340 1310 vero
361 1278 417 1318 qui
443 1277 632 1308 custodiunt
660 1277 828 1306 civitatem
855 1276 969 1305 inven-

261 1327 329 1356 tam
344 1326 606 1363 compertamque
620 1345 629 1361 ‚
644 1322 731 1362 quod
747 1330 823 1352 vere
844 1321 912 1359 ipsa
927 1322 968 1351 sit

261 1379 360 1410 quam
380 1370 546 1410 praescivit
571 1370 604 1399 et
623 1368 871 1407 praedestinavit
893 1367 967 1396 ante

262 1418 380 1447 saecula
408 1417 496 1446 Deus
511 1437 521 1453 ,
552 1414 813 1454 praeparavitque
849 1413 967 1443 dilecto

261 1462 344 1492 Filio
358 1470 414 1492 suo
430 1461 565 1491 delicias
581 1460 795 1497 sempiternas
811 1458 845 1487 iu
868 1466 968 1488 saecu-

261 1508 304 1538 lis
317 1508 465 1544 aeternis,
478 1507 515 1536 ut
529 1507 571 1536 sit
583 1506 691 1535 sancta
708 1504 741 1533 et
759 1504 967 1533 immaculata

261 1554 297 1583 in
325 1553 501 1591 conspectu
532 1551 620 1588 ejus,
660 1550 847 1588 germinans
884 1549 968 1579 sicut

262 1600 387 1636 lilium,
407 1599 439 1628 et
456 1598 574 1627 florens
590 1597 623 1626 in
641 1597 797 1626 aeternum
815 1595 888 1624 ante
905 1595 968 1624 Do-

261 1645 386 1674 minum
394 1644 521 1673 Patrem
528 1641 658 1671 Domini
668 1640 734 1670 mei
743 1640 820 1669 Jesu
834 1640 965 1677 (ΗΠ-ἰεῦ,

261 1689 375 1728 Sponsi
390 1688 562 1726 Ecclesiae‚
589 1687 647 1725 qui
671 1686 719 1715 est
741 1693 838 1722 super
858 1685 967 1715 omnia

260 1735 347 1766 Deus
362 1733 556 1765 benedictus
566 1732 601 1762 in
616 1731 752 1768 saecula,
764 1737 872 1760 amen.

425 1832 595 1890 SERMO
628 1854 802 1888 LXXIX.

263 1936 303 1960 De
316 1940 413 1958 amore
424 1933 516 1957 tenaci
531 1935 558 1957 et
576 1931 781 1960 indissolubili,
799 1936 856 1961 quo
874 1929 968 1954 anima

292 1973 367 1995 tenet
385 1975 517 2001 sponsum
537 1976 543 1993 :
567 1969 635 1992 item
656 1967 689 1990 de
708 1966 805 1990 reditu
826 1966 916 1997 sponsi
937 1967 966 1989 in

292 2006 349 2030 fine
359 2005 457 2030 saeculi
477 2004 513 2028 ad
529 2008 699 2035 synagogam
715 2000 889 2025 Judaeorum
912 2001 968 2024 sal—

293 2040 423 2065 vandam.

302 2103 333 2132 i.
345 2102 425 2132 Num
437 2109 524 2140 quem
534 2100 629 2139 diliqit
640 2100 747 2130 anima
754 2107 824 2128 mea
835 2097 968 2129 vidistis?

262 2148 288 2178 Ο
303 2156 393 2178 amor
413 2155 558 2186 praeceps
569 2168 578 2184 ,
594 2146 775 2176 vehemens
786 2167 795 2183 ‚
809 2144 946 2182 flagrans
958 2166 966 2182 ‚

263 2193 444 2231 impetuose
453 2214 462 2230 ‚
478 2193 534 2231 qui
549 2192 668 2230 praeter
679 2192 712 2221 te
728 2190 817 2221 aliud
827 2190 967 2228 cogitare

261 2246 327 2269 non
351 2237 448 2273 sinis,
469 2237 595 2267 fastidis
620 2237 756 2274 caetera,
783 2235 966 2265 contemnis

263 2282 372 2313 omnia
386 2282 504 2320 praeter
517 2283 562 2320 te,
578 2283 611 2312 te
629 2281 813 2311 contentus.
831 2280 968 2310 Confun-

263 2329 313 2359 dis
329 2327 476 2364 ordines,
498 2327 682 2357 dissimulas
701 2334 813 2364 usum,
836 2326 967 2356 modum

263 2375 412 2413 ignora83
437 2372 543 2402 totum
575 2372 661 2410 quod
696 2372 966 2411 opportunitatis,

263 2418 350 2458 quod
363 2416 498 2448 rationis
510 2438 519 2455 ,
534 2417 619 2455 quod
631 2417 762 2454 pudoris
772 2439 781 2455 ,
791 2417 877 2456 quod
892 2425 968 2447 con-

264 2464 331 2496 silii
350 2462 510 2502 judiciive
531 2470 600 2492 esse
615 2462 762 2500 videtur,
784 2462 967 2500 triumphas

265 2513 300 2541 in
313 2509 507 2548 temetipso,
535 2508 569 2538 et
590 2507 712 2544 redigis
736 2508 771 2536 in
793 2508 967 2546 captivita-

263 2556 400 2588 temAEn
415 2563 510 2586 omne
524 2552 611 2592 quod
620 2552 739 2590 cogitat
751 2552 823 2590 ista,
840 2554 872 2582 et
882 2553 966 2591 quod

264 2601 427 2641 loquitur,
442 2600 477 2631 te
492 2599 603 2637 sonat,
618 2599 652 2629 te
667 2597 814 2635 redolet,
832 2598 864 2627 et
877 2598 966 2627 aliud

747 222 777 249 S.
804 219 1038 249 BERNARDI
1061 219 1256 249 ABBATIS

1007 272 1040 302 et
1052 273 1208 311 linguam.
1217 274 1287 306 Ait:
1299 276 1383 307 Num
1392 284 1478 315 quem
1491 275 1585 315 diliqit
1597 277 1704 306 anima

1007 327 1077 349 mea
1090 320 1230 351 vidistis?
1249 321 1347 358 Quasi
1363 330 1440 352 vero
1457 321 1491 351 hi
1504 322 1607 351 sciant
1625 322 1705 360 quid

1005 364 1127 402 cogitet
1146 366 1228 404 ipsa.
1249 367 1354 403 Quem
1372 368 1481 405 diligit
1496 368 1604 397 anima
1624 368 1681 397 tua
1693 389 1703 404 ‚

1007 408 1048 438 de
1063 409 1132 448 ipso
1141 411 1317 441 sciscitaris
1324 411 1336 440 ἓ
1343 413 1381 442 Et
1388 421 1451 443 non
1460 413 1558 443 habet
1567 412 1706 442 nomen?

1004 454 1156 490 Quaenam
1170 464 1248 486 vero
1263 458 1318 494 tu,
1335 458 1368 486 et
1382 458 1439 488 ille
1461 459 1534 496 quis
1553 458 1566 488 ἓ
1585 459 1622 488 Et
1635 458 1705 488 haec

1005 499 1050 529 ita
1065 499 1205 530 dixerim
1219 502 1352 540 propter
1367 503 1625 541 singularitatem
1640 503 1707 533 elo-

1004 545 1091 584 quii,
1108 547 1142 576 et
1161 546 1323 585 insignem
1337 548 1512 578 verborum
1527 549 1705 587 incuriam,

1003 599 1066 628 qua
1080 600 1221 629 praesens
1236 593 1396 631 scriptura
1406 593 1532 623 caeteris
1540 594 1706 625 dissimilis

1004 637 1082 667 satis
1094 639 1240 676 apparet.
1257 639 1348 669 Unde
1363 639 1398 668 in
1412 639 1626 677 epithalamio
1644 639 1705 670 hoc

1005 690 1069 712 non
1089 684 1189 713 verba
1204 684 1370 722 pensanda
1386 685 1472 723 sunt,
1488 685 1546 715 sed
1560 685 1704 715 affectus.

1003 728 1064 758 Cur
1079 729 1124 758 ita
1134 751 1143 767 ‚
1159 730 1224 760 nisi
1239 730 1327 769 quod
1345 738 1435 760 amor
1445 731 1593 768 sanctus,
1608 738 1706 769 quem

1003 775 1103 806 totius
1124 775 1222 813 huJ'us
1249 777 1426 806 voluminis
1451 784 1551 806 unam
1582 776 1708 806 constat

1004 828 1072 851 esse
1087 821 1257 851 materiam
1267 843 1277 859 ‚
1292 830 1357 852 non
1371 822 1471 852 verbo
1483 822 1526 852 sit
1540 822 1707 852 aestiman-

1003 866 1082 904 dus,
1098 868 1155 897 aut
1169 867 1293 906 lingua,
1309 867 1366 898 sed
1381 875 1480 906 opere
1496 867 1531 897 et
1544 866 1708 897 veritate?

1003 912 1099 941 Amor
1113 913 1237 950 ubique
1252 913 1412 951 loquitur:
1428 914 1460 943 et
1471 913 1497 943 si
1509 913 1581 952 quis
1590 912 1706 943 horum

1003 965 1075 995 quae
1089 957 1244 995 leguntur
1254 979 1263 995 ‚
1280 958 1371 996 cupit
1383 958 1521 996 adipisci
1534 957 1683 987 notitiam
1695 980 1706 996 ‚

1004 1003 1102 1032 amet.
1125 1003 1279 1041 Alioquin
1304 1002 1424 1033 frustra
1446 1003 1486 1032 ad
1509 1002 1706 1033 audiendum

1004 1048 1221 1086 legendumve
1246 1050 1365 1079 amoris
1389 1056 1519 1079 carmen
1529 1070 1538 1086 ‚
1568 1047 1624 1086 qui
1642 1056 1708 1078 non

1005 1095 1108 1131 amat,
1131 1094 1284 1125 accedit:
1308 1094 1471 1132 quoniam·
1485 1093 1619 1123 omnino
1640 1102 1707 1123 non

1003 1141 1110 1178 potest
1128 1148 1244 1178 capere
1266 1140 1407 1178 ignitum
1431 1140 1598 1178 eloquium
1617 1138 1707 1177 frigi-

1004 1185 1079 1215 dum
1116 1187 1243 1224 pectus.
1278 1186 1445 1223 Quomodo
1481 1185 1570 1216 enim
1604 1193 1706 1222 graece

1003 1230 1190 1268 loquentem
1212 1239 1276 1261 non
1300 1231 1463 1269 intelligit
1486 1230 1544 1268 qui
1566 1237 1706 1268 graecum

1004 1283 1066 1304 non
1081 1276 1192 1314 novit,
1213 1285 1275 1306 nec
1293 1277 1396 1306 latine
1417 1276 1626 1314 loquentem,
1650 1276 1706 1314 qui

1003 1321 1124 1351 latinus
1147 1330 1212 1351 non
1225 1323 1291 1360 est,
1314 1322 1348 1352 et
1369 1322 1414 1351 ita
1429 1321 1468 1351 de
1488 1321 1640 1351 caeterts:
1661 1321 1706 1351 sic

1003 1367 1113 1405 lingua
1125 1368 1242 1398 amoris
1255 1368 1284 1397 ei
1297 1368 1353 1406 qui
1366 1376 1431 1397 non
1452 1367 1555 1405 amat,
1571 1367 1707 1396 barbara

1003 1413 1087 1451 erit,
1100 1413 1229 1452 eritque
1247 1414 1331 1443 sicut
1345 1422 1388 1443 aes
1403 1421 1519 1443 sonans
1530 1434 1539 1450 ,
1552 1412 1608 1442 aut
1619 1421 1707 1451 cym-

1003 1459 1115 1488 balum
1139 1460 1298 1489 tinniens.
1325 1459 1382 1488 Isti
1398 1466 1475 1488 vero
1503 1456 1513 1497 (
1530 1457 1645 1496 vigiles
1659 1458 1707 1488 lo-

1002 1502 1106 1543 quor)
1123 1504 1276 1542 quoniam
1289 1505 1328 1534 de
1343 1504 1468 1541 Spiritu
1488 1504 1521 1533 et
1537 1504 1599 1541 ipsi
1613 1512 1707 1533 acce-

1002 1550 1121 1586 perunt
1141 1551 1177 1580 ut
1193 1551 1323 1586 ament,
1339 1549 1446 1578 sciunt
1465 1542 1545 1586 quid
1562 1549 1707 1586 loquitur

1002 1594 1142 1632 Spiritus
1159 1617 1168 1633 ,
1202 1597 1236 1625 et
1263 1594 1382 1624 amoris
1417 1594 1553 1623 vocibus
1581 1594 1704 1631 optime

1003 1640 1178 1678 compertis
1200 1640 1263 1669 sibi
1274 1661 1282 1677 ‚
1298 1639 1332 1668 in
1347 1639 1500 1676 promptu
1516 1639 1639 1668 habent
1652 1648 1703 1669 re-

1002 1685 1162 1723 spondere
1179 1685 1211 1714 in
1223 1684 1324 1714 simili
1338 1684 1463 1721 lingua,
1476 1683 1510 1713 id
1525 1684 1575 1713 est
1589 1684 1706 1714 studiis

1002 1730 1120 1760 amoris
1130 1730 1328 1769 pietatisque
1344 1728 1472 1759 officiis.

1041 1776 1072 1805 2.
1086 1776 1234 1814 Denique
1248 1776 1294 1805 ita
1306 1775 1597 1804 inbreviedoctam
1610 1775 1706 1806 emit-

1002 1821 1075 1852 tunt
1091 1821 1131 1851 de
1148 1829 1186 1851 eo
1201 1821 1287 1859 quod
1303 1820 1432 1859 quaerst,
1447 1821 1484 1850 ut
1499 1820 1586 1850 dicat
1600 1822 1706 1851 :Pau-

1002 1868 1099 1897 lulum
1111 1876 1180 1897 cum
1185 1867 1419 1906 pertransissem
1431 1874 1492 1902 eos,
1504 1867 1606 1895 inveni
1613 1875 1702 1904 quem

1001 1914 1097 1953 diliqz‘t
1111 1914 1219 1943 anima
1230 1922 1311 1942 mea.
1327 1913 1414 1941 Bene
1428 1911 1610 1950 paululum,
1627 1912 1705 1950 quia

1002 1960 1140 1989 verbum
1152 1958 1379 1988 abbreviatum
1391 1957 1539 1987 fecerunt
1551 1957 1595 1994 ei,
1611 1957 1704 1995 Sym-

1002 2004 1111 2034 bolum
1123 2003 1198 2034 fidei
1208 2003 1386 2033 tradentes.
1395 2003 1433 2032 Et
1446 2002 1532 2041 quod
1543 2002 1704 2041 sequitur,

1002 2049 1066 2078 tale
1096 2048 1156 2078 est.
1188 2047 1364 2086 Oportebat
1392 2046 1525 2085 quidem
1556 2054 1705 2084 sponsam

1002 2094 1139 2124 transire
1154 2101 1214 2132 per
1234 2101 1306 2131 eos,
1326 2100 1386 2131 per
1401 2100 1481 2130 quos
1496 2094 1704 2130 cognosceret

1002 2140 1200 2171 veritatem:
1223 2138 1280 2168 sed
1301 2138 1413 2168 tamen
1437 2137 1471 2167 et
1489 2136 1702 2175 pertransire.

1002 2186 1068 2216 Nisi
1091 2185 1180 2216 enim
1204 2183 1435 2222 pertransisset
1455 2182 1490 2212 et
1508 2181 1614 2219 ipsos,
1636 2189 1703 2211 non

1003 2230 1184 2261 invenisset
1197 2237 1294 2268 quem
1317 2227 1496 2266 quaerebat.
1517 2227 1622 2264 Atque
1643 2226 1704 2257 hoc

1002 2278 1108 2315 ipsum
1136 2283 1262 2306 suasam
1294 2274 1334 2304 ab
1361 2273 1428 2302 illis
1455 2280 1520 2302 non
1548 2272 1704 2310 ambigas,

1001 2323 1068 2352 Non
1080 2320 1167 2351 enim
1183 2318 1405 2359 praedicabant
1421 2317 1632 2355 semetipsos,
1649 2317 1706 2347 sed

1002 2368 1176 2397 Dominum
1188 2374 1281 2396 suum
1296 2365 1425 2403 Jesum,
1442 2363 1497 2402 qui
1513 2363 1633 2401 absque
1649 2363 1708 2392 du-

1001 2414 1054 2444 bio
1071 2415 1104 2444 et
1115 2420 1212 2451 supra
1227 2412 1313 2450 ipsos
1327 2411 1394 2448 est,
1411 2410 1444 2440 et
1456 2410 1553 2439 ultra.
1569 2408 1659 2438 Unde
1673 2409 1706 2438 et

1001 2460 1047 2490 ait
1063 2468 1072 2488 τ
1091 2459 1231 2489 Tramite
1247 2458 1285 2487 ad
1300 2466 1348 2487 me
1360 2464 1464 2486 omnes
1476 2456 1530 2494 qui
1547 2455 1706 2492 concupis-

1001 2507 1066 2537 citis
1080 2514 1140 2535 me.
1153 2504 1218 2534 Nec
1230 2502 1415 2533 sufficiebat
1429 2500 1568 2531 transire
1578 2521 1587 2537 ‚
1603 2499 1660 2529 sed
1673 2500 1706 2529 et

1001 2550 1198 2589 pertransire
1210 2548 1356 2579 docetur.
1365 2546 1530 2586 Siquidem
1541 2546 1671 2584 pertran
1677 2552 1706 2573 s-

1000 2597 1083 2626 ierat
1108 2597 1137 2626 is
1163 2602 1263 2634 quem
1286 2593 1480 2632 vestigabat.
1505 2591 1575 2620 Non
1609 2590 1703 2619 modo

265 2648 372 2679 nihil:
389 2647 435 2678 ita
455 2645 517 2678 tibi
533 2644 633 2686 ipsius
653 2644 686 2676 et
704 2651 758 2678 cor
772 2642 943 2674 vindicasti
955 2663 964 2681 ,
1003 2642 1089 2677 enim
1105 2641 1145 2673 de
1160 2640 1265 2672 morte
1281 2638 1321 2670 ad
1333 2638 1434 2669 vitam
1449 2635 1637 2669 transierat,
1648 2634 1705 2664 sed
