1846 3078
258 214 317 244 telle

257 269 443 309 benignius,
454 276 565 308 quam,
575 268 717 309 utqnem
729 268 835 307 diligit
849 267 956 298 anima

256 324 313 346 sua
325 338 335 354 ‚
351 315 458 354 ipsum
473 316 710 346 communicare
727 315 838 352 parata
862 314 904 343 sit
924 314 957 343 et

256 361 397 392 inimicae
415 360 500 392 ⁴?Nec
512 362 631 391 mirum
646 361 773 397 tamen,
786 360 860 397 quia
873 360 957 389 salus

255 416 297 438 ex
310 409 424 438 Judoeis
446 409 499 438 est.
516 407 563 437 Ad
578 407 684 436 locum
700 404 785 434 unde
808 404 955 441 exierat,

256 453 442 483 revertatur
454 453 618 488 Salvator,
634 451 671 480 ut
694 449 843 487 reliquiae
859 450 955 479 Israel

255 499 351 529 salvae
366 498 455 528 fiant.
472 499 538 527 Non
550 496 631 526 rami
644 495 766 532 radici,
782 502 847 524 non
861 494 957 524 matri

255 542 316 573 filii
336 544 454 582 ingrati
470 543 548 572 sint.
570 542 638 570 Non
654 539 735 569 rami
751 540 854 570 radici
871 540 956 569 invi-

255 587 353 617 deant
378 587 463 626 quod
482 594 525 616 ex
550 593 588 615 ea
603 593 770 623 sumpsere
789 593 796 614 ε
820 593 884 614 non
900 584 958 613 filii

256 632 467 670 matri,quod
483 631 522 660 de
548 631 619 667 ejus
645 638 764 660 suxere
789 629 957 660 uberibus.

255 678 377 707 Teneat
387 678 495 714 itaque
508 675 650 705 Ecclesia
662 676 798 705 firmiter
810 676 958 713 salutem,

256 731 351 760 quam
370 721 480 751 Judaea
496 721 658 759 perdidit,
685 721 753 759 ipsa
778 721 960 759 apprehen-

257 769 303 798 ‹lit
313 789 322 805 ,
337 768 439 797 donec
453 766 624 805 plenitudo
636 767 782 804 gentium
806 767 959 805 introeat,

256 813 348 842 etsie
361 812 466 842 omnis
480 813 579 841 Israel
599 813 708 842 salvus
731 811 797 841 fiat.
817 812 906 842 Velit
925 813 960 841 in

257 866 427 888 commune
443 865 649 887 communem
671 857 785 888 venire
801 858 937 887 salutem
949 879 958 895 ,

256 912 328 941 quae
343 903 390 933 sic
406 903 446 933 ab
462 903 611 933 omnibus
626 903 773 940 capitur,
788 904 824 932 ut
833 903 879 932 nil
894 903 961 932 sin-

256 948 340 985 gulis
365 949 544 978 minuatur.
570 948 690 986 Utique
716 947 776 978 hoc
803 947 882 977 facit
893 969 902 985 ,
928 949 961 977 et

257 995 340 1031 plus.
356 994 441 1031 Quid
452 992 639 1033 plus?Quod
658 994 690 1023 et
704 1001 823 1022 nomen
837 1001 960 1031 sponsae

259 1039 306 1069 illi
335 1041 443 1078 optat,
471 1040 506 1069 et
526 1039 676 1079 gratiam.
709 1039 842 1069 Prorsus
862 1047 959 1078 super

260 1085 397 1115 salutem
414 1085 488 1115 hoc.

298 1130 331 1161 6.
347 1130 551 1161 Incredibilis
566 1129 699 1168 caritas,
715 1129 742 1160 si
766 1137 830 1160 non
855 1138 962 1160 sermo

259 1184 356 1213 quem
385 1176 492 1206 locuta
516 1176 565 1205 est
587 1176 673 1214 ipsa,
699 1175 830 1206 fecisset
852 1176 959 1205 fidem.

260 1222 353 1252 Dixit
365 1222 453 1252 enim
467 1221 478 1261 (
493 1223 520 1252 si
543 1221 738 1262 advertisti)
758 1223 845 1252 velle
865 1230 898 1251 se
914 1222 963 1252 in-

260 1267 433 1297 troducere
455 1276 553 1306 quem
568 1268 721 1305 tenebat,
733 1276 796 1297 non
809 1267 903 1297 modo
928 1268 962 1297 in

260 1313 392 1343 domum
417 1314 551 1351 matris,
574 1313 632 1343 sed
657 1315 691 1343 et
716 1314 750 1343 in
775 1313 962 1343 cubiculum

259 1358 493 1397 quoque,quod
502 1360 551 1389 est
559 1359 778 1397 praerogativae
790 1358 961 1388 indicium.

260 1403 448 1434 Sufficiebat
463 1405 501 1433 ad
513 1405 665 1442 salutem,
678 1405 704 1433 si
721 1405 850 1434 domum
864 1404 962 1433 intra-

261 1451 333 1479 ret:
360 1451 393 1479 at
415 1451 576 1479 secretum
599 1450 742 1480 cubiculi
768 1450 873 1487 signat
891 1458 964 1487 gra-

262 1495 352 1524 tiam.
366 1496 476 1531 Hodie,
496 1495 541 1525 ait
553 1516 563 1532 ,
579 1495 650 1524 huic
663 1496 768 1524 domui
783 1496 865 1525 salus
880 1496 963 1532 facta

262 1543 317 1571 est.
332 1541 453 1578 Quidni
468 1541 511 1571 sit
527 1540 712 1570 domesticis
733 1541 820 1570 salus
831 1561 839 1576 ,
853 1540 964 1569 Salva-

263 1588 332 1616 tore
355 1587 499 1624 ingresso
515 1586 645 1615 domum
661 1585 673 1614 ἓ
687 1586 751 1615 Sed
773 1594 844 1624 quae
860 1586 893 1614 in
908 1593 965 1614 cu-

263 1633 410 1662 biculum
444 1633 592 1661 meretur
626 1631 773 1669 recipere
784 1652 792 1668 ,
822 1639 964 1660 seorsum

263 1677 363 1706 habet
376 1677 538 1706 secretum
551 1683 645 1705 suum
661 1676 735 1705 sihi.
751 1675 843 1704 Salus
856 1675 965 1704 domui

262 1724 298 1753 tit
318 1732 328 1753 .·
354 1722 497 1753 thalamo
517 1721 644 1751 deliciae
669 1721 901 1751 reconduntur.
928 1722 966 1750 In

264 1769 389 1798 domum
415 1767 526 1796 matris
554 1774 628 1795 meae
656 1767 851 1795 introducam
876 1774 946 1795 eum
955 1785 965 1801 ,

264 1813 383 1852 inquit.
412 1813 448 1842 In
466 1819 563 1850 quam
586 1811 737 1849 domum,
758 1811 822 1840 nisi
842 1810 881 1841 de
903 1818 966 1849 qua

264 1859 341 1889 olim
356 1857 589 1897 praenuntiarat
613 1857 733 1887 Judaeis
757 1859 855 1887 :Eece
875 1858 968 1886 relin-

265 1907 374 1943 quetur
388 1904 472 1934 robis
487 1905 594 1934 domus
605 1905 707 1934 vestra
727 1902 866 1934 deserta?
879 1903 968 1934 Fecit

266 1950 351 1988 quod
374 1949 476 1986 dixit,
491 1948 577 1978 sicut
593 1949 693 1978 habes
710 1949 742 1978 et
765 1948 804 1978 de
825 1948 885 1977 hoc
901 1948 967 1978 tes·

265 1995 434 2025 timonium
444 1995 514 2032 ejus
525 1995 559 2024 in
570 1994 750 2032 Propheta:
764 1995 894 2032 Reliqui,
908 1994 966 2032 ait,

265 2042 390 2071 domum
402 2049 514 2077 meam,
527 2041 627 2070 dimisi
635 2040 841 2070 haeredilatem
853 2048 966 2078 meam,-

267 2087 300 2116 et
313 2094 398 2115 nunc
415 2086 475 2116 ista
495 2085 669 2123 pollicetur
684 2085 841 2115 reducere
855 2085 966 2123 illum,

267 2132 302 2160 ct
316 2131 426 2161 domui
441 2130 553 2161 matris
573 2139 638 2162 suae
654 2131 816 2169 perditam
829 2131 967 2161 salutem

268 2177 452 2206 restituere.
477 2178 516 2207 Et
543 2176 570 2207 si
592 2176 652 2207 hoc
677 2185 793 2215 parum
815 2177 967 2214 videtur,

269 2221 343 2250 audi
359 2222 436 2259 quid
452 2222 530 2256 honi
547 2222 681 2260 adjiciat
703 2231 711 2251 :
732 2224 773 2253 Et
795 2223 827 2252 in
848 2223 969 2253 cubicu-

268 2267 331 2296 lum
346 2268 497 2304 qenilricis
520 2277 606 2298 meae.
623 2268 684 2306 Qui
702 2268 883 2307 ingreditur
897 2268 969 2298 tha-

268 2312 406 2348 lamum,
423 2320 555 2349 sponsus
572 2314 632 2343 est.
649 2315 759 2353 Magna
782 2314 900 2344 amoris
912 2322 969 2352 po-

271 2357 373 2386 tentia
387 2357 395 2385 ⁸.
408 2357 551 2386 Salvator
567 2359 827 2396 indignabundus
844 2359 970 2390 exierat

270 2401 310 2431 de
326 2402 419 2431 domo
432 2404 464 2432 et
479 2402 669 2433 haereditate
685 2413 764 2434 sua:
782 2407 816 2435 et
830 2413 917 2436 nunc
930 2405 970 2436 ad

271 2447 368 2485 liujus
385 2447 520 2485 gratiam
535 2448 702 2485 mitigatus
714 2449 893 2481 inflectitur
904 2452 950 2482 ita
960 2473 969 2489 ,

271 2495 308 2523 ut
329 2493 441 2523 redeat
466 2501 531 2522 non
552 2494 646 2522 modo
672 2493 837 2533 Salvator,
862 2497 918 2526 sed
939 2498 970 2527 et

271 2538 423 2577 Sponsus.
439 2538 614 2569 Benedicta
628 2540 664 2569 tu
685 2547 704 2570 a
722 2540 858 2571 Domino
880 2542 947 2572 filia
961 2565 970 2580 ,

271 2593 343 2622 quae
367 2585 400 2614 et
425 2584 681 2623 indignationem
710 2586 906 2624 compescis,
939 2589 972 2618 et

713 217 744 244 S.
766 215 1001 244 BERNARDI
1024 215 1216 243 ASBArls

990 267 1087 298 matri
1118 268 1183 299 tuae
1193 290 1204 306 ,
1231 268 1326 306 cujus
1353 265 1512 300 beneficio
1533 267 1694 299 avertitur

990 313 1037 342 ira
1049 335 1058 351 ,
1075 313 1254 344 revertitur
1265 315 1351 345 salus
1361 336 1372 353 ,
1383 313 1561 345 revertitur
1579 315 1635 352 qui
1644 314 1695 344 di-

991 358 1042 388 cat
1053 358 1123 388 illi:
1149 360 1240 389 Salus
1256 361 1310 390 tua
1324 369 1376 399 eqo
1393 369 1475 391 sum.
1491 361 1559 390 Non
1572 359 1692 389 suflicit

992 402 1070 433 hoc:
1087 403 1185 433 addat
1200 405 1232 434 et
1248 404 1355 434 dicat:
1371 406 1567 444 Desponsabo
1580 407 1606 435 te
1618 403 1697 435 mihi

991 448 1023 478 in
1036 449 1112 485 fide,
1132 450 1317 487 desponsabo
1334 452 1360 480 te
1382 451 1459 481 ‘mihi
1478 451 1643 489 injudicio
1665 450 1694 479 et

991 493 1109 527 iustitia
1120 513 1130 530 ‚
1147 494 1332 532 desponsabo
1346 497 1372 524 te
1387 495 1463 524 mihi
1474 497 1506 524 in
1520 496 1694 525 ‘miseri'cor-

992 539 1043 568 dia
1054 540 1081 568 et
1092 539 1349 570 miserationibus.
1359 540 1422 569 Sed
1433 541 1608 578 memento,
1617 539 1694 577 quia

992 592 1062 621 quae
1077 584 1133 613 has
1145 585 1295 615 conciliat
1310 585 1486 623 amicitias,
1500 593 1615 623 sponsa
1631 585 1693 615 est.

992 630 1157 666 Quomodo
1174 639 1249 668 ergo
1261 638 1412 669 sponsum
1424 651 1433 667 ,
1447 632 1480 660 et
1496 630 1582 660 hunc
1599 639 1691 668 spon-

993 683 1065 704 sum
1080 676 1176 705 alteri
1195 676 1308 714 cedit,
1326 684 1368 706 ne
1381 675 1486 705 dicam
1501 675 1592 713 cupit
1603 675 1615 704 ἓ
1626 676 1695 705 ‚Non

994 722 1043 750 est
1058 721 1114 751 ita.
1145 722 1240 760 Cupit
1255 722 1388 760 quidem
1407 721 1502 751 illum
1516 721 1611 751 matri
1627 721 1694 750 filia

995 765 1098 803 bona,
1115 775 1180 796 non
1201 769 1309 797 tamen
1331 768 1369 797 ut
1393 766 1486 796 cedat
1501 766 1568 804 illi,
1587 766 1644 796 sed
1659 766 1696 795 ut

994 812 1222 842 communicet.
1240 812 1366 842 Sufficit
1380 820 1466 843 unus
1482 812 1618 849 duabus,
1630 811 1693 841 nisi

994 856 1080 893 quod
1094 856 1160 892 jam
1176 864 1241 886 non
1265 857 1362 886 erunt
1388 856 1477 894 duae,
1503 856 1560 887 sed
1580 864 1646 885 una
1660 855 1695 884 in

994 900 1075 938 ipso.
1089 902 1159 939 lpse
1176 903 1225 931 est
1238 901 1325 931 enim
1335 909 1398 939 pax
1411 903 1519 931 nostra
1529 923 1539 939 ,
1551 901 1606 939 qui
1620 900 1696 929 facit

994 947 1165 984 utramque
1179 955 1278 976 unam
1289 968 1298 985 ,
1314 948 1350 976 ut
1365 946 1407 976 sit
1424 955 1489 976 una
1511 954 1623 985 sponsa
1637 968 1645 983 ,
1662 946 1696 975 ct

994 998 1129 1028 sponsus
1144 999 1229 1021 unus
1254 992 1348 1022 Jesus
1371 992 1515 1022 Christus
1540 992 1696 1021 Dominus

995 1036 1103 1066 noster
1112 1057 1122 1074 ,
1137 1037 1193 1075 qui
1209 1038 1257 1066 est
1269 1045 1365 1075 super
1376 1037 1484 1067 omnia
1496 1037 1583 1067 Deus
1596 1036 1696 1067 bene-

995 1081 1101 1112 dictus
1112 1082 1147 1112 in
1163 1084 1298 1121 saecula,
1314 1090 1423 1113 amen.

1165 1200 1335 1234 SERMO
1363 1201 1518 1234 LXXX.

996 1274 1036 1299 De
1049 1274 1171 1304 imagine
1181 1274 1237 1299 sive
1249 1274 1343 1299 Verbo
1358 1275 1423 1303 Dei,
1438 1276 1463 1298 et
1476 1274 1570 1298 anima
1580 1278 1646 1304 quae
1661 1273 1696 1297 ad

1025 1311 1178 1340 imaginem
1203 1313 1258 1339 est,
1277 1311 1385 1334 subtilis
1408 1311 1555 1340 disputatio
1577 1317 1585 1334 ι
1608 1311 1637 1333 et
1662 1309 1697 1332 de

1026 1352 1124 1369 errore
1138 1346 1286 1370 Gilleberti
1300 1346 1462 1370 pictavensis
1474 1344 1599 1376 episcopi.

1037 1402 1068 1432 4.
1095 1402 1236 1439 QrmAM
1257 1401 1404 1431 vestrum
1431 1399 1442 1439 (
1467 1401 1505 1431 ut
1525 1398 1695 1438 comperi)

997 1446 1104 1477 minus
1128 1455 1219 1485 aequo
1235 1446 1342 1476 animo
1361 1446 1487 1483 ferunt,
1509 1445 1596 1483 quod
1620 1451 1696 1474 ecce

995 1493 1060 1529 jam
1081 1501 1139 1530 per
1154 1493 1278 1530 aliquot
1302 1492 1390 1528 dies,
1416 1491 1493 1521 dum
1514 1490 1641 1528 stupori
1664 1490 1697 1519 et

998 1537 1202 1567 admirationi
1226 1538 1500 1567 sacramentorum
1535 1534 1696 1566 inhaerere

999 1584 1158 1620 delectat,
1172 1591 1276 1613 sermo
1289 1590 1385 1621 quem
1395 1581 1626 1620 ministramus,
1641 1583 1698 1612 aut

998 1630 1087 1658 nullo
1110 1629 1228 1666 tuerit,
1244 1629 1300 1658 aut
1315 1628 1433 1666 exiguo
1449 1627 1619 1657 admodum
1630 1636 1697 1657 mo-

999 1675 1115 1704 ralium
1131 1674 1196 1703 sale
1212 1673 1372 1703 conditus.
1386 1672 1422 1702 ld
1435 1672 1566 1710 quidem
1581 1673 1698 1710 praeter

1000 1720 1144 1750 solitum.
1162 1719 1224 1749 Sed
1238 1726 1315 1748 num
1332 1726 1404 1757 quae
1419 1717 1507 1747 dicta
1527 1719 1624 1756 sunt,
1644 1726 1697 1748 re-

1000 1765 1107 1795 visere
1132 1763 1315 1793 licet3Non
1336 1762 1495 1801 procedo,
1519 1762 1583 1793 nisi
1606 1763 1699 1802 prius

1000 1811 1166 1841 revolvam
1181 1810 1299 1840 omnia.
1315 1809 1371 1838 Eia
1382 1829 1392 1846 ‚
1408 1808 1529 1846 dicite,
1545 1808 1572 1838 si
1587 1817 1698 1839 recor-

1001 1855 1142 1892 damini,
1162 1863 1180 1886 a
1205 1862 1344 1893 quonam
1366 1853 1535 1892 scripturae
1550 1853 1620 1883 loco
1635 1861 1699 1883 coe-

1000 1902 1086 1940 perit
1102 1900 1303 1932 defraudatio
1315 1900 1385 1930 haec
1397 1921 1406 1937 ,
1422 1900 1461 1928 ut
1478 1907 1606 1928 rursum
1621 1898 1698 1929 inde

1001 1948 1139 1978 adoriar.
1170 1948 1276 1977 Meum
1300 1946 1349 1976 est
1378 1945 1534 1976 resarcire
1563 1945 1697 1984 damna,

1002 1994 1100 2023 immo
1111 1992 1258 2029 Domini,
1278 1991 1318 2022 de
1334 1999 1397 2029 quo
1412 1991 1515 2020 totum
1530 1991 1700 2028 praesumi-

1001 2048 1084 2070 mus.
1094 2040 1162 2076 Quo
1172 2039 1281 2076 itaque
1292 2036 1508 2076 repetendum
1523 2036 1703 2075 principio?

1001 2086 1048 2114 An
1063 2085 1138 2114 inde
1149 2105 1158 2122 ,
1170 2085 1208 2114 In
1223 2083 1329 2114 lectulo
1344 2091 1410 2113 meo
1425 2083 1549 2121 qnoesivi
1559 2091 1614 2120 per
1627 2091 1700 2113 noc-

1003 2132 1044 2161 tes
1055 2139 1144 2169 quem
1165 2130 1261 2168 diliqit
1287 2122 1396 2159 ani'ma
1417 2127 1562 2157 mea?Ni
1583 2128 1699 2167 fallor,

1002 2176 1090 2206 inde.
1112 2175 1238 2205 Abhinc
1259 2175 1385 2204 tantum
1402 2173 1436 2202 et
1451 2173 1604 2211 deinceps
1623 2181 1699 2203 cura

1001 2229 1067 2251 una
1095 2220 1160 2250 fuit
1191 2218 1293 2257 mihi,
1326 2219 1441 2248 harum
1473 2218 1699 2256 allegoriarum

1003 2267 1100 2297 densa
1115 2266 1256 2296 discussa
1278 2265 1433 2302 caligine,
1458 2271 1578 2302 ponere
1601 2264 1634 2293 in
1649 2265 1702 2294 lu-

1003 2320 1075 2343 cem
1093 2311 1212 2342 Christi
1229 2312 1263 2341 et
1283 2309 1434 2340 Ecclesiae
1459 2310 1600 2340 secretas
1618 2309 1703 2340 deli-

1004 2360 1080 2389 cias.
1114 2359 1217 2398 Igitur
1247 2357 1419 2387 redeamus
1455 2355 1495 2386 ad
1522 2356 1702 2395 indaganda

1004 2403 1150 2434 moralia.
1175 2403 1241 2433 Nec
1270 2402 1358 2432 enim
1384 2400 1466 2431 mihi
1493 2401 1611 2439 poterit
1632 2409 1702 2432 esso

1004 2450 1148 2488 pigrum,
1165 2448 1251 2488 quod
1269 2447 1362 2479 vohis
1374 2447 1574 2477 commodum
1590 2447 1700 2478 suerit.

1003 2498 1107 2534 Atque
1123 2496 1183 2526 hoc
1198 2495 1243 2525 ita
1258 2500 1396 2532 congrue
1408 2492 1514 2531 fiet,si
1529 2501 1600 2531 quae
1617 2493 1703 2522 dicta

1005 2543 1081 2572 sunt
1097 2542 1131 2572 in
1154 2540 1282 2572 Christo
1305 2541 1339 2571 et
1360 2540 1394 2569 in
1415 2539 1576 2578 Ecclesia,
1598 2539 1702 2568 Verbo

1006 2588 1190 2629 animaeque
1207 2587 1322 2620 eadem
1336 2586 1548 2617 nihilominus
1562 2583 1704 2622 assigne-

272 2629 495 2661 haweffitatom
534 2630 690 2661 restituis.
720 2631 895 2662 Benedicta
933 2633 968 2663 tu
1009 2642 1093 2665 mus-
