1846 3078
286 218 346 247 :314

283 272 436 310 quoniam
450 273 534 305 nihil
549 276 616 315 est,
631 284 690 315 pro
706 284 744 308 eo
760 278 846 316 quod
861 285 924 306 non
937 276 987 305 di-

284 317 357 356 ligit
371 318 494 358 Deum3
509 328 574 351 non
595 321 687 360 potes
700 322 833 360 quidem
849 321 985 357 diligere

283 364 449 402 tamquam
470 365 611 405 teipsum
622 389 632 405 ,
647 367 702 405 qui
728 368 834 396 Deum
851 366 960 403 diligis
976 373 985 394 t

284 407 402 447 diliges
412 410 521 440 tamen
536 412 572 441 ut
586 411 711 449 diligat.
727 411 795 440 Non
811 412 860 440 est
875 411 985 440 autem

282 453 422 492 idipsum
433 476 444 493 ,
459 455 596 493 diligere
610 458 647 486 ut
662 456 791 493 diligat,
804 456 838 485 et
848 455 986 493 diligere

280 498 357 536 quia
372 499 492 538 diligit.
514 500 651 529 Proinde
666 501 702 529 ut
716 500 778 529 tibi
794 501 828 530 et
843 500 912 538 ipse
934 509 986 530 sa—

281 543 349 580 piat
363 546 459 582 prout
474 546 539 582 est,
555 545 658 582 sapiet
673 545 733 574 tibi
746 567 756 583 ,
773 553 837 575 non
851 545 985 584 quidem

285 589 372 626 quod
385 591 451 628 est,
464 590 519 626 qui
535 590 648 627 utique
660 589 744 619 nihil
757 591 821 629 est;
834 591 891 621 sed
902 592 985 629 quod

285 633 414 664 futurus
443 634 575 663 forsitan
602 634 669 672 est,
698 636 784 673 quod
808 636 857 666 est
884 645 984 675 prope

282 679 397 717 nihili,
413 679 534 717 quippe
553 680 639 716 quod
663 680 769 711 adhuc
789 682 909 719 pendet
925 683 984 712 sub

281 724 391 754 dubio.
408 724 535 753 Etenim
551 724 591 754 de
611 733 674 762 quo
697 727 821 757 constat
835 727 920 765 quod
943 728 984 758 ad

281 777 423 798 amorem
437 770 497 799 Dei
512 777 576 799 non
588 771 631 800 sit
643 771 797 810 deinceps
807 773 982 812 rediturus,

281 814 385 852 sapiat
400 814 459 843 tibi
474 823 607 846 necesse
624 818 690 855 est,
711 826 777 848 non
796 827 898 857 prope
916 819 984 856 jam

279 859 383 897 nihil,
398 860 455 889 sed
470 860 555 890 nihil
569 869 612 891 ex
624 863 709 900 toto,
724 864 837 901 utpote
852 866 939 903 quod
950 866 983 895 in

279 906 436 935 aeternum
452 906 537 936 nihil
551 908 612 937 est.
627 908 686 937 Illo
702 908 801 946 igitur
826 911 982 949 excepto,

279 950 335 987 qui
350 958 414 979 nou
436 951 531 981 modo
552 952 620 989 jam
637 960 702 982 non
716 953 916 993 diligendus,
933 956 984 985 in-

277 1004 373 1033 super
388 995 421 1025 et
441 997 515 1027 odio
530 997 699 1029 habendus
721 1000 788 1037 est,
801 1001 983 1031 secundum

278 1041 371 1079 illud,
379 1043 489 1072 Nonne
498 1044 552 1082 qui
564 1044 693 1074 oderunt
704 1046 746 1081 te,
755 1047 903 1085 Domine,
916 1048 984 1076 ode-

277 1096 347 1116 ram
356 1108 366 1124 ,
379 1089 408 1118 et
421 1097 512 1127 super
533 1090 674 1120 inimicos
688 1092 755 1120 tuos
769 1091 983 1122 tabescebam?

279 1132 319 1161 de
348 1134 465 1163 caetero
490 1134 573 1164 nulli
595 1135 650 1164 vel
674 1135 900 1166 inimicissimo
925 1137 983 1167 ho—

277 1178 358 1207 mini
385 1180 497 1217 negari
524 1181 858 1220 quantulumcumque
883 1182 983 1212 affec-

277 1224 346 1252 tum
360 1224 476 1255 caritas
487 1233 564 1255 sane
580 1225 614 1255 in
626 1226 686 1256 hac
701 1226 793 1264 parte
810 1227 981 1257 ambitiosa

279 1270 452 1306 permittit.
478 1270 557 1308 Quis
583 1272 733 1311 sapiens,
759 1274 793 1303 et
819 1273 982 1311 intelliget

281 1314 369 1344 haec?

318 1360 349 1390 8.
367 1362 419 1390 DA
438 1369 521 1391 mnu
538 1369 724 1401 HOMINEM,
740 1363 795 1401 qui
816 1364 890 1394 ante
913 1372 982 1394 on]-

279 1404 334 1434 nia
349 1406 482 1443 quidem
507 1415 550 1437 ex
573 1409 641 1438 toto
665 1417 699 1438 se
722 1409 834 1447 diligat
858 1411 980 1449 Deum3

277 1458 311 1479 sc
326 1458 404 1480 vero
420 1451 454 1480 et
467 1452 653 1489 proximum
663 1475 672 1491 ,
688 1454 723 1483 in
738 1455 894 1491 quantum
906 1455 983 1484 dili-

278 1496 360 1534 gunt
397 1497 524 1535 ipsum3
549 1498 719 1528 inimicum
746 1500 854 1529 autem
865 1521 874 1537 ,
902 1501 982 1530 tam-

279 1549 377 1580 quam
401 1542 574 1580 aliquando
603 1544 737 1574 forsitan
767 1545 980 1584 dilecturum3

280 1595 374 1624 porro
398 1589 551 1625 parentes
577 1590 683 1619 carnis
709 1598 773 1620 suae
799 1591 981 1628 germanius

277 1632 412 1670 propter
426 1634 573 1663 naturam
584 1655 594 1672 ‚
610 1633 803 1672 spirituales
815 1644 893 1666 vero
907 1645 982 1666 eru-

275 1677 397 1707 ditores
413 1686 486 1708 suos
499 1679 661 1716 profusius
675 1682 807 1718 propter
822 1681 956 1719 gratiam
971 1691 979 1720 3

277 1722 375 1760 atque
388 1723 426 1752 in
440 1723 528 1754 hunc
546 1725 677 1755 modum
699 1726 739 1756 ad
760 1727 876 1756 caetera
892 1736 982 1765 quae-

274 1776 338 1805 que
359 1768 420 1798 Dei
440 1769 588 1800 ordinato
608 1771 756 1802 intendat
780 1780 887 1802 amore
901 1794 910 1810 ‚
927 1773 982 1802 de-

274 1813 418 1850 spiciens
456 1814 595 1853 terram,
628 1817 808 1854 suspiciens
843 1819 959 1848 coelum
971 1841 979 1857 ,

275 1858 372 1888 utens
387 1859 448 1890 hoc
463 1860 583 1890 mundo
598 1861 762 1899 tamquam
780 1871 846 1892 non
868 1865 980 1903 utens,

276 1905 309 1933 et
324 1904 409 1934 inter
428 1906 549 1935 utenda
565 1907 598 1936 et
612 1906 750 1937 fruenda
770 1908 886 1938 intimo
901 1918 982 1946 quo-

275 1949 348 1978 dam
362 1951 480 1980 mentis
495 1958 608 1989 sapore
623 1952 812 1983 discernens
823 1975 833 1989 ‚
846 1955 882 1983 ut
893 1954 981 1984 tran-

277 1994 388 2024 sitoria
415 1996 619 2035 transitorie,
635 1998 669 2027 et
696 1998 737 2028 ad
756 1998 791 2027 id
813 1998 982 2030 dumtaxat

275 2040 361 2076 quod
386 2048 485 2078 opus,
513 2042 547 2071 et
571 2043 667 2080 prout
692 2051 772 2081 opus
796 2044 846 2073 est
870 2046 978 2084 curet,

275 2085 394 2114 aeterna
419 2085 582 2116 desiderio
605 2088 820 2125 amplectatur
833 2089 953 2119 aeterno
970 2099 978 2119 :

273 2130 390 2168 talem,
406 2131 537 2169 inquam
550 2155 559 2170 ,
574 2133 615 2163 da
638 2134 721 2163 mihi
746 2134 930 2174 hominem,
947 2137 981 2166 et

275 2182 332 2212 ego
352 2176 505 2207 audacter
521 2178 614 2208 illum
630 2180 812 2217 sapientem
836 2189 979 2218 pronun-

277 2220 340 2256 tio,
357 2220 410 2248 cui
438 2222 593 2253 nimirum
621 2232 758 2262 quaeque
783 2233 835 2255 res
862 2233 979 2256 revera

278 2264 407 2302 sapiunt
428 2268 525 2302 prout
545 2270 642 2307 sunt,
659 2270 691 2299 et
713 2269 767 2299 cui
783 2270 817 2299 in
839 2271 978 2301 veritate

276 2309 373 2347 atque
399 2311 574 2342 securitate
599 2315 756 2353 competit
779 2316 931 2354 gloriari,
947 2318 981 2347 et

276 2354 386 2384 dicere
397 2376 408 2392 ,
423 2355 499 2393 quia
515 2359 664 2390 ordinavit
688 2362 721 2390 in
742 2370 790 2391 me
805 2362 979 2392 caritatem.

276 2399 341 2429 Sed
368 2399 425 2429 ubi
454 2400 529 2437 ille,
554 2404 610 2432 aut
631 2405 759 2441 quando
781 2406 864 2436 ista?
888 2407 981 2443 Quod

277 2444 359 2475 flens
374 2445 465 2484 dico,
479 2454 646 2485 quousque
662 2450 832 2482 odoramus
844 2474 853 2490 ,
869 2454 903 2483 et
917 2462 980 2484 non

277 2490 460 2529 gustamus,
499 2493 731 2530 prospicientes
765 2498 924 2538 patriam,
948 2501 982 2530 et

276 2543 340 2565 non
368 2536 651 2574 apprehendentes
664 2560 673 2575 ,
702 2541 919 2581 suspirantes,
949 2545 982 2574 et

278 2580 319 2610 de
336 2581 429 2620 longe
446 2582 643 2613 salutantes?
655 2583 679 2612 O
692 2586 812 2615 veritas
830 2589 982 2618 exsulum

276 2625 398 2665 patria,
420 2626 528 2657 exsilii
551 2627 642 2658 finis!
665 2628 762 2659 video
787 2631 838 2668 te,
855 2632 911 2662 sed
935 2632 983 2662 in-

768 225 797 252 S.
819 222 1051 253 BEBNARDI
1072 226 1264 256 ABBATIS

1020 276 1107 307 trare
1121 286 1186 308 non
1202 280 1289 310 sinor
1303 289 1398 313 carne
1410 282 1573 321 retentus,
1588 285 1644 315 sed
1659 294 1720 316 noc

1019 321 1134 359 dignus
1149 323 1294 364 admitti,
1310 328 1450 365 peccatis
1468 329 1611 360 sordens.
1623 330 1648 359 O
1663 331 1719 360 Sa-

1018 366 1161 406 pientia,
1186 378 1259 407 quae
1274 373 1406 411 attingis
1429 382 1448 403 a
1472 374 1537 404 fine
1552 383 1657 413 usque
1679 375 1720 405 ad

1018 411 1115 442 finem
1139 413 1266 445 fortiter
1287 416 1322 446 in
1345 418 1554 450 instituendis
1567 421 1601 450 et
1615 420 1719 450 conti-

1018 458 1133 488 nendis
1147 460 1265 499 rebus;
1281 463 1314 492 et
1332 462 1475 501 disponis
1489 465 1597 495 omnia
1609 466 1722 496 suavi-

1018 503 1068 532 ter
1083 504 1117 533 in
1132 504 1267 536 beandis
1282 507 1315 536 et
1326 508 1512 540 ordinandis
1527 510 1718 541 affectibus!

1018 548 1121 586 dirige
1135 552 1224 582 actus
1244 553 1385 592 nostros,
1400 556 1496 592 prout
1515 558 1623 587 nostra
1638 558 1720 587 tem-

1017 595 1135 631 poralis
1162 597 1341 628 necessitas
1368 600 1471 637 poscit
1484 609 1494 638 3
1522 603 1555 632 et
1582 602 1719 640 dispone

1017 639 1155 671 affectus
1193 645 1336 682 nostros,
1374 647 1470 683 prout
1507 647 1563 676 tua
1598 649 1720 679 veritas

1016 687 1136 717 aeterna
1151 690 1307 729 requirit,
1322 691 1359 721 ut
1382 692 1483 729 possit
1497 693 1718 731 unusquisque

1016 733 1162 763 nostrum
1176 742 1289 765 secure
1306 736 1339 766 in
1354 737 1386 767 te
1399 737 1530 774 gloriari
1546 738 1578 767 et
1590 738 1698 768 dicere
1711 761 1722 777 ,

1016 778 1093 816 quia
1118 781 1269 810 ordinavit
1291 783 1324 811 in
1350 791 1397 812 mc
1422 785 1594 813 caritatem.
1615 785 1663 813 Tu
1684 792 1719 814 es

1017 823 1104 853 enim
1120 825 1179 854 Dei
1195 825 1298 856 virtus
1310 827 1343 857 et
1353 828 1411 857 Dei
1425 828 1583 866 sapientia
1593 851 1602 866 ,
1613 830 1718 860 Chris-

1016 871 1068 898 tus
1087 877 1220 907 sponsus
1235 871 1383 902 Ecclesiae
1394 894 1403 909 ,
1419 873 1575 903 Dominus
1589 874 1717 913 noster,

1015 922 1112 952 super
1124 916 1232 946 omnia
1241 917 1327 948 Deus
1337 918 1528 949 benedictus
1542 920 1577 950 in
1588 921 1716 958 saecula,

1016 966 1124 990 amen.

1314 1012 1415 1020 ——

1233 1061 1404 1096 SERMO
1432 1064 1495 1097 LI.

1016 1132 1144 1165 Qualiter
1155 1140 1248 1166 sponsa
1261 1137 1328 1166 petit
1341 1137 1392 1160 sihi
1409 1138 1586 1163 accumulari
1603 1138 1717 1163 fructus

1045 1170 1189 1194 bonorum
1204 1171 1332 1202 Operum
1347 1180 1413 1196 cum
1428 1174 1562 1204 floribus,
1574 1177 1601 1198 et
1619 1175 1719 1199 odora-

1046 1207 1147 1230 mentis
1159 1207 1254 1236 Fidei;
1269 1208 1337 1231 item
1350 1209 1383 1232 de
1396 1209 1463 1240 Spe,
1475 1212 1501 1233 et
1514 1211 1626 1234 timore.

1056 1268 1086 1297 1.
1113 1269 1258 1299 FULcrrE
1290 1279 1338 1300 me
1364 1271 1510 1308 floribus,
1534 1274 1642 1309 stipate
1668 1280 1718 1303 me

1015 1315 1106 1344 malis
1115 1335 1125 1351 ‚
1139 1316 1211 1352 quia
1223 1324 1327 1345 amore
1340 1317 1480 1355 langueo.
1493 1317 1601 1348 Crevit
1616 1326 1717 1355 amor,

1015 1358 1090 1396 quia
1107 1360 1274 1389 incentiva
1288 1363 1405 1391 amoris
1426 1362 1519 1400 plura
1534 1363 1628 1393 solito
1642 1371 1718 1402 pro-

1016 1407 1195 1436 cesserunt.
1208 1406 1307 1436 Vides
1322 1406 1481 1445 siquidem
1492 1429 1501 1446 ‚
1516 1410 1636 1446 quanta
1656 1409 1716 1439 hac

1015 1450 1088 1480 vice
1111 1459 1175 1480 non
1187 1452 1320 1482 videndi
1333 1453 1476 1492 tantum,
1496 1454 1553 1484 sed
1568 1455 1602 1484 et
1622 1455 1718 1485 collo-

1015 1496 1137 1532 quendi
1165 1498 1257 1535 copia
1283 1497 1356 1527 suit.
1384 1499 1455 1537 Ipsa
1478 1508 1606 1538 quoque
1635 1501 1719 1531 visio

1015 1543 1149 1579 apparet
1183 1543 1278 1572 vultu
1317 1543 1442 1573 indulta
1479 1545 1658 1584 sereniori,
1684 1548 1718 1577 et

1014 1594 1118 1616 sermo
1142 1588 1333 1626 jucundior,
1351 1591 1384 1619 et
1398 1591 1625 1621 sermocinatio
1645 1592 1717 1621 lon—

1015 1633 1084 1669 gior
1097 1633 1194 1671 atque
1207 1635 1410 1672 protractior.
1422 1636 1485 1665 Nec
1497 1637 1599 1666 solum
1611 1637 1718 1667 oblee-

1015 1678 1080 1708 tata
1096 1679 1273 1717 colloquio,
1290 1680 1345 1709 sed
1361 1681 1394 1709 et
1408 1681 1542 1718 gloriata
1556 1682 1716 1719 praeconio

1016 1724 1076 1753 est.
1093 1725 1140 1753 Ad
1166 1725 1253 1763 haec,
1267 1725 1338 1762 ejus
1365 1734 1463 1763 quem
1477 1725 1718 1757 desideraverat

1015 1768 1206 1807 refrigerata
1232 1771 1279 1800 est
1304 1770 1436 1808 umbra,
1460 1771 1566 1801 cibata
1592 1771 1716 1810 fructu,

1015 1815 1123 1851 potata
1147 1814 1260 1845 calice.
1276 1816 1341 1845 Nec
1366 1816 1453 1846 enim
1475 1817 1639 1847 sitibunda
1657 1826 1717 1856 pu·

1014 1859 1111 1889 tanda
1140 1860 1190 1890 est
1214 1861 1321 1890 exisse
1348 1861 1387 1891 de
1416 1862 1496 1891 cella
1520 1862 1665 1900 vinaria,
1681 1863 1716 1893 in

1014 1913 1111 1942 quam
1139 1914 1172 1936 se
1194 1906 1412 1937 introductam
1434 1907 1526 1937 modo
1542 1907 1716 1939 novissime

1014 1950 1180 1986 gloriatur.
1198 1952 1297 1981 Immo
1320 1960 1398 1981 vero
1422 1952 1605 1990 sitibunda,
1634 1962 1716 1990 quo-

1014 1995 1100 2024 niam
1130 1997 1183 2034 qui
1203 1996 1276 2025 bibit
1290 2005 1356 2032 me,
1369 1996 1495 2034 inquit,
1511 1997 1609 2027 adhuc
1623 1999 1713 2029 sitiet.

1013 2042 1086 2071 Post
1101 2041 1159 2071 ista
1173 2041 1297 2079 omnia,
1313 2050 1427 2080 sponso
1443 2050 1532 2072 more
1548 2051 1604 2072 suo
1625 2052 1716 2073 sece-

1014 2087 1129 2124 dente,
1153 2087 1210 2117 illa
1233 2088 1386 2125 languere
1411 2096 1518 2118 amore
1543 2096 1577 2117 se
1602 2089 1717 2126 perhi-

1014 2132 1088 2170 bet,
1104 2133 1137 2161 id
1163 2134 1211 2163 est
1234 2141 1300 2171 prae
1321 2141 1440 2162 amore.
1455 2133 1525 2170 Quo
1541 2134 1627 2163 enim
1643 2143 1716 2172 gra-

1013 2178 1130 2207 tiorem
1152 2178 1259 2207 fuerat
1281 2179 1415 2216 experta
1431 2179 1637 2216 praesentiam
1651 2201 1660 2217 ‚
1676 2188 1715 2210 eo

1012 2223 1215 2260 postmodum
1225 2223 1404 2253 absentiam
1413 2224 1632 2254 molestiorem
1644 2232 1716 2254 sen-

1012 2269 1065 2298 sit.
1083 2268 1299 2299 SUBTRAcrio
1313 2277 1431 2307 nempe
1446 2269 1494 2299 rei
1509 2277 1604 2307 quam
1617 2278 1715 2309 amas,

1013 2315 1232 2353 augmentatio
1245 2315 1400 2345 desiderii
1416 2315 1465 2345 est
1481 2323 1490 2344 ι
1506 2316 1540 2345 et
1554 2315 1638 2353 quod
1662 2324 1716 2345 ar-

1013 2360 1143 2390 dentius
1159 2360 1340 2398 desideras,
1356 2369 1446 2391 cares
1468 2361 1596 2399 aegrius.
1613 2361 1717 2398 Rogat

1013 2406 1152 2445 proinde
1180 2406 1241 2436 ista
1266 2406 1400 2436 interim
1424 2406 1640 2437 odoramentis
1659 2406 1716 2436 sso-

1013 2460 1086 2481 rum
1112 2460 1148 2482 ac
1174 2451 1337 2482 fructuum
1353 2451 1534 2490 confoveri,
1550 2460 1714 2490 quousque

1015 2498 1121 2528 denuo
1141 2498 1343 2535 revertatur,
1365 2506 1464 2536 quem
1489 2497 1714 2527 molestissime

1014 2544 1156 2574 sustinet
1183 2544 1417 2574 demorantem.
1447 2544 1549 2581 Atque
1578 2543 1606 2572 is
1638 2542 1714 2572 ordo

1015 2597 1213 2619 sermonum.

1056 2635 1087 2663 2.
1119 2635 1206 2664 Nunc
1233 2634 1297 2671 §arn
1326 2633 1525 2672 spiritualem
1556 2632 1714 2671 fructum,
