<?xml version="1.0" encoding="UTF-8"?>
<!DOCTYPE html PUBLIC "-//W3C//DTD XHTML 1.0 Transitional//EN"
    "http://www.w3.org/TR/xhtml1/DTD/xhtml1-transitional.dtd">
<html xmlns="http://www.w3.org/1999/xhtml" xml:lang="en" lang="en">
 <head>
  <title>
</title>
<meta http-equiv="Content-Type" content="text/html;charset=utf-8" />
  <meta name='ocr-system' content='tesseract 3.04.00' />
  <meta name='ocr-capabilities' content='ocr_page ocr_carea ocr_par ocr_line ocrx_word'/>
</head>
<body>
  <div class='ocr_page' id='page_1' title='image "./operagenuinajuxt03bernuoft/operagenuinajuxt03bernuoft_0169.png"; bbox 0 0 1810 3073; ppageno 0'>
   <div class='ocr_carea' id='block_1_1' title="bbox 527 198 1030 233">
    <p class='ocr_par' dir='ltr' id='par_1_1' title="bbox 527 198 1030 233">
     <span class='ocr_line' id='line_1_1' title="bbox 527 198 1030 233; baseline -0.012 0"><span class='ocrx_word' id='word_1_1' title='bbox 527 205 575 233; x_wconf 82' lang='grc' dir='ltr'>ΙΝ</span> <span class='ocrx_word' id='word_1_2' title='bbox 598 198 796 232; x_wconf 75' lang='lat' dir='ltr'>CANTICA</span> <span class='ocrx_word' id='word_1_3' title='bbox 819 200 968 228; x_wconf 87' lang='lat' dir='ltr'>SERMO</span> <span class='ocrx_word' id='word_1_4' title='bbox 995 201 1030 228; x_wconf 88' lang='lat' dir='ltr'>V.</span> 
     </span>
    </p>
   </div>
   <div class='ocr_carea' id='block_1_2' title="bbox 1435 204 1494 234">
    <p class='ocr_par' dir='ltr' id='par_1_2' title="bbox 1435 204 1494 234">
     <span class='ocr_line' id='line_1_2' title="bbox 1435 204 1494 234; baseline 0.017 -1"><span class='ocrx_word' id='word_1_5' title='bbox 1435 204 1494 234; x_wconf 70' lang='lat'>¹59</span> 
     </span>
    </p>
   </div>
   <div class='ocr_carea' id='block_1_3' title="bbox 94 250 1491 293">
    <p class='ocr_par' dir='ltr' id='par_1_3' title="bbox 94 250 1491 293">
     <span class='ocr_line' id='line_1_3' title="bbox 94 250 1491 293; baseline -0.005 -1"><span class='ocrx_word' id='word_1_6' title='bbox 94 259 124 292; x_wconf 67' lang='grc' dir='ltr'>ὅ.</span> <span class='ocrx_word' id='word_1_7' title='bbox 141 260 223 292; x_wconf 89' lang='lat' dir='ltr'>Etin</span> <span class='ocrx_word' id='word_1_8' title='bbox 235 259 285 290; x_wconf 90' lang='lat' dir='ltr'>his</span> <span class='ocrx_word' id='word_1_9' title='bbox 299 257 448 288; x_wconf 88' lang='lat' dir='ltr'>omnibus</span> <span class='ocrx_word' id='word_1_10' title='bbox 459 253 755 293; x_wconf 82' lang='lat' dir='ltr'>creandis,guber·</span> <span class='ocrx_word' id='word_1_11' title='bbox 788 250 930 289; x_wconf 86' lang='lat' dir='ltr'>corporis</span> <span class='ocrx_word' id='word_1_12' title='bbox 955 251 1208 281; x_wconf 85' lang='lat' dir='ltr'>instrumentum</span> <span class='ocrx_word' id='word_1_13' title='bbox 1234 259 1344 290; x_wconf 86' lang='lat' dir='ltr'>sensa,</span> <span class='ocrx_word' id='word_1_14' title='bbox 1362 254 1394 284; x_wconf 89' lang='lat' dir='ltr'>in</span> <span class='ocrx_word' id='word_1_15' title='bbox 1414 263 1491 285; x_wconf 90' lang='lat' dir='ltr'>nos-</span> 
     </span>
    </p>
   </div>
   <div class='ocr_carea' id='block_1_4' title="bbox 50 301 757 659">
    <p class='ocr_par' dir='ltr' id='par_1_4' title="bbox 50 301 757 659">
     <span class='ocr_line' id='line_1_4' title="bbox 51 301 755 344; baseline -0.011 -7"><span class='ocrx_word' id='word_1_16' title='bbox 51 307 179 344; x_wconf 83' lang='lat' dir='ltr'>nandis,</span> <span class='ocrx_word' id='word_1_17' title='bbox 187 302 449 336; x_wconf 81' lang='lat' dir='ltr'>administrandis</span> <span class='ocrx_word' id='word_1_18' title='bbox 458 324 467 340; x_wconf 89' lang='lat'>,</span> <span class='ocrx_word' id='word_1_19' title='bbox 476 301 649 332; x_wconf 89' lang='lat' dir='ltr'>movendis</span> <span class='ocrx_word' id='word_1_20' title='bbox 659 322 667 338; x_wconf 92' lang='lat'>,</span> <span class='ocrx_word' id='word_1_21' title='bbox 681 308 755 337; x_wconf 84' lang='lat' dir='ltr'>pro-</span> 
     </span>
     <span class='ocr_line' id='line_1_5' title="bbox 52 345 755 387; baseline -0.011 -5"><span class='ocrx_word' id='word_1_22' title='bbox 52 351 236 387; x_wconf 88' lang='lat' dir='ltr'>movendis,</span> <span class='ocrx_word' id='word_1_23' title='bbox 247 349 439 380; x_wconf 85' lang='lat' dir='ltr'>innovandis</span> <span class='ocrx_word' id='word_1_24' title='bbox 448 370 457 386; x_wconf 93' lang='lat'>,</span> <span class='ocrx_word' id='word_1_25' title='bbox 467 347 645 385; x_wconf 86' lang='lat' dir='ltr'>firmandis,</span> <span class='ocrx_word' id='word_1_26' title='bbox 655 345 755 376; x_wconf 87' lang='lat' dir='ltr'>nullis</span> 
     </span>
     <span class='ocr_line' id='line_1_6' title="bbox 51 390 755 434; baseline -0.01 -8"><span class='ocrx_word' id='word_1_27' title='bbox 51 395 216 434; x_wconf 88' lang='lat' dir='ltr'>corporeis</span> <span class='ocrx_word' id='word_1_28' title='bbox 253 394 379 432; x_wconf 77' lang='lat' dir='ltr'>indiget</span> <span class='ocrx_word' id='word_1_29' title='bbox 421 392 667 429; x_wconf 79' lang='lat' dir='ltr'>instrumentis,</span> <span class='ocrx_word' id='word_1_30' title='bbox 699 390 755 429; x_wconf 92' lang='lat' dir='ltr'>qui</span> 
     </span>
     <span class='ocr_line' id='line_1_7' title="bbox 52 435 755 477; baseline -0.009 -6"><span class='ocrx_word' id='word_1_31' title='bbox 52 442 159 471; x_wconf 85' lang='lat' dir='ltr'>omnia</span> <span class='ocrx_word' id='word_1_32' title='bbox 176 441 242 471; x_wconf 90' lang='lat' dir='ltr'>solo</span> <span class='ocrx_word' id='word_1_33' title='bbox 257 441 356 471; x_wconf 87' lang='lat' dir='ltr'>verbo</span> <span class='ocrx_word' id='word_1_34' title='bbox 372 439 405 470; x_wconf 86' lang='lat' dir='ltr'>et</span> <span class='ocrx_word' id='word_1_35' title='bbox 420 446 552 477; x_wconf 89' lang='lat' dir='ltr'>corpora</span> <span class='ocrx_word' id='word_1_36' title='bbox 566 436 709 474; x_wconf 88' lang='lat' dir='ltr'>creavit,</span> <span class='ocrx_word' id='word_1_37' title='bbox 720 435 755 465; x_wconf 89' lang='lat' dir='ltr'>et</span> 
     </span>
     <span class='ocr_line' id='line_1_8' title="bbox 51 481 756 524; baseline -0.01 -7"><span class='ocrx_word' id='word_1_38' title='bbox 51 487 196 524; x_wconf 89' lang='lat' dir='ltr'>spiritus.</span> <span class='ocrx_word' id='word_1_39' title='bbox 213 487 335 516; x_wconf 78' lang='lat' dir='ltr'>Animae</span> <span class='ocrx_word' id='word_1_40' title='bbox 351 485 538 524; x_wconf 88' lang='lat' dir='ltr'>corporibus</span> <span class='ocrx_word' id='word_1_41' title='bbox 550 484 584 513; x_wconf 88' lang='lat' dir='ltr'>et</span> <span class='ocrx_word' id='word_1_42' title='bbox 595 481 756 520; x_wconf 88' lang='lat' dir='ltr'>corporcis</span> 
     </span>
     <span class='ocr_line' id='line_1_9' title="bbox 52 527 756 570; baseline -0.009 -9"><span class='ocrx_word' id='word_1_43' title='bbox 52 532 150 570; x_wconf 84' lang='lat' dir='ltr'>egent</span> <span class='ocrx_word' id='word_1_44' title='bbox 178 532 326 562; x_wconf 81' lang='lat' dir='ltr'>sensibus</span> <span class='ocrx_word' id='word_1_45' title='bbox 338 553 347 570; x_wconf 95' lang='lat'>,</span> <span class='ocrx_word' id='word_1_46' title='bbox 377 531 497 569; x_wconf 90' lang='lat' dir='ltr'>quibus</span> <span class='ocrx_word' id='word_1_47' title='bbox 523 529 585 560; x_wconf 87' lang='lat' dir='ltr'>sibi</span> <span class='ocrx_word' id='word_1_48' title='bbox 613 527 756 557; x_wconf 89' lang='lat' dir='ltr'>invicem</span> 
     </span>
     <span class='ocr_line' id='line_1_10' title="bbox 53 574 757 614; baseline -0.007 -8"><span class='ocrx_word' id='word_1_49' title='bbox 53 577 281 614; x_wconf 81' lang='lat' dir='ltr'>innotescant,</span> <span class='ocrx_word' id='word_1_50' title='bbox 296 579 328 607; x_wconf 90' lang='lat' dir='ltr'>et</span> <span class='ocrx_word' id='word_1_51' title='bbox 340 577 479 607; x_wconf 86' lang='lat' dir='ltr'>valeant.</span> <span class='ocrx_word' id='word_1_52' title='bbox 496 575 535 605; x_wconf 75' lang='lat' dir='ltr'>At</span> <span class='ocrx_word' id='word_1_53' title='bbox 550 582 613 604; x_wconf 92' lang='lat' dir='ltr'>non</span> <span class='ocrx_word' id='word_1_54' title='bbox 629 574 673 603; x_wconf 91' lang='lat' dir='ltr'>ita</span> <span class='ocrx_word' id='word_1_55' title='bbox 688 581 757 602; x_wconf 92' lang='lat' dir='ltr'>om-</span> 
     </span>
     <span class='ocr_line' id='line_1_11' title="bbox 50 617 755 659; baseline -0.006 -9"><span class='ocrx_word' id='word_1_56' title='bbox 50 621 204 659; x_wconf 88' lang='lat' dir='ltr'>nipotens</span> <span class='ocrx_word' id='word_1_57' title='bbox 228 622 334 659; x_wconf 83' lang='lat' dir='ltr'>Deus,</span> <span class='ocrx_word' id='word_1_58' title='bbox 359 621 412 650; x_wconf 91' lang='lat' dir='ltr'>cui</span> <span class='ocrx_word' id='word_1_59' title='bbox 438 621 477 649; x_wconf 86' lang='lat' dir='ltr'>de</span> <span class='ocrx_word' id='word_1_60' title='bbox 499 620 566 649; x_wconf 89' lang='lat' dir='ltr'>sola</span> <span class='ocrx_word' id='word_1_61' title='bbox 589 617 755 648; x_wconf 86' lang='lat' dir='ltr'>voluntate</span> 
     </span>
    </p>
   </div>
   <div class='ocr_carea' id='block_1_5' title="bbox 26 663 757 1150">
    <p class='ocr_par' dir='ltr' id='par_1_5' title="bbox 26 663 757 1150">
     <span class='ocr_line' id='line_1_12' title="bbox 26 663 757 705; baseline -0.005 -9"><span class='ocrx_word' id='word_1_62' title='bbox 26 689 30 692; x_wconf 92' lang='lat'>.</span> <span class='ocrx_word' id='word_1_63' title='bbox 51 668 178 696; x_wconf 76' lang='lat' dir='ltr'>caeteris</span> <span class='ocrx_word' id='word_1_64' title='bbox 189 667 332 705; x_wconf 84' lang='lat' dir='ltr'>suppetit</span> <span class='ocrx_word' id='word_1_65' title='bbox 346 665 521 696; x_wconf 84' lang='lat' dir='ltr'>efficientia</span> <span class='ocrx_word' id='word_1_66' title='bbox 531 666 597 694; x_wconf 88' lang='lat' dir='ltr'>tam</span> <span class='ocrx_word' id='word_1_67' title='bbox 608 663 757 693; x_wconf 85' lang='lat' dir='ltr'>creandis</span> 
     </span>
     <span class='ocr_line' id='line_1_13' title="bbox 49 708 755 750; baseline -0.003 -10"><span class='ocrx_word' id='word_1_68' title='bbox 49 712 158 749; x_wconf 86' lang='lat' dir='ltr'>rebus,</span> <span class='ocrx_word' id='word_1_69' title='bbox 169 721 263 750; x_wconf 89' lang='lat' dir='ltr'>quam</span> <span class='ocrx_word' id='word_1_70' title='bbox 279 711 466 742; x_wconf 86' lang='lat' dir='ltr'>ordinandis</span> <span class='ocrx_word' id='word_1_71' title='bbox 485 710 582 748; x_wconf 90' lang='lat' dir='ltr'>prout</span> <span class='ocrx_word' id='word_1_72' title='bbox 602 708 755 739; x_wconf 88' lang='lat' dir='ltr'>voluerit.</span> 
     </span>
     <span class='ocr_line' id='line_1_14' title="bbox 51 754 755 795; baseline 0 -11"><span class='ocrx_word' id='word_1_73' title='bbox 51 757 143 787; x_wconf 88' lang='lat' dir='ltr'>Valet</span> <span class='ocrx_word' id='word_1_74' title='bbox 153 757 205 787; x_wconf 90' lang='lat' dir='ltr'>cui</span> <span class='ocrx_word' id='word_1_75' title='bbox 219 757 472 795; x_wconf 85' lang='lat' dir='ltr'>vult,quantum</span> <span class='ocrx_word' id='word_1_76' title='bbox 487 755 558 785; x_wconf 91' lang='lat' dir='ltr'>vult</span> <span class='ocrx_word' id='word_1_77' title='bbox 569 755 621 793; x_wconf 88' lang='lat' dir='ltr'>,et</span> <span class='ocrx_word' id='word_1_78' title='bbox 636 754 755 792; x_wconf 82' lang='lat' dir='ltr'>absque</span> 
     </span>
     <span class='ocr_line' id='line_1_15' title="bbox 49 801 757 839; baseline -0.003 -8"><span class='ocrx_word' id='word_1_79' title='bbox 49 802 262 839; x_wconf 86' lang='lat' dir='ltr'>corporalium</span> <span class='ocrx_word' id='word_1_80' title='bbox 288 802 414 839; x_wconf 83' lang='lat' dir='ltr'>officio,</span> <span class='ocrx_word' id='word_1_81' title='bbox 431 801 628 839; x_wconf 84' lang='lat' dir='ltr'>obsequiove</span> <span class='ocrx_word' id='word_1_82' title='bbox 652 808 757 830; x_wconf 89' lang='lat' dir='ltr'>mem—</span> 
     </span>
     <span class='ocr_line' id='line_1_16' title="bbox 50 845 757 885; baseline 0 -10"><span class='ocrx_word' id='word_1_83' title='bbox 50 846 188 876; x_wconf 76' lang='lat' dir='ltr'>luorum.</span> <span class='ocrx_word' id='word_1_84' title='bbox 206 847 310 884; x_wconf 77' lang='lat' dir='ltr'>Quid?</span> <span class='ocrx_word' id='word_1_85' title='bbox 326 847 365 876; x_wconf 90' lang='lat' dir='ltr'>ad</span> <span class='ocrx_word' id='word_1_86' title='bbox 379 847 533 876; x_wconf 86' lang='lat' dir='ltr'>intuenda</span> <span class='ocrx_word' id='word_1_87' title='bbox 548 855 620 885; x_wconf 87' lang='lat' dir='ltr'>quae</span> <span class='ocrx_word' id='word_1_88' title='bbox 645 845 757 876; x_wconf 90' lang='lat' dir='ltr'>condi-</span> 
     </span>
     <span class='ocr_line' id='line_1_17' title="bbox 48 891 756 931; baseline 0.001 -10"><span class='ocrx_word' id='word_1_89' title='bbox 48 891 96 921; x_wconf 88' lang='lat' dir='ltr'>dit</span> <span class='ocrx_word' id='word_1_90' title='bbox 123 893 211 930; x_wconf 85' lang='lat' dir='ltr'>ipse,</span> <span class='ocrx_word' id='word_1_91' title='bbox 226 893 322 930; x_wconf 84' lang='lat' dir='ltr'>putas</span> <span class='ocrx_word' id='word_1_92' title='bbox 343 892 405 923; x_wconf 91' lang='lat' dir='ltr'>sibi</span> <span class='ocrx_word' id='word_1_93' title='bbox 434 892 582 930; x_wconf 88' lang='lat' dir='ltr'>requirat</span> <span class='ocrx_word' id='word_1_94' title='bbox 608 892 756 931; x_wconf 84' lang='lat' dir='ltr'>corporei</span> 
     </span>
     <span class='ocr_line' id='line_1_18' title="bbox 47 937 757 974; baseline 0.003 -8"><span class='ocrx_word' id='word_1_95' title='bbox 47 944 159 967; x_wconf 86' lang='lat' dir='ltr'>sensus</span> <span class='ocrx_word' id='word_1_96' title='bbox 174 937 393 974; x_wconf 78' lang='lat' dir='ltr'>adjutorium?</span> <span class='ocrx_word' id='word_1_97' title='bbox 406 938 493 967; x_wconf 89' lang='lat' dir='ltr'>Nihil</span> <span class='ocrx_word' id='word_1_98' title='bbox 502 938 646 968; x_wconf 83' lang='lat' dir='ltr'>omnium</span> <span class='ocrx_word' id='word_1_99' title='bbox 655 939 757 968; x_wconf 88' lang='lat' dir='ltr'>omni-</span> 
     </span>
     <span class='ocr_line' id='line_1_19' title="bbox 47 982 755 1022; baseline 0.003 -11"><span class='ocrx_word' id='word_1_100' title='bbox 47 989 89 1012; x_wconf 89' lang='lat' dir='ltr'>no</span> <span class='ocrx_word' id='word_1_101' title='bbox 103 982 181 1012; x_wconf 84' lang='lat' dir='ltr'>latet</span> <span class='ocrx_word' id='word_1_102' title='bbox 191 983 260 1020; x_wconf 87' lang='lat' dir='ltr'>,aut</span> <span class='ocrx_word' id='word_1_103' title='bbox 277 983 390 1021; x_wconf 80' lang='lat' dir='ltr'>effugit</span> <span class='ocrx_word' id='word_1_104' title='bbox 406 984 513 1013; x_wconf 89' lang='lat' dir='ltr'>lucem</span> <span class='ocrx_word' id='word_1_105' title='bbox 535 983 657 1022; x_wconf 90' lang='lat' dir='ltr'>ubique</span> <span class='ocrx_word' id='word_1_106' title='bbox 676 992 755 1021; x_wconf 86' lang='lat' dir='ltr'>prae-</span> 
     </span>
     <span class='ocr_line' id='line_1_20' title="bbox 47 1027 754 1068; baseline 0.004 -12"><span class='ocrx_word' id='word_1_107' title='bbox 47 1027 172 1057; x_wconf 85' lang='lat' dir='ltr'>sentem</span> <span class='ocrx_word' id='word_1_108' title='bbox 188 1036 197 1058; x_wconf 70' lang='grc' dir='ltr'><strong>ε</strong></span> <span class='ocrx_word' id='word_1_109' title='bbox 211 1037 271 1058; x_wconf 87' lang='lat' dir='ltr'>nec</span> <span class='ocrx_word' id='word_1_110' title='bbox 286 1029 393 1058; x_wconf 86' lang='lat' dir='ltr'>tamen</span> <span class='ocrx_word' id='word_1_111' title='bbox 408 1030 441 1059; x_wconf 91' lang='lat' dir='ltr'>ut</span> <span class='ocrx_word' id='word_1_112' title='bbox 453 1030 600 1067; x_wconf 85' lang='lat' dir='ltr'>agnoscat</span> <span class='ocrx_word' id='word_1_113' title='bbox 615 1029 754 1068; x_wconf 88' lang='lat' dir='ltr'>aliquid,</span> 
     </span>
     <span class='ocr_line' id='line_1_21' title="bbox 47 1074 755 1105; baseline 0.004 -4"><span class='ocrx_word' id='word_1_114' title='bbox 47 1074 266 1104; x_wconf 87' lang='lat' dir='ltr'>necessarium</span> <span class='ocrx_word' id='word_1_115' title='bbox 287 1075 386 1104; x_wconf 88' lang='lat' dir='ltr'>habet</span> <span class='ocrx_word' id='word_1_116' title='bbox 402 1075 621 1105; x_wconf 82' lang='lat' dir='ltr'>renuntiantis</span> <span class='ocrx_word' id='word_1_117' title='bbox 643 1083 755 1105; x_wconf 90' lang='lat' dir='ltr'>sensus</span> 
     </span>
     <span class='ocr_line' id='line_1_22' title="bbox 46 1119 755 1150; baseline 0 0"><span class='ocrx_word' id='word_1_118' title='bbox 46 1119 278 1150; x_wconf 79' lang='lat' dir='ltr'>ministerium.</span> <span class='ocrx_word' id='word_1_119' title='bbox 291 1121 354 1149; x_wconf 84' lang='lat' dir='ltr'>Nec</span> <span class='ocrx_word' id='word_1_120' title='bbox 367 1122 469 1150; x_wconf 92' lang='lat' dir='ltr'>solum</span> <span class='ocrx_word' id='word_1_121' title='bbox 486 1120 637 1150; x_wconf 89' lang='lat' dir='ltr'>universa</span> <span class='ocrx_word' id='word_1_122' title='bbox 652 1121 755 1150; x_wconf 90' lang='lat' dir='ltr'>noscit</span> 
     </span>
    </p>
   </div>
   <div class='ocr_carea' id='block_1_6' title="bbox 3 1163 755 1202">
    <p class='ocr_par' dir='ltr' id='par_1_6' title="bbox 3 1163 755 1202">
     <span class='ocr_line' id='line_1_23' title="bbox 3 1163 755 1202; baseline 0.003 -9"><span class='ocrx_word' id='word_1_123' title='bbox 3 1172 6 1175; x_wconf 59' lang='lat'><em>⁴</em></span> <span class='ocrx_word' id='word_1_124' title='bbox 46 1163 118 1193; x_wconf 86' lang='lat' dir='ltr'>sine</span> <span class='ocrx_word' id='word_1_125' title='bbox 134 1173 286 1202; x_wconf 86' lang='lat' dir='ltr'>corpore,</span> <span class='ocrx_word' id='word_1_126' title='bbox 299 1164 355 1194; x_wconf 89' lang='lat' dir='ltr'>sed</span> <span class='ocrx_word' id='word_1_127' title='bbox 378 1165 410 1194; x_wconf 88' lang='lat' dir='ltr'>et</span> <span class='ocrx_word' id='word_1_128' title='bbox 428 1165 602 1194; x_wconf 84' lang='lat' dir='ltr'>innotescit</span> <span class='ocrx_word' id='word_1_129' title='bbox 625 1166 755 1195; x_wconf 86' lang='lat' dir='ltr'>mundis</span> 
     </span>
    </p>
   </div>
   <div class='ocr_carea' id='block_1_7' title="bbox 45 1209 753 1420">
    <p class='ocr_par' dir='ltr' id='par_1_7' title="bbox 45 1209 753 1420">
     <span class='ocr_line' id='line_1_24' title="bbox 48 1209 751 1247; baseline 0.003 -10"><span class='ocrx_word' id='word_1_130' title='bbox 48 1209 142 1238; x_wconf 90' lang='lat' dir='ltr'>corde</span> <span class='ocrx_word' id='word_1_131' title='bbox 158 1209 227 1239; x_wconf 85' lang='lat' dir='ltr'>sine</span> <span class='ocrx_word' id='word_1_132' title='bbox 257 1218 402 1247; x_wconf 86' lang='lat' dir='ltr'>corpore.</span> <span class='ocrx_word' id='word_1_133' title='bbox 426 1210 505 1239; x_wconf 76' lang='lat' dir='ltr'>DIco</span> <span class='ocrx_word' id='word_1_134' title='bbox 535 1210 643 1239; x_wconf 83' lang='lat' dir='ltr'>autem</span> <span class='ocrx_word' id='word_1_135' title='bbox 666 1210 751 1239; x_wconf 83' lang='lat' dir='ltr'>idem</span> 
     </span>
     <span class='ocr_line' id='line_1_25' title="bbox 46 1253 753 1293; baseline 0.003 -11"><span class='ocrx_word' id='word_1_136' title='bbox 46 1253 160 1291; x_wconf 89' lang='lat' dir='ltr'>latius,</span> <span class='ocrx_word' id='word_1_137' title='bbox 172 1255 209 1283; x_wconf 88' lang='lat' dir='ltr'>ut</span> <span class='ocrx_word' id='word_1_138' title='bbox 224 1255 351 1292; x_wconf 88' lang='lat' dir='ltr'>planius</span> <span class='ocrx_word' id='word_1_139' title='bbox 365 1255 430 1284; x_wconf 83' lang='lat' dir='ltr'>fiat.</span> <span class='ocrx_word' id='word_1_140' title='bbox 447 1254 509 1284; x_wconf 86' lang='lat' dir='ltr'>Sed</span> <span class='ocrx_word' id='word_1_141' title='bbox 521 1254 602 1284; x_wconf 79' lang='lat' dir='ltr'>forte</span> <span class='ocrx_word' id='word_1_142' title='bbox 624 1255 700 1293; x_wconf 86' lang='lat' dir='ltr'>quia</span> <span class='ocrx_word' id='word_1_143' title='bbox 716 1256 753 1284; x_wconf 84' lang='lat' dir='ltr'>fi-</span> 
     </span>
     <span class='ocr_line' id='line_1_26' title="bbox 46 1298 751 1337; baseline 0.003 -9"><span class='ocrx_word' id='word_1_144' title='bbox 46 1298 160 1328; x_wconf 90' lang='lat' dir='ltr'>niendi</span> <span class='ocrx_word' id='word_1_145' title='bbox 177 1300 243 1336; x_wconf 80' lang='lat' dir='ltr'>jam</span> <span class='ocrx_word' id='word_1_146' title='bbox 259 1300 415 1330; x_wconf 89' lang='lat' dir='ltr'>sermonis</span> <span class='ocrx_word' id='word_1_147' title='bbox 441 1300 587 1337; x_wconf 87' lang='lat' dir='ltr'>angustia</span> <span class='ocrx_word' id='word_1_148' title='bbox 606 1308 671 1329; x_wconf 90' lang='lat' dir='ltr'>non</span> <span class='ocrx_word' id='word_1_149' title='bbox 695 1301 751 1330; x_wconf 87' lang='lat' dir='ltr'>ad-</span> 
     </span>
     <span class='ocr_line' id='line_1_27' title="bbox 45 1343 748 1383; baseline 0.004 -11"><span class='ocrx_word' id='word_1_150' title='bbox 45 1343 158 1380; x_wconf 79' lang='lat' dir='ltr'>mittit,</span> <span class='ocrx_word' id='word_1_151' title='bbox 167 1345 293 1374; x_wconf 90' lang='lat' dir='ltr'>consilii</span> <span class='ocrx_word' id='word_1_152' title='bbox 305 1345 407 1383; x_wconf 89' lang='lat' dir='ltr'>magis</span> <span class='ocrx_word' id='word_1_153' title='bbox 419 1345 468 1375; x_wconf 88' lang='lat' dir='ltr'>est</span> <span class='ocrx_word' id='word_1_154' title='bbox 480 1346 516 1375; x_wconf 91' lang='lat' dir='ltr'>ut</span> <span class='ocrx_word' id='word_1_155' title='bbox 528 1345 561 1375; x_wconf 93' lang='lat' dir='ltr'>in</span> <span class='ocrx_word' id='word_1_156' title='bbox 575 1346 748 1376; x_wconf 90' lang='lat' dir='ltr'>crastinum</span> 
     </span>
     <span class='ocr_line' id='line_1_28' title="bbox 46 1388 244 1420; baseline 0.01 -2"><span class='ocrx_word' id='word_1_157' title='bbox 46 1388 244 1420; x_wconf 80' lang='lat' dir='ltr'>difleramus.</span> 
     </span>
    </p>
   </div>
   <div class='ocr_carea' id='block_1_8' title="bbox 354 1438 438 1445">
    <p class='ocr_par' dir='ltr' id='par_1_8' title="bbox 354 1438 438 1445">
     <span class='ocr_line' id='line_1_29' title="bbox 354 1438 438 1445; baseline 0 0"><span class='ocrx_word' id='word_1_158' title='bbox 354 1438 438 1445; x_wconf 64' lang='lat'>-—-</span> 
     </span>
    </p>
   </div>
   <div class='ocr_carea' id='block_1_9' title="bbox 275 1486 523 1521">
    <p class='ocr_par' dir='ltr' id='par_1_9' title="bbox 275 1486 523 1521">
     <span class='ocr_line' id='line_1_30' title="bbox 275 1486 523 1521; baseline 0.008 -3"><span class='ocrx_word' id='word_1_159' title='bbox 275 1486 443 1519; x_wconf 82' lang='lat' dir='ltr'><strong>SERMO</strong></span> <span class='ocrx_word' id='word_1_160' title='bbox 475 1487 523 1521; x_wconf 90' lang='lat' dir='ltr'>V.</span> 
     </span>
    </p>
   </div>
   <div class='ocr_carea' id='block_1_10' title="bbox 46 1563 745 1633">
    <p class='ocr_par' dir='ltr' id='par_1_10' title="bbox 46 1563 745 1633">
     <span class='ocr_line' id='line_1_31' title="bbox 46 1563 745 1597; baseline 0.001 -7"><span class='ocrx_word' id='word_1_161' title='bbox 46 1563 85 1590; x_wconf 87' lang='lat' dir='ltr'>De</span> <span class='ocrx_word' id='word_1_162' title='bbox 103 1567 229 1596; x_wconf 87' lang='lat' dir='ltr'>quatuor</span> <span class='ocrx_word' id='word_1_163' title='bbox 250 1566 401 1595; x_wconf 67' lang='lat' dir='ltr'>generibus</span> <span class='ocrx_word' id='word_1_164' title='bbox 422 1567 593 1597; x_wconf 82' lang='lat' dir='ltr'>spirituum,</span> <span class='ocrx_word' id='word_1_165' title='bbox 618 1567 745 1591; x_wconf 76' lang='lat' dir='ltr'>videlicet</span> 
     </span>
     <span class='ocr_line' id='line_1_32' title="bbox 135 1601 649 1633; baseline 0.006 -9"><span class='ocrx_word' id='word_1_166' title='bbox 135 1601 202 1631; x_wconf 82' lang='lat' dir='ltr'>Dei,</span> <span class='ocrx_word' id='word_1_167' title='bbox 216 1601 333 1631; x_wconf 74' lang='lat' dir='ltr'>Angefi,</span> <span class='ocrx_word' id='word_1_168' title='bbox 348 1602 485 1632; x_wconf 84' lang='lat' dir='ltr'>hominis,</span> <span class='ocrx_word' id='word_1_169' title='bbox 498 1605 522 1626; x_wconf 82' lang='lat' dir='ltr'>et</span> <span class='ocrx_word' id='word_1_170' title='bbox 536 1603 649 1633; x_wconf 81' lang='lat' dir='ltr'>pecoris.</span> 
     </span>
    </p>
   </div>
   <div class='ocr_carea' id='block_1_11' title="bbox 42 1663 759 2661">
    <p class='ocr_par' dir='ltr' id='par_1_11' title="bbox 42 1663 759 2661">
     <span class='ocr_line' id='line_1_33' title="bbox 85 1663 746 1702; baseline 0.003 -10"><span class='ocrx_word' id='word_1_171' title='bbox 85 1667 111 1693; x_wconf 74' lang='lat'>1.</span> <span class='ocrx_word' id='word_1_172' title='bbox 134 1663 305 1700; x_wconf 73' lang='lat' dir='ltr'>QUATUOR</span> <span class='ocrx_word' id='word_1_173' title='bbox 329 1663 501 1701; x_wconf 85' lang='lat' dir='ltr'>spirituum</span> <span class='ocrx_word' id='word_1_174' title='bbox 530 1672 649 1702; x_wconf 79' lang='lat' dir='ltr'>genera</span> <span class='ocrx_word' id='word_1_175' title='bbox 671 1665 746 1694; x_wconf 88' lang='lat' dir='ltr'>nota</span> 
     </span>
     <span class='ocr_line' id='line_1_34' title="bbox 42 1708 745 1747; baseline 0.003 -10"><span class='ocrx_word' id='word_1_176' title='bbox 42 1708 118 1737; x_wconf 84' lang='lat' dir='ltr'>sunt</span> <span class='ocrx_word' id='word_1_177' title='bbox 132 1708 241 1746; x_wconf 85' lang='lat' dir='ltr'>vobis,</span> <span class='ocrx_word' id='word_1_178' title='bbox 257 1709 386 1746; x_wconf 90' lang='lat' dir='ltr'>pecoris</span> <span class='ocrx_word' id='word_1_179' title='bbox 398 1731 406 1746; x_wconf 94' lang='lat'>,</span> <span class='ocrx_word' id='word_1_180' title='bbox 422 1710 548 1746; x_wconf 89' lang='lat' dir='ltr'>noster,</span> <span class='ocrx_word' id='word_1_181' title='bbox 565 1710 745 1747; x_wconf 82' lang='lat' dir='ltr'>angelicus,</span> 
     </span>
     <span class='ocr_line' id='line_1_35' title="bbox 45 1753 746 1791; baseline 0.003 -9"><span class='ocrx_word' id='word_1_182' title='bbox 45 1753 77 1782; x_wconf 86' lang='lat' dir='ltr'>et</span> <span class='ocrx_word' id='word_1_183' title='bbox 88 1753 144 1791; x_wconf 89' lang='lat' dir='ltr'>qui</span> <span class='ocrx_word' id='word_1_184' title='bbox 159 1754 303 1783; x_wconf 88' lang='lat' dir='ltr'>condidit</span> <span class='ocrx_word' id='word_1_185' title='bbox 323 1755 414 1784; x_wconf 84' lang='lat' dir='ltr'>istos.</span> <span class='ocrx_word' id='word_1_186' title='bbox 427 1755 495 1783; x_wconf 77' lang='lat' dir='ltr'>Nou</span> <span class='ocrx_word' id='word_1_187' title='bbox 511 1755 560 1784; x_wconf 86' lang='lat' dir='ltr'>est</span> <span class='ocrx_word' id='word_1_188' title='bbox 582 1763 624 1784; x_wconf 80' lang='lat' dir='ltr'>ex</span> <span class='ocrx_word' id='word_1_189' title='bbox 641 1756 746 1785; x_wconf 89' lang='lat' dir='ltr'>omni-</span> 
     </span>
     <span class='ocr_line' id='line_1_36' title="bbox 43 1797 747 1840; baseline 0.007 -14"><span class='ocrx_word' id='word_1_190' title='bbox 43 1797 122 1835; x_wconf 86' lang='lat' dir='ltr'>bus,</span> <span class='ocrx_word' id='word_1_191' title='bbox 139 1799 192 1828; x_wconf 90' lang='lat' dir='ltr'>cui</span> <span class='ocrx_word' id='word_1_192' title='bbox 213 1799 282 1828; x_wconf 87' lang='lat' dir='ltr'>sive</span> <span class='ocrx_word' id='word_1_193' title='bbox 304 1801 436 1837; x_wconf 83' lang='lat' dir='ltr'>propter</span> <span class='ocrx_word' id='word_1_194' title='bbox 457 1808 509 1836; x_wconf 82' lang='lat' dir='ltr'>se,</span> <span class='ocrx_word' id='word_1_195' title='bbox 532 1800 600 1830; x_wconf 88' lang='lat' dir='ltr'>sive</span> <span class='ocrx_word' id='word_1_196' title='bbox 616 1803 747 1840; x_wconf 88' lang='lat' dir='ltr'>propter</span> 
     </span>
     <span class='ocr_line' id='line_1_37' title="bbox 43 1842 745 1882; baseline 0.007 -11"><span class='ocrx_word' id='word_1_197' title='bbox 43 1842 161 1879; x_wconf 83' lang='lat' dir='ltr'>alium,</span> <span class='ocrx_word' id='word_1_198' title='bbox 182 1843 250 1873; x_wconf 83' lang='lat' dir='ltr'>sive</span> <span class='ocrx_word' id='word_1_199' title='bbox 267 1845 398 1882; x_wconf 87' lang='lat' dir='ltr'>propter</span> <span class='ocrx_word' id='word_1_200' title='bbox 422 1845 614 1882; x_wconf 85' lang='lat' dir='ltr'>utrumque,</span> <span class='ocrx_word' id='word_1_201' title='bbox 636 1854 745 1876; x_wconf 88' lang='lat' dir='ltr'>neces-</span> 
     </span>
     <span class='ocr_line' id='line_1_38' title="bbox 42 1888 746 1928; baseline 0.007 -11"><span class='ocrx_word' id='word_1_202' title='bbox 42 1888 162 1918; x_wconf 85' lang='lat' dir='ltr'>sarium</span> <span class='ocrx_word' id='word_1_203' title='bbox 179 1897 292 1927; x_wconf 88' lang='lat' dir='ltr'>corpus</span> <span class='ocrx_word' id='word_1_204' title='bbox 306 1898 370 1919; x_wconf 90' lang='lat' dir='ltr'>non</span> <span class='ocrx_word' id='word_1_205' title='bbox 385 1891 444 1928; x_wconf 91' lang='lat' dir='ltr'>sit,</span> <span class='ocrx_word' id='word_1_206' title='bbox 457 1891 641 1928; x_wconf 87' lang='lat' dir='ltr'>corporisve</span> <span class='ocrx_word' id='word_1_207' title='bbox 656 1892 746 1922; x_wconf 88' lang='lat' dir='ltr'>simi-</span> 
     </span>
     <span class='ocr_line' id='line_1_39' title="bbox 42 1933 746 1973; baseline 0.007 -11"><span class='ocrx_word' id='word_1_208' title='bbox 42 1933 165 1971; x_wconf 75' lang='lat' dir='ltr'>litudo,</span> <span class='ocrx_word' id='word_1_209' title='bbox 182 1936 320 1972; x_wconf 80' lang='lat' dir='ltr'>excepto</span> <span class='ocrx_word' id='word_1_210' title='bbox 340 1935 507 1965; x_wconf 80' lang='lat' dir='ltr'>dumtaxat</span> <span class='ocrx_word' id='word_1_211' title='bbox 521 1936 593 1973; x_wconf 85' lang='lat' dir='ltr'>illo,</span> <span class='ocrx_word' id='word_1_212' title='bbox 610 1937 661 1966; x_wconf 91' lang='lat' dir='ltr'>cui</span> <span class='ocrx_word' id='word_1_213' title='bbox 678 1946 746 1967; x_wconf 88' lang='lat' dir='ltr'>om-</span> 
     </span>
     <span class='ocr_line' id='line_1_40' title="bbox 43 1978 745 2019; baseline 0.009 -12"><span class='ocrx_word' id='word_1_214' title='bbox 43 1978 93 2008; x_wconf 88' lang='lat' dir='ltr'>nis</span> <span class='ocrx_word' id='word_1_215' title='bbox 100 1979 165 2008; x_wconf 90' lang='lat' dir='ltr'>tam</span> <span class='ocrx_word' id='word_1_216' title='bbox 173 1980 358 2018; x_wconf 67' lang='lat' dir='ltr'>corporalis,</span> <span class='ocrx_word' id='word_1_217' title='bbox 367 1989 462 2018; x_wconf 86' lang='lat' dir='ltr'>quam</span> <span class='ocrx_word' id='word_1_218' title='bbox 474 1981 651 2019; x_wconf 85' lang='lat' dir='ltr'>spiritualis</span> <span class='ocrx_word' id='word_1_219' title='bbox 659 1991 745 2014; x_wconf 87' lang='lat' dir='ltr'>crea-</span> 
     </span>
     <span class='ocr_line' id='line_1_41' title="bbox 42 2022 745 2065; baseline 0.007 -13"><span class='ocrx_word' id='word_1_220' title='bbox 42 2022 114 2053; x_wconf 83' lang='lat' dir='ltr'>tura</span> <span class='ocrx_word' id='word_1_221' title='bbox 135 2025 251 2054; x_wconf 89' lang='lat' dir='ltr'>merito</span> <span class='ocrx_word' id='word_1_222' title='bbox 275 2026 462 2063; x_wconf 80' lang='lat' dir='ltr'>confitetur,</span> <span class='ocrx_word' id='word_1_223' title='bbox 479 2027 512 2056; x_wconf 87' lang='lat' dir='ltr'>et</span> <span class='ocrx_word' id='word_1_224' title='bbox 539 2026 637 2065; x_wconf 85' lang='lat' dir='ltr'>dicit,</span> <span class='ocrx_word' id='word_1_225' title='bbox 662 2031 745 2059; x_wconf 64' lang='lat' dir='ltr'>Deus</span> 
     </span>
     <span class='ocr_line' id='line_1_42' title="bbox 44 2072 742 2109; baseline 0.009 -10"><span class='ocrx_word' id='word_1_226' title='bbox 44 2078 126 2100; x_wconf 79' lang='lat' dir='ltr'>meus</span> <span class='ocrx_word' id='word_1_227' title='bbox 145 2079 174 2100; x_wconf 83' lang='lat' dir='ltr'>cs</span> <span class='ocrx_word' id='word_1_228' title='bbox 190 2073 239 2107; x_wconf 75' lang='grc' dir='ltr'>τιι,</span> <span class='ocrx_word' id='word_1_229' title='bbox 259 2073 406 2109; x_wconf 70' lang='lat' dir='ltr'>quonlam</span> <span class='ocrx_word' id='word_1_230' title='bbox 433 2072 582 2102; x_wconf 76' lang='lat' dir='ltr'>bonorum</span> <span class='ocrx_word' id='word_1_231' title='bbox 606 2082 742 2105; x_wconf 81' lang='lat' dir='ltr'>meorum</span> 
     </span>
     <span class='ocr_line' id='line_1_43' title="bbox 42 2115 759 2158; baseline 0.011 -15"><span class='ocrx_word' id='word_1_232' title='bbox 42 2122 104 2144; x_wconf 80' lang='lat' dir='ltr'>non</span> <span class='ocrx_word' id='word_1_233' title='bbox 119 2116 239 2153; x_wconf 74' lang='lat' dir='ltr'>eqesAEt</span> <span class='ocrx_word' id='word_1_234' title='bbox 253 2117 393 2154; x_wconf 90' lang='lat' dir='ltr'>primum</span> <span class='ocrx_word' id='word_1_235' title='bbox 405 2117 535 2155; x_wconf 88' lang='lat' dir='ltr'>quidem</span> <span class='ocrx_word' id='word_1_236' title='bbox 552 2118 597 2149; x_wconf 87' lang='lat' dir='ltr'>ita</span> <span class='ocrx_word' id='word_1_237' title='bbox 613 2128 744 2158; x_wconf 89' lang='lat' dir='ltr'>corpore</span> <span class='ocrx_word' id='word_1_238' title='bbox 757 2115 759 2143; x_wconf 64' lang='grc' dir='ltr'><em>ἶ</em></span> 
     </span>
     <span class='ocr_line' id='line_1_44' title="bbox 44 2147 759 2207; baseline 0.013 -19"><span class='ocrx_word' id='word_1_239' title='bbox 44 2167 137 2197; x_wconf 79' lang='lat' dir='ltr'>egere</span> <span class='ocrx_word' id='word_1_240' title='bbox 155 2163 295 2199; x_wconf 88' lang='lat' dir='ltr'>constat,</span> <span class='ocrx_word' id='word_1_241' title='bbox 312 2163 346 2192; x_wconf 89' lang='lat' dir='ltr'>ut</span> <span class='ocrx_word' id='word_1_242' title='bbox 362 2171 422 2192; x_wconf 88' lang='lat' dir='ltr'>nec</span> <span class='ocrx_word' id='word_1_243' title='bbox 434 2163 609 2194; x_wconf 84' lang='lat' dir='ltr'>subsistere</span> <span class='ocrx_word' id='word_1_244' title='bbox 623 2147 759 2207; x_wconf 56' lang='lat' dir='ltr'>absque:</span> 
     </span>
     <span class='ocr_line' id='line_1_45' title="bbox 43 2203 758 2249; baseline 0.013 -16"><span class='ocrx_word' id='word_1_245' title='bbox 43 2203 98 2233; x_wconf 82' lang='lat' dir='ltr'>illo</span> <span class='ocrx_word' id='word_1_246' title='bbox 114 2206 288 2244; x_wconf 88' lang='lat' dir='ltr'>utcumque</span> <span class='ocrx_word' id='word_1_247' title='bbox 315 2208 425 2244; x_wconf 82' lang='lat' dir='ltr'>possit.</span> <span class='ocrx_word' id='word_1_248' title='bbox 451 2209 553 2239; x_wconf 88' lang='lat' dir='ltr'>Simul</span> <span class='ocrx_word' id='word_1_249' title='bbox 569 2211 689 2249; x_wconf 83' lang='lat' dir='ltr'>quippe</span> <span class='ocrx_word' id='word_1_250' title='bbox 712 2212 758 2243; x_wconf 49' lang='lat' dir='ltr'>eti</span> 
     </span>
     <span class='ocr_line' id='line_1_46' title="bbox 43 2249 744 2296; baseline 0.014 -18"><span class='ocrx_word' id='word_1_251' title='bbox 43 2249 205 2281; x_wconf 77' lang='lat' dir='ltr'>vivificare</span> <span class='ocrx_word' id='word_1_252' title='bbox 227 2252 365 2290; x_wconf 77' lang='lat' dir='ltr'>desinit,</span> <span class='ocrx_word' id='word_1_253' title='bbox 381 2255 413 2284; x_wconf 89' lang='lat' dir='ltr'>et</span> <span class='ocrx_word' id='word_1_254' title='bbox 429 2255 542 2285; x_wconf 88' lang='lat' dir='ltr'>vivere</span> <span class='ocrx_word' id='word_1_255' title='bbox 567 2255 624 2286; x_wconf 87' lang='lat' dir='ltr'>ille</span> <span class='ocrx_word' id='word_1_256' title='bbox 648 2259 744 2296; x_wconf 89' lang='lat' dir='ltr'>spiri-</span> 
     </span>
     <span class='ocr_line' id='line_1_47' title="bbox 43 2295 743 2338; baseline 0.016 -14"><span class='ocrx_word' id='word_1_257' title='bbox 43 2295 111 2333; x_wconf 84' lang='lat' dir='ltr'>tus,</span> <span class='ocrx_word' id='word_1_258' title='bbox 125 2297 251 2334; x_wconf 82' lang='lat' dir='ltr'>quando</span> <span class='ocrx_word' id='word_1_259' title='bbox 273 2299 409 2329; x_wconf 88' lang='lat' dir='ltr'>moritur</span> <span class='ocrx_word' id='word_1_260' title='bbox 420 2309 532 2338; x_wconf 90' lang='lat' dir='ltr'>pecus.</span> <span class='ocrx_word' id='word_1_261' title='bbox 546 2302 666 2332; x_wconf 80' lang='lat' dir='ltr'>Verum</span> <span class='ocrx_word' id='word_1_262' title='bbox 686 2313 743 2336; x_wconf 92' lang='lat' dir='ltr'>nos</span> 
     </span>
     <span class='ocr_line' id='line_1_48' title="bbox 44 2339 742 2384; baseline 0.016 -16"><span class='ocrx_word' id='word_1_263' title='bbox 44 2339 182 2370; x_wconf 73' lang='lat' dir='ltr'>vivimus</span> <span class='ocrx_word' id='word_1_264' title='bbox 192 2342 322 2379; x_wconf 89' lang='lat' dir='ltr'>quidem</span> <span class='ocrx_word' id='word_1_265' title='bbox 338 2348 408 2381; x_wconf 89' lang='lat' dir='ltr'>post</span> <span class='ocrx_word' id='word_1_266' title='bbox 424 2354 540 2384; x_wconf 90' lang='lat' dir='ltr'>corpus</span> <span class='ocrx_word' id='word_1_267' title='bbox 556 2355 564 2376; x_wconf 72' lang='grc' dir='ltr'><em>τ</em></span> <span class='ocrx_word' id='word_1_268' title='bbox 581 2348 638 2377; x_wconf 88' lang='lat' dir='ltr'>sed</span> <span class='ocrx_word' id='word_1_269' title='bbox 653 2349 693 2378; x_wconf 85' lang='lat' dir='ltr'>ad</span> <span class='ocrx_word' id='word_1_270' title='bbox 705 2359 742 2380; x_wconf 89' lang='lat' dir='ltr'>ea</span> 
     </span>
     <span class='ocr_line' id='line_1_49' title="bbox 42 2385 742 2429; baseline 0.019 -17"><span class='ocrx_word' id='word_1_271' title='bbox 42 2385 160 2422; x_wconf 90' lang='lat' dir='ltr'>quibus</span> <span class='ocrx_word' id='word_1_272' title='bbox 181 2387 274 2417; x_wconf 86' lang='lat' dir='ltr'>beate</span> <span class='ocrx_word' id='word_1_273' title='bbox 298 2389 439 2429; x_wconf 80' lang='lat' dir='ltr'>vivitur,</span> <span class='ocrx_word' id='word_1_274' title='bbox 456 2392 564 2422; x_wconf 90' lang='lat' dir='ltr'>nullus</span> <span class='ocrx_word' id='word_1_275' title='bbox 580 2394 673 2423; x_wconf 91' lang='lat' dir='ltr'>nobis</span> <span class='ocrx_word' id='word_1_276' title='bbox 689 2403 742 2425; x_wconf 87' lang='lat' dir='ltr'>ac-</span> 
     </span>
     <span class='ocr_line' id='line_1_50' title="bbox 45 2433 741 2475; baseline 0.019 -17"><span class='ocrx_word' id='word_1_277' title='bbox 45 2437 151 2460; x_wconf 87' lang='lat' dir='ltr'>cessus</span> <span class='ocrx_word' id='word_1_278' title='bbox 170 2433 275 2470; x_wconf 83' lang='lat' dir='ltr'>patet,</span> <span class='ocrx_word' id='word_1_279' title='bbox 291 2435 353 2464; x_wconf 81' lang='lat' dir='ltr'>nisi</span> <span class='ocrx_word' id='word_1_280' title='bbox 378 2444 435 2473; x_wconf 79' lang='lat' dir='ltr'>per</span> <span class='ocrx_word' id='word_1_281' title='bbox 450 2446 576 2475; x_wconf 88' lang='lat' dir='ltr'>corpus.</span> <span class='ocrx_word' id='word_1_282' title='bbox 593 2439 741 2472; x_wconf 86' lang='lat' dir='ltr'>Senserat</span> 
     </span>
     <span class='ocr_line' id='line_1_51' title="bbox 43 2473 740 2523; baseline 0.02 -20"><span class='ocrx_word' id='word_1_283' title='bbox 43 2473 104 2504; x_wconf 85' lang='lat' dir='ltr'>hoc</span> <span class='ocrx_word' id='word_1_284' title='bbox 129 2477 184 2513; x_wconf 89' lang='lat' dir='ltr'>qui</span> <span class='ocrx_word' id='word_1_285' title='bbox 200 2477 326 2509; x_wconf 77' lang='lat' dir='ltr'>dIcebat</span> <span class='ocrx_word' id='word_1_286' title='bbox 342 2489 350 2509; x_wconf 90' lang='lat'>:</span> <span class='ocrx_word' id='word_1_287' title='bbox 368 2483 532 2513; x_wconf 66' lang='lat' dir='ltr'>Inois-[billa</span> <span class='ocrx_word' id='word_1_288' title='bbox 551 2486 611 2514; x_wconf 83' lang='lat' dir='ltr'>Dei</span> <span class='ocrx_word' id='word_1_289' title='bbox 628 2480 685 2523; x_wconf 62' lang='lat' dir='ltr'>&#39;pt’r</span> <span class='ocrx_word' id='word_1_290' title='bbox 705 2497 740 2518; x_wconf 81' lang='lat' dir='ltr'>ea</span> 
     </span>
     <span class='ocr_line' id='line_1_52' title="bbox 45 2523 739 2568; baseline 0.02 -20"><span class='ocrx_word' id='word_1_291' title='bbox 45 2527 110 2557; x_wconf 81' lang='lat' dir='ltr'>quoe</span> <span class='ocrx_word' id='word_1_292' title='bbox 125 2523 208 2559; x_wconf 79' lang='lat' dir='ltr'>tacta</span> <span class='ocrx_word' id='word_1_293' title='bbox 231 2526 319 2562; x_wconf 66' lang='lat' dir='ltr'>sawt,</span> <span class='ocrx_word' id='word_1_294' title='bbox 338 2527 486 2559; x_wconf 78' lang='lat' dir='ltr'>intellecta</span> <span class='ocrx_word' id='word_1_295' title='bbox 503 2531 739 2568; x_wconf 73' lang='lat' dir='ltr'>conspicizmtur.</span> 
     </span>
     <span class='ocr_line' id='line_1_53' title="bbox 44 2564 740 2614; baseline 0.02 -21"><span class='ocrx_word' id='word_1_296' title='bbox 44 2564 113 2602; x_wconf 89' lang='lat' dir='ltr'>Ipsa</span> <span class='ocrx_word' id='word_1_297' title='bbox 140 2567 300 2605; x_wconf 87' lang='lat' dir='ltr'>siquidem</span> <span class='ocrx_word' id='word_1_298' title='bbox 323 2579 393 2609; x_wconf 86' lang='lat' dir='ltr'>quae</span> <span class='ocrx_word' id='word_1_299' title='bbox 421 2573 504 2603; x_wconf 85' lang='lat' dir='ltr'>sacta</span> <span class='ocrx_word' id='word_1_300' title='bbox 531 2576 623 2614; x_wconf 89' lang='lat' dir='ltr'>suut,</span> <span class='ocrx_word' id='word_1_301' title='bbox 639 2576 672 2606; x_wconf 85' lang='lat' dir='ltr'>id</span> <span class='ocrx_word' id='word_1_302' title='bbox 693 2579 740 2608; x_wconf 90' lang='lat' dir='ltr'>est</span> 
     </span>
     <span class='ocr_line' id='line_1_54' title="bbox 45 2613 740 2661; baseline 0.022 -22"><span class='ocrx_word' id='word_1_303' title='bbox 45 2613 218 2649; x_wconf 84' lang='lat' dir='ltr'>corporalia</span> <span class='ocrx_word' id='word_1_304' title='bbox 238 2616 271 2645; x_wconf 90' lang='lat' dir='ltr'>ct</span> <span class='ocrx_word' id='word_1_305' title='bbox 285 2617 424 2648; x_wconf 80' lang='lat' dir='ltr'>visibiHa</span> <span class='ocrx_word' id='word_1_306' title='bbox 441 2619 517 2658; x_wconf 85' lang='lat' dir='ltr'>ista,</span> <span class='ocrx_word' id='word_1_307' title='bbox 535 2622 661 2652; x_wconf 79' lang='lat' dir='ltr'>nonnisi</span> <span class='ocrx_word' id='word_1_308' title='bbox 683 2631 740 2661; x_wconf 79' lang='lat' dir='ltr'>per</span> 
     </span>
    </p>
   </div>
   <div class='ocr_carea' id='block_1_12' title="bbox 773 296 1496 2659">
    <p class='ocr_par' dir='ltr' id='par_1_12' title="bbox 786 296 1496 886">
     <span class='ocr_line' id='line_1_55' title="bbox 789 296 1494 336; baseline 0.004 -10"><span class='ocrx_word' id='word_1_309' title='bbox 789 297 873 326; x_wconf 85' lang='lat' dir='ltr'>tram</span> <span class='ocrx_word' id='word_1_310' title='bbox 888 297 1039 327; x_wconf 89' lang='lat' dir='ltr'>notitiam</span> <span class='ocrx_word' id='word_1_311' title='bbox 1053 296 1202 327; x_wconf 88' lang='lat' dir='ltr'>veniunt.</span> <span class='ocrx_word' id='word_1_312' title='bbox 1223 297 1328 327; x_wconf 84' lang='lat' dir='ltr'>Habet</span> <span class='ocrx_word' id='word_1_313' title='bbox 1344 306 1418 336; x_wconf 80' lang='lat' dir='ltr'>ergo</span> <span class='ocrx_word' id='word_1_314' title='bbox 1435 308 1494 329; x_wconf 87' lang='lat' dir='ltr'>ne-</span> 
     </span>
     <span class='ocr_line' id='line_1_56' title="bbox 788 341 1494 380; baseline 0.001 -8"><span class='ocrx_word' id='word_1_315' title='bbox 788 342 966 372; x_wconf 87' lang='lat' dir='ltr'>cessarium</span> <span class='ocrx_word' id='word_1_316' title='bbox 994 350 1110 380; x_wconf 87' lang='lat' dir='ltr'>corpus</span> <span class='ocrx_word' id='word_1_317' title='bbox 1135 341 1313 379; x_wconf 88' lang='lat' dir='ltr'>spiritualis</span> <span class='ocrx_word' id='word_1_318' title='bbox 1347 345 1494 373; x_wconf 87' lang='lat' dir='ltr'>creatura</span> 
     </span>
     <span class='ocr_line' id='line_1_57' title="bbox 787 386 1495 425; baseline 0.001 -9"><span class='ocrx_word' id='word_1_319' title='bbox 787 396 861 425; x_wconf 86' lang='lat' dir='ltr'>quae</span> <span class='ocrx_word' id='word_1_320' title='bbox 885 395 944 418; x_wconf 92' lang='lat' dir='ltr'>nos</span> <span class='ocrx_word' id='word_1_321' title='bbox 959 396 1086 425; x_wconf 83' lang='lat' dir='ltr'>sumus,</span> <span class='ocrx_word' id='word_1_322' title='bbox 1103 386 1173 416; x_wconf 91' lang='lat' dir='ltr'>sine</span> <span class='ocrx_word' id='word_1_323' title='bbox 1189 395 1253 424; x_wconf 93' lang='lat' dir='ltr'>quo</span> <span class='ocrx_word' id='word_1_324' title='bbox 1268 387 1421 416; x_wconf 89' lang='lat' dir='ltr'>nimirum</span> <span class='ocrx_word' id='word_1_325' title='bbox 1437 397 1495 417; x_wconf 85' lang='lat' dir='ltr'>ne-</span> 
     </span>
     <span class='ocr_line' id='line_1_58' title="bbox 787 432 1493 472; baseline -0.003 -8"><span class='ocrx_word' id='word_1_326' title='bbox 787 442 950 472; x_wconf 85' lang='lat' dir='ltr'>quaquam</span> <span class='ocrx_word' id='word_1_327' title='bbox 978 433 1068 463; x_wconf 88' lang='lat' dir='ltr'>illam</span> <span class='ocrx_word' id='word_1_328' title='bbox 1091 432 1265 463; x_wconf 84' lang='lat' dir='ltr'>scientiam</span> <span class='ocrx_word' id='word_1_329' title='bbox 1294 433 1493 471; x_wconf 86' lang='lat' dir='ltr'>assequitur,</span> 
     </span>
     <span class='ocr_line' id='line_1_59' title="bbox 787 478 1492 517; baseline -0.001 -9"><span class='ocrx_word' id='word_1_330' title='bbox 787 488 883 517; x_wconf 89' lang='lat' dir='ltr'>quam</span> <span class='ocrx_word' id='word_1_331' title='bbox 906 480 1006 510; x_wconf 88' lang='lat' dir='ltr'>solam</span> <span class='ocrx_word' id='word_1_332' title='bbox 1021 478 1149 516; x_wconf 84' lang='lat' dir='ltr'>accepit</span> <span class='ocrx_word' id='word_1_333' title='bbox 1171 478 1306 516; x_wconf 84' lang='lat' dir='ltr'>gradum</span> <span class='ocrx_word' id='word_1_334' title='bbox 1323 478 1362 507; x_wconf 87' lang='lat' dir='ltr'>ad</span> <span class='ocrx_word' id='word_1_335' title='bbox 1378 486 1415 507; x_wconf 84' lang='lat' dir='ltr'>ea</span> <span class='ocrx_word' id='word_1_336' title='bbox 1426 499 1434 514; x_wconf 92' lang='lat'>,</span> <span class='ocrx_word' id='word_1_337' title='bbox 1451 479 1492 507; x_wconf 84' lang='lat' dir='ltr'>de</span> 
     </span>
     <span class='ocr_line' id='line_1_60' title="bbox 787 523 1494 564; baseline -0.001 -9"><span class='ocrx_word' id='word_1_338' title='bbox 787 533 924 563; x_wconf 86' lang='lat' dir='ltr'>quorum</span> <span class='ocrx_word' id='word_1_339' title='bbox 937 526 973 555; x_wconf 85' lang='lat' dir='ltr'>fit</span> <span class='ocrx_word' id='word_1_340' title='bbox 983 525 1167 564; x_wconf 80' lang='lat' dir='ltr'>cognitione</span> <span class='ocrx_word' id='word_1_341' title='bbox 1181 525 1288 554; x_wconf 86' lang='lat' dir='ltr'>beata.</span> <span class='ocrx_word' id='word_1_342' title='bbox 1302 523 1362 553; x_wconf 88' lang='lat' dir='ltr'>Hic</span> <span class='ocrx_word' id='word_1_343' title='bbox 1374 524 1400 553; x_wconf 89' lang='lat' dir='ltr'>si</span> <span class='ocrx_word' id='word_1_344' title='bbox 1412 523 1494 554; x_wconf 89' lang='lat' dir='ltr'>mihi</span> 
     </span>
     <span class='ocr_line' id='line_1_61' title="bbox 787 569 1495 609; baseline -0.001 -10"><span class='ocrx_word' id='word_1_345' title='bbox 787 571 940 608; x_wconf 88' lang='lat' dir='ltr'>objicitur</span> <span class='ocrx_word' id='word_1_346' title='bbox 955 572 995 602; x_wconf 89' lang='lat' dir='ltr'>de</span> <span class='ocrx_word' id='word_1_347' title='bbox 1013 570 1157 609; x_wconf 88' lang='lat' dir='ltr'>parvulis</span> <span class='ocrx_word' id='word_1_348' title='bbox 1171 570 1390 608; x_wconf 80' lang='lat' dir='ltr'>regeneratis,</span> <span class='ocrx_word' id='word_1_349' title='bbox 1408 569 1495 607; x_wconf 88' lang='lat' dir='ltr'>quod</span> 
     </span>
     <span class='ocr_line' id='line_1_62' title="bbox 787 616 1495 655; baseline -0.001 -10"><span class='ocrx_word' id='word_1_350' title='bbox 787 617 908 655; x_wconf 89' lang='lat' dir='ltr'>absque</span> <span class='ocrx_word' id='word_1_351' title='bbox 948 617 1088 648; x_wconf 88' lang='lat' dir='ltr'>scientia</span> <span class='ocrx_word' id='word_1_352' title='bbox 1125 625 1237 647; x_wconf 90' lang='lat' dir='ltr'>rerum</span> <span class='ocrx_word' id='word_1_353' title='bbox 1277 616 1495 654; x_wconf 86' lang='lat' dir='ltr'>corporalium</span> 
     </span>
     <span class='ocr_line' id='line_1_63' title="bbox 788 661 1495 701; baseline -0.003 -9"><span class='ocrx_word' id='word_1_354' title='bbox 788 663 950 694; x_wconf 84' lang='lat' dir='ltr'>exeuntes</span> <span class='ocrx_word' id='word_1_355' title='bbox 965 663 1004 693; x_wconf 88' lang='lat' dir='ltr'>de</span> <span class='ocrx_word' id='word_1_356' title='bbox 1017 671 1150 701; x_wconf 89' lang='lat' dir='ltr'>corpore</span> <span class='ocrx_word' id='word_1_357' title='bbox 1161 685 1170 701; x_wconf 82' lang='lat'>,</span> <span class='ocrx_word' id='word_1_358' title='bbox 1187 663 1226 693; x_wconf 87' lang='lat' dir='ltr'>ad</span> <span class='ocrx_word' id='word_1_359' title='bbox 1240 662 1371 692; x_wconf 88' lang='lat' dir='ltr'>beatam</span> <span class='ocrx_word' id='word_1_360' title='bbox 1389 661 1495 692; x_wconf 86' lang='lat' dir='ltr'>vitam</span> 
     </span>
     <span class='ocr_line' id='line_1_64' title="bbox 786 706 1496 746; baseline -0.001 -8"><span class='ocrx_word' id='word_1_361' title='bbox 786 709 998 739; x_wconf 90' lang='lat' dir='ltr'>nihilominus</span> <span class='ocrx_word' id='word_1_362' title='bbox 1013 709 1151 739; x_wconf 88' lang='lat' dir='ltr'>transire</span> <span class='ocrx_word' id='word_1_363' title='bbox 1175 708 1367 746; x_wconf 69' lang='lat' dir='ltr'>credantur,</span> <span class='ocrx_word' id='word_1_364' title='bbox 1383 706 1496 737; x_wconf 75' lang='lat' dir='ltr'>brevi-</span> 
     </span>
     <span class='ocr_line' id='line_1_65' title="bbox 787 753 1492 793; baseline -0.003 -9"><span class='ocrx_word' id='word_1_365' title='bbox 787 754 837 784; x_wconf 89' lang='lat' dir='ltr'>ter</span> <span class='ocrx_word' id='word_1_366' title='bbox 847 755 1028 793; x_wconf 88' lang='lat' dir='ltr'>respondeo</span> <span class='ocrx_word' id='word_1_367' title='bbox 1036 755 1096 785; x_wconf 89' lang='lat' dir='ltr'>hoc</span> <span class='ocrx_word' id='word_1_368' title='bbox 1108 755 1174 785; x_wconf 91' lang='lat' dir='ltr'>illis</span> <span class='ocrx_word' id='word_1_369' title='bbox 1183 754 1330 784; x_wconf 86' lang='lat' dir='ltr'>conferre</span> <span class='ocrx_word' id='word_1_370' title='bbox 1340 753 1492 791; x_wconf 82' lang='lat' dir='ltr'>gratiam,</span> 
     </span>
     <span class='ocr_line' id='line_1_66' title="bbox 786 799 1495 840; baseline -0.003 -10"><span class='ocrx_word' id='word_1_371' title='bbox 786 808 851 830; x_wconf 92' lang='lat' dir='ltr'>non</span> <span class='ocrx_word' id='word_1_372' title='bbox 865 802 1026 831; x_wconf 88' lang='lat' dir='ltr'>naturam.</span> <span class='ocrx_word' id='word_1_373' title='bbox 1040 802 1078 831; x_wconf 89' lang='lat' dir='ltr'>Et</span> <span class='ocrx_word' id='word_1_374' title='bbox 1097 801 1179 840; x_wconf 89' lang='lat' dir='ltr'>quid</span> <span class='ocrx_word' id='word_1_375' title='bbox 1191 800 1231 830; x_wconf 91' lang='lat' dir='ltr'>ad</span> <span class='ocrx_word' id='word_1_376' title='bbox 1253 807 1306 830; x_wconf 90' lang='lat' dir='ltr'>me</span> <span class='ocrx_word' id='word_1_377' title='bbox 1331 799 1371 829; x_wconf 91' lang='lat' dir='ltr'>de</span> <span class='ocrx_word' id='word_1_378' title='bbox 1397 799 1495 828; x_wconf 90' lang='lat' dir='ltr'>mira·</span> 
     </span>
     <span class='ocr_line' id='line_1_67' title="bbox 788 844 1496 886; baseline -0.003 -10"><span class='ocrx_word' id='word_1_379' title='bbox 788 846 859 876; x_wconf 86' lang='lat' dir='ltr'>culo</span> <span class='ocrx_word' id='word_1_380' title='bbox 877 847 956 884; x_wconf 89' lang='lat' dir='ltr'>Dei,</span> <span class='ocrx_word' id='word_1_381' title='bbox 982 847 1038 886; x_wconf 91' lang='lat' dir='ltr'>qui</span> <span class='ocrx_word' id='word_1_382' title='bbox 1057 847 1097 877; x_wconf 91' lang='lat' dir='ltr'>de</span> <span class='ocrx_word' id='word_1_383' title='bbox 1125 846 1328 876; x_wconf 88' lang='lat' dir='ltr'>naturalibus</span> <span class='ocrx_word' id='word_1_384' title='bbox 1350 844 1496 874; x_wconf 76' lang='lat' dir='ltr'>dissero?</span> 
     </span>
    </p>

    <p class='ocr_par' dir='ltr' id='par_1_13' title="bbox 779 890 1493 1744">
     <span class='ocr_line' id='line_1_68' title="bbox 826 890 1493 932; baseline -0.004 -10"><span class='ocrx_word' id='word_1_385' title='bbox 826 892 858 922; x_wconf 77' lang='lat'>2.</span> <span class='ocrx_word' id='word_1_386' title='bbox 875 893 944 923; x_wconf 87' lang='lat' dir='ltr'>Jam</span> <span class='ocrx_word' id='word_1_387' title='bbox 957 893 1041 932; x_wconf 89' lang='lat' dir='ltr'>quod</span> <span class='ocrx_word' id='word_1_388' title='bbox 1056 896 1089 923; x_wconf 91' lang='lat' dir='ltr'>et</span> <span class='ocrx_word' id='word_1_389' title='bbox 1100 892 1349 931; x_wconf 87' lang='lat' dir='ltr'>supercoelestes</span> <span class='ocrx_word' id='word_1_390' title='bbox 1360 890 1493 928; x_wconf 87' lang='lat' dir='ltr'>spiritus</span> 
     </span>
     <span class='ocr_line' id='line_1_69' title="bbox 786 936 1492 978; baseline -0.003 -11"><span class='ocrx_word' id='word_1_391' title='bbox 786 946 868 976; x_wconf 89' lang='lat' dir='ltr'>opus</span> <span class='ocrx_word' id='word_1_392' title='bbox 888 940 1077 978; x_wconf 88' lang='lat' dir='ltr'>corporibus</span> <span class='ocrx_word' id='word_1_393' title='bbox 1095 938 1255 975; x_wconf 85' lang='lat' dir='ltr'>habeant,</span> <span class='ocrx_word' id='word_1_394' title='bbox 1271 937 1327 967; x_wconf 89' lang='lat' dir='ltr'>illa</span> <span class='ocrx_word' id='word_1_395' title='bbox 1345 936 1492 966; x_wconf 78' lang='lat' dir='ltr'>maxime</span> 
     </span>
     <span class='ocr_line' id='line_1_70' title="bbox 788 981 1492 1022; baseline -0.003 -10"><span class='ocrx_word' id='word_1_396' title='bbox 788 984 892 1014; x_wconf 88' lang='lat' dir='ltr'>certos</span> <span class='ocrx_word' id='word_1_397' title='bbox 913 993 971 1014; x_wconf 90' lang='lat' dir='ltr'>nos</span> <span class='ocrx_word' id='word_1_398' title='bbox 993 985 1092 1014; x_wconf 83' lang='lat' dir='ltr'>faciat</span> <span class='ocrx_word' id='word_1_399' title='bbox 1112 992 1210 1022; x_wconf 85' lang='lat' dir='ltr'>vera,</span> <span class='ocrx_word' id='word_1_400' title='bbox 1224 984 1258 1014; x_wconf 90' lang='lat' dir='ltr'>et</span> <span class='ocrx_word' id='word_1_401' title='bbox 1278 991 1357 1012; x_wconf 87' lang='lat' dir='ltr'>vere</span> <span class='ocrx_word' id='word_1_402' title='bbox 1381 981 1492 1011; x_wconf 87' lang='lat' dir='ltr'>divina</span> 
     </span>
     <span class='ocr_line' id='line_1_71' title="bbox 787 1029 1492 1067; baseline -0.001 -9"><span class='ocrx_word' id='word_1_403' title='bbox 787 1030 949 1060; x_wconf 86' lang='lat' dir='ltr'>sententia</span> <span class='ocrx_word' id='word_1_404' title='bbox 963 1039 971 1059; x_wconf 75' lang='lat' dir='ltr'><em>z</em></span> <span class='ocrx_word' id='word_1_405' title='bbox 987 1032 1097 1061; x_wconf 75' lang='lat' dir='ltr'>Nonne</span> <span class='ocrx_word' id='word_1_406' title='bbox 1114 1039 1218 1061; x_wconf 80' lang='lat' dir='ltr'>omnes</span> <span class='ocrx_word' id='word_1_407' title='bbox 1229 1051 1238 1066; x_wconf 86' lang='lat'>,</span> <span class='ocrx_word' id='word_1_408' title='bbox 1252 1029 1317 1067; x_wconf 88' lang='lat' dir='ltr'>ait,</span> <span class='ocrx_word' id='word_1_409' title='bbox 1343 1029 1492 1058; x_wconf 70' lang='lat' dir='ltr'>adminis-</span> 
     </span>
     <span class='ocr_line' id='line_1_72' title="bbox 788 1075 1491 1114; baseline 0 -11"><span class='ocrx_word' id='word_1_410' title='bbox 788 1076 911 1105; x_wconf 77' lang='lat' dir='ltr'>tratorii</span> <span class='ocrx_word' id='word_1_411' title='bbox 929 1078 1052 1114; x_wconf 78' lang='lat' dir='ltr'>spiritus</span> <span class='ocrx_word' id='word_1_412' title='bbox 1078 1078 1169 1112; x_wconf 76' lang='lat' dir='ltr'>sunt,</span> <span class='ocrx_word' id='word_1_413' title='bbox 1185 1076 1272 1105; x_wconf 76' lang='lat' dir='ltr'>missi</span> <span class='ocrx_word' id='word_1_414' title='bbox 1295 1076 1326 1104; x_wconf 81' lang='lat' dir='ltr'>in</span> <span class='ocrx_word' id='word_1_415' title='bbox 1352 1075 1491 1103; x_wconf 75' lang='lat' dir='ltr'>ministe-</span> 
     </span>
     <span class='ocr_line' id='line_1_73' title="bbox 786 1120 1490 1160; baseline 0.001 -12"><span class='ocrx_word' id='word_1_416' title='bbox 786 1120 867 1149; x_wconf 76' lang='lat' dir='ltr'>rium</span> <span class='ocrx_word' id='word_1_417' title='bbox 879 1124 1002 1160; x_wconf 75' lang='lat' dir='ltr'>propter</span> <span class='ocrx_word' id='word_1_418' title='bbox 1010 1131 1070 1158; x_wconf 86' lang='lat' dir='ltr'>eos,</span> <span class='ocrx_word' id='word_1_419' title='bbox 1084 1123 1136 1160; x_wconf 79' lang='lat' dir='ltr'>qui</span> <span class='ocrx_word' id='word_1_420' title='bbox 1146 1121 1352 1151; x_wconf 71' lang='lat' dir='ltr'>hoereditatem</span> <span class='ocrx_word' id='word_1_421' title='bbox 1365 1120 1490 1158; x_wconf 80' lang='lat' dir='ltr'>capiunt</span> 
     </span>
     <span class='ocr_line' id='line_1_74' title="bbox 785 1165 1490 1205; baseline 0.001 -12"><span class='ocrx_word' id='word_1_422' title='bbox 785 1166 912 1196; x_wconf 76' lang='lat' dir='ltr'>salutis?</span> <span class='ocrx_word' id='word_1_423' title='bbox 939 1168 1083 1204; x_wconf 88' lang='lat' dir='ltr'>Quonam</span> <span class='ocrx_word' id='word_1_424' title='bbox 1115 1174 1191 1205; x_wconf 81' lang='lat' dir='ltr'>ergo</span> <span class='ocrx_word' id='word_1_425' title='bbox 1215 1165 1310 1195; x_wconf 90' lang='lat' dir='ltr'>modo</span> <span class='ocrx_word' id='word_1_426' title='bbox 1349 1165 1490 1203; x_wconf 87' lang='lat' dir='ltr'>implent</span> 
     </span>
     <span class='ocr_line' id='line_1_75' title="bbox 785 1210 1490 1250; baseline 0.004 -13"><span class='ocrx_word' id='word_1_427' title='bbox 785 1210 1002 1242; x_wconf 81' lang='lat' dir='ltr'>ministerium</span> <span class='ocrx_word' id='word_1_428' title='bbox 1012 1221 1106 1242; x_wconf 91' lang='lat' dir='ltr'>suum</span> <span class='ocrx_word' id='word_1_429' title='bbox 1115 1213 1234 1250; x_wconf 79' lang='lat' dir='ltr'>absque</span> <span class='ocrx_word' id='word_1_430' title='bbox 1246 1219 1380 1249; x_wconf 88' lang='lat' dir='ltr'>corpore</span> <span class='ocrx_word' id='word_1_431' title='bbox 1390 1232 1399 1248; x_wconf 90' lang='lat'>,</span> <span class='ocrx_word' id='word_1_432' title='bbox 1407 1219 1490 1248; x_wconf 84' lang='lat' dir='ltr'>prae—</span> 
     </span>
     <span class='ocr_line' id='line_1_76' title="bbox 784 1255 1488 1296; baseline 0 -12"><span class='ocrx_word' id='word_1_433' title='bbox 784 1257 896 1286; x_wconf 87' lang='lat' dir='ltr'>sertim</span> <span class='ocrx_word' id='word_1_434' title='bbox 919 1258 1006 1296; x_wconf 88' lang='lat' dir='ltr'>apud</span> <span class='ocrx_word' id='word_1_435' title='bbox 1021 1258 1173 1288; x_wconf 83' lang='lat' dir='ltr'>viventes</span> <span class='ocrx_word' id='word_1_436' title='bbox 1194 1257 1230 1287; x_wconf 91' lang='lat' dir='ltr'>in</span> <span class='ocrx_word' id='word_1_437' title='bbox 1256 1255 1411 1295; x_wconf 78' lang='lat' dir='ltr'>corpore?</span> <span class='ocrx_word' id='word_1_438' title='bbox 1425 1256 1488 1285; x_wconf 90' lang='lat' dir='ltr'>De-</span> 
     </span>
     <span class='ocr_line' id='line_1_77' title="bbox 783 1300 1488 1341; baseline 0.004 -13"><span class='ocrx_word' id='word_1_439' title='bbox 783 1300 881 1339; x_wconf 91' lang='lat' dir='ltr'>nique</span> <span class='ocrx_word' id='word_1_440' title='bbox 902 1311 967 1333; x_wconf 90' lang='lat' dir='ltr'>non</span> <span class='ocrx_word' id='word_1_441' title='bbox 993 1304 1042 1334; x_wconf 87' lang='lat' dir='ltr'>est</span> <span class='ocrx_word' id='word_1_442' title='bbox 1063 1303 1263 1341; x_wconf 88' lang='lat' dir='ltr'>discurrere,</span> <span class='ocrx_word' id='word_1_443' title='bbox 1278 1310 1340 1332; x_wconf 90' lang='lat' dir='ltr'>nec</span> <span class='ocrx_word' id='word_1_444' title='bbox 1362 1302 1488 1331; x_wconf 90' lang='lat' dir='ltr'>deloco</span> 
     </span>
     <span class='ocr_line' id='line_1_78' title="bbox 782 1346 1489 1387; baseline 0.003 -13"><span class='ocrx_word' id='word_1_445' title='bbox 782 1346 822 1375; x_wconf 91' lang='lat' dir='ltr'>ad</span> <span class='ocrx_word' id='word_1_446' title='bbox 837 1348 944 1378; x_wconf 85' lang='lat' dir='ltr'>locum</span> <span class='ocrx_word' id='word_1_447' title='bbox 958 1349 1184 1387; x_wconf 89' lang='lat' dir='ltr'>transire,nisi</span> <span class='ocrx_word' id='word_1_448' title='bbox 1200 1356 1368 1387; x_wconf 91' lang='lat' dir='ltr'>corporum</span> <span class='ocrx_word' id='word_1_449' title='bbox 1381 1356 1389 1377; x_wconf 89' lang='lat'><strong>:</strong></span> <span class='ocrx_word' id='word_1_450' title='bbox 1403 1347 1489 1385; x_wconf 90' lang='lat' dir='ltr'>quod</span> 
     </span>
     <span class='ocr_line' id='line_1_79' title="bbox 781 1390 1488 1434; baseline -0.001 -12"><span class='ocrx_word' id='word_1_451' title='bbox 781 1390 969 1431; x_wconf 81' lang='lat' dir='ltr'>frequenter</span> <span class='ocrx_word' id='word_1_452' title='bbox 993 1396 1128 1434; x_wconf 79' lang='lat' dir='ltr'>Angelos</span> <span class='ocrx_word' id='word_1_453' title='bbox 1144 1395 1249 1424; x_wconf 84' lang='lat' dir='ltr'>facere</span> <span class='ocrx_word' id='word_1_454' title='bbox 1269 1394 1335 1424; x_wconf 90' lang='lat' dir='ltr'>tam</span> <span class='ocrx_word' id='word_1_455' title='bbox 1357 1392 1488 1423; x_wconf 91' lang='lat' dir='ltr'>indubi-</span> 
     </span>
     <span class='ocr_line' id='line_1_80' title="bbox 781 1436 1488 1479; baseline 0.001 -13"><span class='ocrx_word' id='word_1_456' title='bbox 781 1436 847 1468; x_wconf 86' lang='lat' dir='ltr'>tata</span> <span class='ocrx_word' id='word_1_457' title='bbox 858 1461 866 1476; x_wconf 85' lang='lat'>,</span> <span class='ocrx_word' id='word_1_458' title='bbox 876 1448 973 1478; x_wconf 90' lang='lat' dir='ltr'>quam</span> <span class='ocrx_word' id='word_1_459' title='bbox 987 1443 1062 1471; x_wconf 85' lang='lat' dir='ltr'>nota</span> <span class='ocrx_word' id='word_1_460' title='bbox 1077 1441 1192 1479; x_wconf 89' lang='lat' dir='ltr'>probat</span> <span class='ocrx_word' id='word_1_461' title='bbox 1204 1439 1391 1470; x_wconf 85' lang='lat' dir='ltr'>auctoritas.</span> <span class='ocrx_word' id='word_1_462' title='bbox 1404 1438 1488 1468; x_wconf 84' lang='lat' dir='ltr'>Hinc</span> 
     </span>
     <span class='ocr_line' id='line_1_81' title="bbox 781 1483 1487 1524; baseline -0.001 -10"><span class='ocrx_word' id='word_1_463' title='bbox 781 1485 829 1514; x_wconf 88' lang='lat' dir='ltr'>est</span> <span class='ocrx_word' id='word_1_464' title='bbox 852 1487 940 1524; x_wconf 91' lang='lat' dir='ltr'>quod</span> <span class='ocrx_word' id='word_1_465' title='bbox 966 1487 998 1517; x_wconf 86' lang='lat' dir='ltr'>et</span> <span class='ocrx_word' id='word_1_466' title='bbox 1013 1487 1076 1517; x_wconf 87' lang='lat' dir='ltr'>visi</span> <span class='ocrx_word' id='word_1_467' title='bbox 1104 1487 1179 1517; x_wconf 90' lang='lat' dir='ltr'>sunt</span> <span class='ocrx_word' id='word_1_468' title='bbox 1203 1485 1371 1522; x_wconf 88' lang='lat' dir='ltr'>Patribus,</span> <span class='ocrx_word' id='word_1_469' title='bbox 1388 1485 1422 1515; x_wconf 89' lang='lat' dir='ltr'>et</span> <span class='ocrx_word' id='word_1_470' title='bbox 1446 1483 1487 1513; x_wconf 91' lang='lat' dir='ltr'>ad</span> 
     </span>
     <span class='ocr_line' id='line_1_82' title="bbox 780 1530 1487 1571; baseline -0.001 -11"><span class='ocrx_word' id='word_1_471' title='bbox 780 1539 833 1560; x_wconf 88' lang='lat' dir='ltr'>eos</span> <span class='ocrx_word' id='word_1_472' title='bbox 855 1531 1077 1571; x_wconf 88' lang='lat' dir='ltr'>intraverunt,</span> <span class='ocrx_word' id='word_1_473' title='bbox 1094 1533 1128 1562; x_wconf 87' lang='lat' dir='ltr'>et</span> <span class='ocrx_word' id='word_1_474' title='bbox 1143 1532 1441 1568; x_wconf 88' lang='lat' dir='ltr'>manducaverunt,</span> <span class='ocrx_word' id='word_1_475' title='bbox 1453 1530 1487 1560; x_wconf 87' lang='lat' dir='ltr'>et</span> 
     </span>
     <span class='ocr_line' id='line_1_83' title="bbox 780 1576 1486 1614; baseline -0.001 -8"><span class='ocrx_word' id='word_1_476' title='bbox 780 1576 878 1614; x_wconf 87' lang='lat' dir='ltr'>pedes</span> <span class='ocrx_word' id='word_1_477' title='bbox 893 1578 1055 1608; x_wconf 89' lang='lat' dir='ltr'>laverunt.</span> <span class='ocrx_word' id='word_1_478' title='bbox 1069 1579 1114 1608; x_wconf 87' lang='lat' dir='ltr'>lta</span> <span class='ocrx_word' id='word_1_479' title='bbox 1126 1578 1262 1607; x_wconf 86' lang='lat' dir='ltr'>inferior</span> <span class='ocrx_word' id='word_1_480' title='bbox 1272 1576 1486 1614; x_wconf 86' lang='lat' dir='ltr'>superiorque</span> 
     </span>
     <span class='ocr_line' id='line_1_84' title="bbox 779 1621 1484 1662; baseline 0 -11"><span class='ocrx_word' id='word_1_481' title='bbox 779 1622 911 1660; x_wconf 89' lang='lat' dir='ltr'>spiritus</span> <span class='ocrx_word' id='word_1_482' title='bbox 932 1625 1072 1662; x_wconf 89' lang='lat' dir='ltr'>propriis</span> <span class='ocrx_word' id='word_1_483' title='bbox 1088 1624 1276 1662; x_wconf 87' lang='lat' dir='ltr'>corporibus</span> <span class='ocrx_word' id='word_1_484' title='bbox 1292 1623 1406 1661; x_wconf 83' lang='lat' dir='ltr'>egent,</span> <span class='ocrx_word' id='word_1_485' title='bbox 1426 1621 1484 1652; x_wconf 88' lang='lat' dir='ltr'>sed</span> 
     </span>
     <span class='ocr_line' id='line_1_85' title="bbox 780 1668 1485 1708; baseline 0.006 -13"><span class='ocrx_word' id='word_1_486' title='bbox 780 1668 905 1698; x_wconf 83' lang='lat' dir='ltr'>tantum</span> <span class='ocrx_word' id='word_1_487' title='bbox 920 1670 1040 1707; x_wconf 89' lang='lat' dir='ltr'>quibus</span> <span class='ocrx_word' id='word_1_488' title='bbox 1066 1670 1201 1708; x_wconf 83' lang='lat' dir='ltr'>juvent,</span> <span class='ocrx_word' id='word_1_489' title='bbox 1217 1677 1282 1700; x_wconf 89' lang='lat' dir='ltr'>non</span> <span class='ocrx_word' id='word_1_490' title='bbox 1305 1669 1404 1699; x_wconf 88' lang='lat' dir='ltr'>etiam</span> <span class='ocrx_word' id='word_1_491' title='bbox 1430 1668 1485 1706; x_wconf 70' lang='lat' dir='ltr'>Ju-</span> 
     </span>
     <span class='ocr_line' id='line_1_86' title="bbox 779 1714 907 1744; baseline 0.016 -2"><span class='ocrx_word' id='word_1_492' title='bbox 779 1714 907 1744; x_wconf 89' lang='lat' dir='ltr'>ventur.</span> 
     </span>
    </p>

    <p class='ocr_par' dir='ltr' id='par_1_14' title="bbox 773 1759 1482 2659">
     <span class='ocr_line' id='line_1_87' title="bbox 818 1759 1474 1799; baseline 0.002 -11"><span class='ocrx_word' id='word_1_493' title='bbox 818 1759 848 1788; x_wconf 82' lang='lat'>5.</span> <span class='ocrx_word' id='word_1_494' title='bbox 866 1760 905 1789; x_wconf 89' lang='lat' dir='ltr'>At</span> <span class='ocrx_word' id='word_1_495' title='bbox 918 1768 1017 1798; x_wconf 93' lang='lat' dir='ltr'>pecus</span> <span class='ocrx_word' id='word_1_496' title='bbox 1028 1760 1159 1799; x_wconf 87' lang='lat' dir='ltr'>quidem</span> <span class='ocrx_word' id='word_1_497' title='bbox 1172 1770 1214 1791; x_wconf 84' lang='lat' dir='ltr'>ex</span> <span class='ocrx_word' id='word_1_498' title='bbox 1223 1760 1333 1791; x_wconf 89' lang='lat' dir='ltr'>debito</span> <span class='ocrx_word' id='word_1_499' title='bbox 1345 1759 1474 1790; x_wconf 89' lang='lat' dir='ltr'>servitu·</span> 
     </span>
     <span class='ocr_line' id='line_1_88' title="bbox 779 1803 1476 1844; baseline 0.001 -11"><span class='ocrx_word' id='word_1_500' title='bbox 779 1803 836 1842; x_wconf 91' lang='lat' dir='ltr'>tis,</span> <span class='ocrx_word' id='word_1_501' title='bbox 867 1806 900 1834; x_wconf 92' lang='lat' dir='ltr'>et</span> <span class='ocrx_word' id='word_1_502' title='bbox 927 1806 967 1835; x_wconf 84' lang='lat' dir='ltr'>ad</span> <span class='ocrx_word' id='word_1_503' title='bbox 995 1814 1072 1836; x_wconf 92' lang='lat' dir='ltr'>usus</span> <span class='ocrx_word' id='word_1_504' title='bbox 1097 1807 1223 1836; x_wconf 90' lang='lat' dir='ltr'>tantum</span> <span class='ocrx_word' id='word_1_505' title='bbox 1251 1805 1476 1844; x_wconf 83' lang='lat' dir='ltr'>temporalium</span> 
     </span>
     <span class='ocr_line' id='line_1_89' title="bbox 779 1851 1481 1890; baseline 0.001 -11"><span class='ocrx_word' id='word_1_506' title='bbox 779 1851 1058 1890; x_wconf 87' lang='lat' dir='ltr'>corporaliumque</span> <span class='ocrx_word' id='word_1_507' title='bbox 1086 1852 1316 1882; x_wconf 88' lang='lat' dir='ltr'>necessitatum</span> <span class='ocrx_word' id='word_1_508' title='bbox 1339 1851 1481 1888; x_wconf 85' lang='lat' dir='ltr'>juvando</span> 
     </span>
     <span class='ocr_line' id='line_1_90' title="bbox 778 1896 1482 1936; baseline 0.001 -12"><span class='ocrx_word' id='word_1_509' title='bbox 778 1896 879 1926; x_wconf 86' lang='lat' dir='ltr'>servit</span> <span class='ocrx_word' id='word_1_510' title='bbox 903 1905 911 1926; x_wconf 77' lang='lat' dir='ltr'><strong><em>z</em></strong></span> <span class='ocrx_word' id='word_1_511' title='bbox 940 1897 1078 1935; x_wconf 89' lang='lat' dir='ltr'>ideoque</span> <span class='ocrx_word' id='word_1_512' title='bbox 1108 1898 1164 1927; x_wconf 87' lang='lat' dir='ltr'>ille</span> <span class='ocrx_word' id='word_1_513' title='bbox 1193 1898 1325 1936; x_wconf 89' lang='lat' dir='ltr'>spiritus</span> <span class='ocrx_word' id='word_1_514' title='bbox 1349 1897 1383 1926; x_wconf 85' lang='lat' dir='ltr'>et</span> <span class='ocrx_word' id='word_1_515' title='bbox 1407 1905 1482 1926; x_wconf 90' lang='lat' dir='ltr'>cum</span> 
     </span>
     <span class='ocr_line' id='line_1_91' title="bbox 778 1941 1481 1981; baseline 0.004 -11"><span class='ocrx_word' id='word_1_516' title='bbox 778 1941 923 1979; x_wconf 86' lang='lat' dir='ltr'>tempore</span> <span class='ocrx_word' id='word_1_517' title='bbox 950 1944 1081 1981; x_wconf 83' lang='lat' dir='ltr'>transit,</span> <span class='ocrx_word' id='word_1_518' title='bbox 1099 1945 1131 1973; x_wconf 91' lang='lat' dir='ltr'>et</span> <span class='ocrx_word' id='word_1_519' title='bbox 1157 1952 1232 1974; x_wconf 90' lang='lat' dir='ltr'>cum</span> <span class='ocrx_word' id='word_1_520' title='bbox 1253 1952 1386 1981; x_wconf 87' lang='lat' dir='ltr'>corpore</span> <span class='ocrx_word' id='word_1_521' title='bbox 1402 1943 1481 1973; x_wconf 86' lang='lat' dir='ltr'>defi-</span> 
     </span>
     <span class='ocr_line' id='line_1_92' title="bbox 777 1986 1480 2027; baseline 0.004 -12"><span class='ocrx_word' id='word_1_522' title='bbox 777 1986 833 2016; x_wconf 88' lang='lat' dir='ltr'>cit.</span> <span class='ocrx_word' id='word_1_523' title='bbox 850 1987 969 2018; x_wconf 88' lang='lat' dir='ltr'>Servus</span> <span class='ocrx_word' id='word_1_524' title='bbox 984 1988 1104 2027; x_wconf 87' lang='lat' dir='ltr'>quippe</span> <span class='ocrx_word' id='word_1_525' title='bbox 1124 1998 1188 2019; x_wconf 91' lang='lat' dir='ltr'>non</span> <span class='ocrx_word' id='word_1_526' title='bbox 1210 1990 1320 2019; x_wconf 84' lang='lat' dir='ltr'>manet</span> <span class='ocrx_word' id='word_1_527' title='bbox 1335 1989 1369 2019; x_wconf 90' lang='lat' dir='ltr'>in</span> <span class='ocrx_word' id='word_1_528' title='bbox 1386 1989 1480 2018; x_wconf 89' lang='lat' dir='ltr'>domo</span> 
     </span>
     <span class='ocr_line' id='line_1_93' title="bbox 777 2031 1480 2073; baseline 0.006 -13"><span class='ocrx_word' id='word_1_529' title='bbox 777 2031 810 2060; x_wconf 93' lang='lat' dir='ltr'>in</span> <span class='ocrx_word' id='word_1_530' title='bbox 824 2033 998 2071; x_wconf 76' lang='lat' dir='ltr'>aeternum3</span> <span class='ocrx_word' id='word_1_531' title='bbox 1013 2034 1090 2064; x_wconf 87' lang='lat' dir='ltr'>licet</span> <span class='ocrx_word' id='word_1_532' title='bbox 1105 2036 1160 2073; x_wconf 90' lang='lat' dir='ltr'>qui</span> <span class='ocrx_word' id='word_1_533' title='bbox 1173 2035 1257 2065; x_wconf 86' lang='lat' dir='ltr'>bene</span> <span class='ocrx_word' id='word_1_534' title='bbox 1273 2043 1311 2064; x_wconf 89' lang='lat' dir='ltr'>eo</span> <span class='ocrx_word' id='word_1_535' title='bbox 1323 2035 1480 2071; x_wconf 91' lang='lat' dir='ltr'>utuntur,</span> 
     </span>
     <span class='ocr_line' id='line_1_94' title="bbox 776 2079 1480 2119; baseline 0.006 -13"><span class='ocrx_word' id='word_1_536' title='bbox 776 2085 905 2107; x_wconf 89' lang='lat' dir='ltr'>omnem</span> <span class='ocrx_word' id='word_1_537' title='bbox 922 2087 1012 2108; x_wconf 87' lang='lat' dir='ltr'>usum</span> <span class='ocrx_word' id='word_1_538' title='bbox 1029 2079 1124 2116; x_wconf 82' lang='lat' dir='ltr'>hujus</span> <span class='ocrx_word' id='word_1_539' title='bbox 1136 2080 1324 2119; x_wconf 84' lang='lat' dir='ltr'>temporalis</span> <span class='ocrx_word' id='word_1_540' title='bbox 1338 2079 1480 2110; x_wconf 86' lang='lat' dir='ltr'>servitu-</span> 
     </span>
     <span class='ocr_line' id='line_1_95' title="bbox 775 2122 1480 2161; baseline 0.003 -10"><span class='ocrx_word' id='word_1_541' title='bbox 775 2122 816 2152; x_wconf 88' lang='lat' dir='ltr'>tis</span> <span class='ocrx_word' id='word_1_542' title='bbox 825 2123 863 2152; x_wconf 89' lang='lat' dir='ltr'>ad</span> <span class='ocrx_word' id='word_1_543' title='bbox 872 2125 1029 2161; x_wconf 80' lang='lat' dir='ltr'>quaestum</span> <span class='ocrx_word' id='word_1_544' title='bbox 1045 2124 1187 2155; x_wconf 86' lang='lat' dir='ltr'>referant</span> <span class='ocrx_word' id='word_1_545' title='bbox 1197 2126 1404 2155; x_wconf 82' lang='lat' dir='ltr'>aeternorum.</span> <span class='ocrx_word' id='word_1_546' title='bbox 1415 2127 1480 2153; x_wconf 87' lang='lat' dir='ltr'>An-</span> 
     </span>
     <span class='ocr_line' id='line_1_96' title="bbox 775 2169 1478 2209; baseline 0.006 -12"><span class='ocrx_word' id='word_1_547' title='bbox 775 2169 864 2205; x_wconf 80' lang='lat' dir='ltr'>gelus</span> <span class='ocrx_word' id='word_1_548' title='bbox 879 2177 956 2199; x_wconf 92' lang='lat' dir='ltr'>vero</span> <span class='ocrx_word' id='word_1_549' title='bbox 973 2171 1061 2200; x_wconf 88' lang='lat' dir='ltr'>curat</span> <span class='ocrx_word' id='word_1_550' title='bbox 1077 2171 1254 2209; x_wconf 86' lang='lat' dir='ltr'>satagitque</span> <span class='ocrx_word' id='word_1_551' title='bbox 1276 2171 1311 2201; x_wconf 91' lang='lat' dir='ltr'>in</span> <span class='ocrx_word' id='word_1_552' title='bbox 1326 2171 1478 2201; x_wconf 85' lang='lat' dir='ltr'>libertate</span> 
     </span>
     <span class='ocr_line' id='line_1_97' title="bbox 775 2215 1477 2255; baseline 0.004 -11"><span class='ocrx_word' id='word_1_553' title='bbox 775 2215 908 2253; x_wconf 90' lang='lat' dir='ltr'>spiritus</span> <span class='ocrx_word' id='word_1_554' title='bbox 926 2216 1153 2247; x_wconf 86' lang='lat' dir='ltr'>administrare</span> <span class='ocrx_word' id='word_1_555' title='bbox 1169 2217 1311 2247; x_wconf 76' lang='lat' dir='ltr'>officium</span> <span class='ocrx_word' id='word_1_556' title='bbox 1326 2217 1477 2255; x_wconf 83' lang='lat' dir='ltr'>pietatis,</span> 
     </span>
     <span class='ocr_line' id='line_1_98' title="bbox 774 2260 1479 2301; baseline 0.004 -12"><span class='ocrx_word' id='word_1_557' title='bbox 774 2260 956 2291; x_wconf 86' lang='lat' dir='ltr'>futurorum</span> <span class='ocrx_word' id='word_1_558' title='bbox 981 2261 1137 2292; x_wconf 89' lang='lat' dir='ltr'>honorum</span> <span class='ocrx_word' id='word_1_559' title='bbox 1159 2262 1345 2301; x_wconf 88' lang='lat' dir='ltr'>promptum</span> <span class='ocrx_word' id='word_1_560' title='bbox 1360 2263 1479 2292; x_wconf 87' lang='lat' dir='ltr'>morta-</span> 
     </span>
     <span class='ocr_line' id='line_1_99' title="bbox 774 2306 1477 2347; baseline 0.003 -12"><span class='ocrx_word' id='word_1_561' title='bbox 774 2306 859 2336; x_wconf 88' lang='lat' dir='ltr'>libus</span> <span class='ocrx_word' id='word_1_562' title='bbox 874 2308 1079 2347; x_wconf 85' lang='lat' dir='ltr'>alacremque</span> <span class='ocrx_word' id='word_1_563' title='bbox 1094 2309 1278 2339; x_wconf 89' lang='lat' dir='ltr'>ministrum</span> <span class='ocrx_word' id='word_1_564' title='bbox 1295 2317 1365 2339; x_wconf 87' lang='lat' dir='ltr'>sese</span> <span class='ocrx_word' id='word_1_565' title='bbox 1381 2308 1477 2338; x_wconf 85' lang='lat' dir='ltr'>exhi-</span> 
     </span>
     <span class='ocr_line' id='line_1_100' title="bbox 774 2352 1477 2392; baseline 0.003 -10"><span class='ocrx_word' id='word_1_566' title='bbox 774 2352 872 2390; x_wconf 83' lang='lat' dir='ltr'>bens,</span> <span class='ocrx_word' id='word_1_567' title='bbox 898 2355 1010 2392; x_wconf 83' lang='lat' dir='ltr'>utpote</span> <span class='ocrx_word' id='word_1_568' title='bbox 1032 2354 1097 2384; x_wconf 88' lang='lat' dir='ltr'>suis</span> <span class='ocrx_word' id='word_1_569' title='bbox 1112 2355 1146 2384; x_wconf 92' lang='lat' dir='ltr'>in</span> <span class='ocrx_word' id='word_1_570' title='bbox 1167 2355 1325 2386; x_wconf 80' lang='lat' dir='ltr'>aeternum</span> <span class='ocrx_word' id='word_1_571' title='bbox 1358 2355 1477 2386; x_wconf 85' lang='lat' dir='ltr'>futuris</span> 
     </span>
     <span class='ocr_line' id='line_1_101' title="bbox 774 2398 1475 2440; baseline 0.006 -13"><span class='ocrx_word' id='word_1_572' title='bbox 774 2398 914 2437; x_wconf 82' lang='lat' dir='ltr'>civibus,</span> <span class='ocrx_word' id='word_1_573' title='bbox 924 2401 957 2430; x_wconf 91' lang='lat' dir='ltr'>et</span> <span class='ocrx_word' id='word_1_574' title='bbox 970 2400 1193 2431; x_wconf 64' lang='lat' dir='ltr'>cohaeredibus</span> <span class='ocrx_word' id='word_1_575' title='bbox 1204 2401 1475 2440; x_wconf 83' lang='lat' dir='ltr'>supernaejucun-</span> 
     </span>
     <span class='ocr_line' id='line_1_102' title="bbox 775 2444 1475 2483; baseline 0.004 -11"><span class='ocrx_word' id='word_1_576' title='bbox 775 2444 895 2474; x_wconf 78' lang='lat' dir='ltr'>ditatis.</span> <span class='ocrx_word' id='word_1_577' title='bbox 912 2445 970 2474; x_wconf 79' lang='lat' dir='ltr'>lile</span> <span class='ocrx_word' id='word_1_578' title='bbox 987 2453 1061 2483; x_wconf 83' lang='lat' dir='ltr'>ergo</span> <span class='ocrx_word' id='word_1_579' title='bbox 1075 2446 1111 2475; x_wconf 89' lang='lat' dir='ltr'>ut</span> <span class='ocrx_word' id='word_1_580' title='bbox 1123 2445 1196 2483; x_wconf 88' lang='lat' dir='ltr'>jure</span> <span class='ocrx_word' id='word_1_581' title='bbox 1209 2447 1347 2483; x_wconf 86' lang='lat' dir='ltr'>serviat,</span> <span class='ocrx_word' id='word_1_582' title='bbox 1365 2447 1424 2476; x_wconf 86' lang='lat' dir='ltr'>iste</span> <span class='ocrx_word' id='word_1_583' title='bbox 1439 2447 1475 2475; x_wconf 79' lang='lat' dir='ltr'>ut</span> 
     </span>
     <span class='ocr_line' id='line_1_103' title="bbox 774 2488 1475 2530; baseline 0.001 -12"><span class='ocrx_word' id='word_1_584' title='bbox 774 2488 827 2526; x_wconf 87' lang='lat' dir='ltr'>pie</span> <span class='ocrx_word' id='word_1_585' title='bbox 851 2490 1040 2528; x_wconf 87' lang='lat' dir='ltr'>subveniat,</span> <span class='ocrx_word' id='word_1_586' title='bbox 1057 2491 1150 2521; x_wconf 85' lang='lat' dir='ltr'>ambo</span> <span class='ocrx_word' id='word_1_587' title='bbox 1172 2492 1386 2530; x_wconf 90' lang='lat' dir='ltr'>proculdubio</span> <span class='ocrx_word' id='word_1_588' title='bbox 1407 2491 1475 2519; x_wconf 89' lang='lat' dir='ltr'>suis</span> 
     </span>
     <span class='ocr_line' id='line_1_104' title="bbox 773 2535 1473 2574; baseline 0.001 -12"><span class='ocrx_word' id='word_1_589' title='bbox 773 2535 959 2572; x_wconf 81' lang='lat' dir='ltr'>corporibus</span> <span class='ocrx_word' id='word_1_590' title='bbox 972 2538 1068 2574; x_wconf 83' lang='lat' dir='ltr'>egent</span> <span class='ocrx_word' id='word_1_591' title='bbox 1082 2537 1118 2566; x_wconf 92' lang='lat' dir='ltr'>ut</span> <span class='ocrx_word' id='word_1_592' title='bbox 1130 2536 1257 2574; x_wconf 85' lang='lat' dir='ltr'>juvent.</span> <span class='ocrx_word' id='word_1_593' title='bbox 1273 2537 1350 2566; x_wconf 89' lang='lat' dir='ltr'>Nam</span> <span class='ocrx_word' id='word_1_594' title='bbox 1366 2536 1399 2565; x_wconf 91' lang='lat' dir='ltr'>in</span> <span class='ocrx_word' id='word_1_595' title='bbox 1410 2542 1473 2572; x_wconf 92' lang='lat' dir='ltr'>quo</span> 
     </span>
     <span class='ocr_line' id='line_1_105' title="bbox 774 2579 1471 2620; baseline 0.001 -12"><span class='ocrx_word' id='word_1_596' title='bbox 774 2580 835 2617; x_wconf 87' lang='lat' dir='ltr'>ipsi</span> <span class='ocrx_word' id='word_1_597' title='bbox 851 2581 898 2610; x_wconf 88' lang='lat' dir='ltr'>eis</span> <span class='ocrx_word' id='word_1_598' title='bbox 910 2580 1065 2618; x_wconf 87' lang='lat' dir='ltr'>juventur</span> <span class='ocrx_word' id='word_1_599' title='bbox 1075 2591 1160 2620; x_wconf 90' lang='lat' dir='ltr'>,non</span> <span class='ocrx_word' id='word_1_600' title='bbox 1172 2583 1267 2612; x_wconf 88' lang='lat' dir='ltr'>video</span> <span class='ocrx_word' id='word_1_601' title='bbox 1277 2603 1286 2619; x_wconf 87' lang='lat'>,</span> <span class='ocrx_word' id='word_1_602' title='bbox 1298 2581 1338 2611; x_wconf 89' lang='lat' dir='ltr'>ad</span> <span class='ocrx_word' id='word_1_603' title='bbox 1349 2579 1471 2618; x_wconf 81' lang='lat' dir='ltr'>profec-</span> 
     </span>
     <span class='ocr_line' id='line_1_106' title="bbox 773 2625 1472 2659; baseline 0.003 -6"><span class='ocrx_word' id='word_1_604' title='bbox 773 2625 840 2654; x_wconf 85' lang='lat' dir='ltr'>tum</span> <span class='ocrx_word' id='word_1_605' title='bbox 862 2625 1030 2658; x_wconf 83' lang='lat' dir='ltr'>dumtaxat</span> <span class='ocrx_word' id='word_1_606' title='bbox 1052 2628 1251 2659; x_wconf 73' lang='lat' dir='ltr'>aeternitatis.</span> <span class='ocrx_word' id='word_1_607' title='bbox 1275 2625 1472 2657; x_wconf 83' lang='lat' dir='ltr'>Irratioualis</span> 
     </span>
    </p>
   </div>
  </div>
 </body>
</html>
