1846 3078
532 223 575 250 IN
598 221 800 250 CANTch
819 219 968 248 SERMO
990 219 1150 249 LXXIII.

127 271 195 309 iam
211 277 320 308 tamen
339 274 447 306 redire
463 274 600 314 flagitat.
615 275 718 306 Etiam
734 283 825 305 acce-

130 323 236 353 lerare
250 322 358 360 rogat,
374 322 406 351 et
421 320 555 359 quidem
577 329 708 351 currere
723 320 826 350 instar

129 369 226 398 unius
241 367 378 404 alicujus
393 367 470 397 ferae
496 367 651 397 silvarum
666 366 826 397 velociter

129 413 304 450 currentis,
321 413 415 442 verbi
441 412 558 450 gratia,
582 421 724 450 capreae,
750 412 826 441 hin-

128 460 239 489 nulive
261 467 443 489 cervorum.
460 459 520 488 Hic
534 459 651 489 litterae
667 459 776 494 tenor,
791 457 826 488 et

128 504 197 534 haec
211 504 393 534 Judaeorum
408 504 525 542 portio.

165 549 198 578 2.
213 549 275 586 Ego
300 557 395 585 vero,
417 546 686 586 quemadmodum
712 546 824 584 accepi

125 601 144 624 a
168 594 323 632 Domino,
346 594 379 624 in
405 593 564 632 profundo
589 593 672 622 sacri
699 592 823 630 eloquii

126 640 248 677 gremio
263 639 414 677 spiritum
436 639 518 668 mihi
534 639 701 669 scrutabor
725 639 760 668 et
775 638 824 667 vi-

125 686 210 723 tam,
226 686 259 715 et
273 694 345 723 pars
356 693 428 716 mea
443 685 530 723 haec,
543 685 600 723 qui
613 685 647 714 in
663 684 823 714 Christum

127 731 234 761 credo.
250 731 370 768 Quidni
386 739 497 761 eruam
520 731 614 760 dulce
631 738 667 759 ac
683 729 822 759 salutare

126 778 261 815 epulum
286 777 418 814 spiritus
433 777 473 806 de
499 776 603 805 sterili
627 775 661 805 et
682 774 822 813 insipida

125 822 252 860 littera,
269 822 430 860 tamquam
447 829 582 859 granum
599 821 638 850 de
653 821 765 859 palea,
782 820 822 850 de

125 868 207 897 testa
237 868 410 905 nucleum,
442 867 482 897 de
517 874 587 897 osse
622 865 823 896 medullam?

124 914 210 943 Nihil
225 914 306 943 mihi
322 915 355 943 et
369 914 486 943 litterae
501 913 596 950 huic,
611 921 682 951 quae
697 913 822 950 gustata

125 967 256 989 carnem
279 959 363 997 sapit
383 980 392 996 ,
409 959 523 996 glutita
535 960 672 988 mortem
698 957 795 988 affert
811 967 819 987 ε

125 1004 185 1034 sed
209 1005 298 1034 enim
322 1004 406 1042 quod
430 1005 465 1033 in
491 1013 528 1034 ea
552 1005 677 1034 tectum
699 1005 765 1042 est,
781 1005 821 1034 de

126 1049 251 1088 Spiritu
274 1051 384 1080 sancto
408 1050 468 1079 est.
485 1049 624 1087 Spiritus
640 1050 751 1079 autem
773 1051 820 1079 lo-

124 1095 236 1132 quitur
255 1095 428 1133 mysteria,
454 1095 538 1124 teste
563 1096 713 1133 Apostolo
739 1095 820 1125 :sed

124 1141 223 1171 lsrael
247 1149 304 1179 pro
318 1141 426 1171 velato
448 1140 601 1179 mysterio
617 1133 723 1180 ip'sum
738 1150 820 1180 mys-

124 1186 202 1216 terii
222 1187 371 1217 velamen
395 1187 500 1216 tenet.
518 1186 622 1223 Quare
634 1208 643 1224 ,
659 1186 724 1216 nisi
744 1187 819 1225 quia

125 1232 230 1262 adhuc
256 1233 406 1263 velamen
430 1234 479 1262 est
492 1232 633 1271 positum
658 1242 753 1272 super
768 1242 821 1263 cor

125 1278 217 1316 ejus?
232 1280 278 1309 Ita
293 1279 377 1317 quod
394 1280 485 1309 sonat
510 1279 620 1308 littera
641 1279 731 1309 illius
753 1281 819 1317 est3

124 1325 209 1363 quod
223 1325 345 1363 signat,
362 1333 472 1354 meum
490 1324 557 1362 θεῖς
573 1333 609 1354 ac
623 1333 682 1363 per
697 1325 756 1355 hoc
772 1325 819 1355 illi

124 1370 321 1401 ministratio
337 1370 449 1400 mortis
463 1371 497 1400 in
511 1371 640 1408 littera,
656 1371 735 1400 mihi
753 1372 819 1402 vita
836 1392 838 1404 ι

123 1415 158 1445 in
172 1416 300 1454 spirltu.
317 1417 394 1445 Nam
409 1417 533 1454 spiritus
546 1418 588 1446 est
603 1418 656 1455 qui
668 1418 798 1454 vivificat
809 1428 819 1447 .·

125 1460 179 1490 dat
193 1461 312 1499 quippe
327 1461 543 1490 intellectum.
555 1461 603 1490 An
617 1469 681 1490 non
693 1462 760 1491 vita
773 1462 821 1491 in-

122 1507 275 1537 tellectus
285 1506 297 1536 ?
308 1507 493 1536 Intellectum
508 1507 547 1536 da
560 1507 652 1543 mihi,
665 1509 692 1536 ct
707 1508 819 1544 vivam,

123 1552 170 1582 ait
189 1553 349 1590 Propheta
370 1552 519 1581 Domino.
544 1553 732 1583 Intellectus
756 1562 819 1583 non

121 1599 269 1628 remanet
293 1599 403 1635 extra,
428 1606 491 1627 non
518 1598 620 1627 haeret
644 1599 680 1627 in
706 1607 820 1637 super-

122 1643 214 1681 ficie,
229 1652 293 1674 non
310 1644 411 1673 instar
426 1644 503 1673 caeci
519 1644 628 1681 palpat
648 1643 818 1682 forinseca,

122 1689 180 1719 sed
203 1689 365 1727 profunda
391 1689 546 1725 rimatur,
571 1690 820 1727 pretiosissimas

123 1735 236 1765 solitus
262 1735 381 1764 exinde
407 1735 558 1764 veritatis
591 1735 728 1764 exuvias
753 1737 819 1765 tota

122 1781 278 1811 aviditate
305 1780 447 1818 diripere
479 1788 515 1809 ac
541 1781 655 1810 tollere
681 1781 760 1819 sibi,
788 1783 819 1811 ct

121 1834 197 1856 cum
210 1826 369 1864 Propheta
381 1826 488 1855 dicere
505 1826 640 1855 Domino
654 1834 661 1854 ι
677 1826 820 1856 Loetabor
836 1845 837 1856 1

120 1881 174 1910 eqo
188 1881 278 1911 super
299 1873 421 1910 eloquia
443 1874 515 1909 itta,
538 1874 614 1901 sicut
634 1873 687 1910 qui
709 1873 820 1902 invenit

119 1918 218 1955 spolia
240 1919 350 1947 nautia.
367 1918 487 1955 Nempe
513 1917 558 1946 ita
579 1925 715 1955 regnum
732 1918 818 1948 veri-

120 1963 198 1993 tatis
222 1963 289 1993 vim
313 1963 453 2001 patitur,
471 1963 503 1992 et
528 1963 665 1993 violenti
688 1964 818 2001 rapiunt

121 2007 214 2038 illud.
230 2009 351 2038 Verum
366 2009 422 2038 ille
439 2008 545 2038 senior
568 2008 685 2046 frater,
703 2009 758 2046 qui
779 2009 817 2039 de

120 2061 196 2091 agro
216 2053 355 2084 veniens
370 2053 505 2083 sormam
520 2054 625 2083 tenuit
638 2054 748 2091 populi
765 2063 819 2084 ve-

120 2099 200 2128 teris
215 2099 248 2128 et
262 2099 406 2135 terreni,
422 2099 477 2137 qui
493 2108 549 2137 pro
564 2100 695 2129 terrena
715 2100 817 2129 haere-

121 2144 221 2174 ditate
238 2144 350 2174 doctus
366 2144 503 2182 diligere
519 2145 671 2174 trituram
682 2167 690 2182 ,
708 2146 817 2175 attrita

120 2190 225 2220 fronte
236 2190 335 2228 gemit
347 2190 462 2219 anxius
472 2190 531 2219 sub
540 2190 713 2228 gravijugo
725 2191 816 2229 legis,

120 2237 289 2274 portatque
313 2235 438 2273 pondus
453 2235 519 2265 diei
537 2236 569 2265 et
582 2237 687 2266 aestus.
704 2237 751 2273 Is,
768 2236 818 2266 in—

120 2289 236 2319 quam,
258 2281 335 2318 quia
359 2281 563 2310 intellectum
588 2289 653 2310 non
682 2282 816 2319 hahuit,

121 2325 199 2355 foris
215 2326 277 2355 stat
292 2325 390 2354 etiam
405 2333 510 2362 nunc,
526 2326 561 2354 et
583 2334 647 2354 non
668 2327 739 2355 vult
758 2335 817 2356 nec

120 2371 278 2400 invitatus
294 2378 311 2399 a
334 2371 425 2407 patre
441 2370 562 2400 intrare
587 2370 718 2400 domum
744 2380 818 2401 con-

119 2417 221 2453 vivii,
236 2416 446 2453 semetipsum
468 2415 616 2446 fraudans
637 2425 738 2454 usqne
762 2417 819 2446 ad-

121 2463 184 2492 huc
201 2462 372 2500 participio
384 2462 583 2499 symphoniae
593 2483 602 2498 ,
615 2462 648 2491 et
664 2462 772 2500 chori,
786 2465 819 2493 et

119 2507 216 2536 vituli
242 2507 392 2544 saginati.
417 2507 512 2536 Miser
538 2506 593 2544 qui
624 2507 735 2536 renuit
759 2516 819 2537 ex-

120 2553 240 2591 periri,
252 2561 348 2590 quam
364 2553 483 2581 bonum
496 2552 536 2581 sit
549 2553 580 2581 et
593 2560 688 2589 quam
702 2552 818 2589 jucun-

121 2599 196 2627 dum
221 2598 369 2627 hahitare
387 2597 503 2627 fraires
517 2598 550 2626 in
566 2605 678 2627 unum.
694 2598 732 2628 Et
747 2598 816 2629 haec

120 2645 204 2674 dicta
220 2645 282 2674 sint
297 2653 354 2683 pro
370 2644 578 2675 distinctione
595 2644 693 2683 partis
708 2645 816 2676 Eccle·
832 2674 836 2681 ,

1490 228 1548 258 595

860 274 935 313 siae,
949 275 1116 313 partisque
1132 274 1318 314 Synagogae,
1333 285 1396 315 quo
1411 280 1444 310 et
1456 281 1549 311 caeci-

859 320 906 349 tas
931 320 1027 357 hujus
1042 329 1084 350 ex
1107 320 1198 349 illius
1212 320 1382 357 prudentia
1397 326 1549 356 manifes-

859 365 920 395 tior
932 365 1003 404 fiat,
1019 366 1052 396 et
1067 365 1205 395 felicitas
1219 364 1308 393 illius
1323 374 1365 394 ex
1382 367 1476 405 hujus
1490 371 1550 400 mi-

858 411 991 441 seranda
1007 410 1154 441 fatuitate
1169 409 1390 448 praeemineat.

897 457 927 485 5.
941 456 1103 493 Nuncjam
1115 456 1297 485 scrutemur
1306 456 1404 484 verba
1417 464 1550 495 sponsae,

858 501 890 530 et
905 501 950 531 sic
966 509 1121 531 conemur
1134 501 1236 531 castos
1255 500 1439 538 exprimere
1452 503 1551 531 sancti

857 546 972 576 amoris
983 546 1136 584 affectus,
1153 546 1189 576 ut
1203 545 1250 576 nil
1266 545 1299 575 in
1314 554 1402 575 sacro
1424 546 1553 583 eloquio

857 590 982 621 ratione
1005 600 1136 630 carens,
1150 592 1198 622 nil
1219 590 1408 621 indecorum
1434 591 1553 629 impor-

858 636 1013 666 tunumve
1039 637 1200 667 resedisse
1230 637 1362 666 omnino
1388 638 1552 674 appareat.

857 682 892 711 Et
907 681 933 711 si
946 682 981 711 in
996 683 1140 712 mentem
1154 682 1284 712 venerit
1295 682 1373 712 hora
1389 682 1443 711 illa
1454 704 1464 719 ,
1479 690 1553 711 cum

857 726 1012 757 Dominus
1035 727 1129 757 Jesus
1145 726 1196 766 (is
1221 728 1309 757 enim
1325 727 1464 765 Sponsus
1479 727 1528 756 est
1543 726 1552 762 )

856 772 1006 802 transiret
1027 781 1068 801 ex
1083 772 1144 802 hoc
1159 772 1278 802 mundo
1293 771 1333 801 ad
1346 773 1492 809 Patrem,
1508 771 1553 801 si—

855 818 986 856 mulque
1008 818 1086 856 quid
1110 819 1188 848 tune
1215 817 1315 847 animi
1340 819 1469 856 gereret
1495 825 1554 847 sua

855 863 910 892 illa
936 863 1111 893 domestica
1137 864 1299 902 Ecclesia,
1329 871 1414 893 nova
1438 863 1553 901 utique

855 910 971 948 nupta,
998 918 1071 939 cum
1096 919 1130 940 se
1156 909 1263 939 deseri
1288 909 1437 939 cerneret
1460 908 1553 947 quasi

854 955 985 985 viduam
998 955 1172 998 desolatam
1185 955 1281 985 unica
1294 963 1349 993 spe
1365 963 1421 985 sua
1444 953 1454 994 (
1468 956 1552 993 Apo-

854 1002 949 1031 stolos
959 1002 1084 1039 loquor,
1093 1001 1148 1039 qui
1157 1001 1279 1031 relictis
1289 1001 1437 1031 omnibus
1447 1000 1551 1030 secuti

854 1046 982 1076 fuerant
998 1055 1090 1084 eum,
1105 1047 1201 1084 atque
1217 1055 1288 1076 cum
1310 1046 1379 1084 ipso
1399 1054 1551 1084 perman-

853 1092 962 1122 serant
987 1092 1021 1121 in
1036 1091 1273 1122 tentationibus
1288 1091 1354 1121 suis
1371 1099 1378 1120 :
1392 1089 1402 1129 )
1420 1091 1446 1121 si
1462 1090 1550 1128 haec,

852 1137 1000 1176 inquam,
1016 1137 1282 1175 cogitaverimus,
1296 1145 1361 1166 non
1385 1136 1550 1166 immerito

852 1192 959 1222 neque
992 1184 1189 1221 incongrue,
1225 1183 1303 1221 puto
1314 1205 1323 1220 ,
1362 1181 1549 1219 videbitur,

852 1230 1006 1268 quantum
1039 1229 1079 1259 de
1105 1229 1255 1258 abscessu
1279 1227 1398 1266 tristis,
1423 1227 1550 1257 tantum

852 1275 988 1305 sollicita
1013 1274 1175 1304 exstitisse
1198 1273 1237 1303 de
1261 1273 1387 1310 reditu,
1412 1279 1551 1311 praeser-

852 1321 911 1352 tim
936 1321 982 1351 sic
1009 1320 1142 1358 affecta,
1159 1320 1191 1350 et
1212 1319 1257 1349 sic
1283 1319 1410 1349 relicta.
1436 1318 1548 1356 Itaque

852 1367 1000 1405 diligenti
1016 1367 1048 1396 et
1063 1366 1221 1404 indigenti
1241 1366 1311 1396 haec
1332 1365 1401 1402 ipsa
1427 1363 1550 1401 duplex

851 1414 932 1443 ratio
957 1413 1026 1443 erat
1051 1411 1279 1442 commonendi
1301 1410 1474 1447 dilectum,
1494 1408 1549 1446 ut,

851 1458 1112 1498 quandoquidem
1128 1456 1319 1496 persuaderi
1343 1463 1408 1485 non
1423 1454 1551 1493 poterat

851 1505 931 1544 quin
946 1505 1009 1534 iret
1029 1505 1063 1534 et
1077 1502 1269 1534 ascenderet
1284 1502 1341 1531 ubi
1357 1502 1427 1531 erat
1441 1501 1549 1539 prius,

851 1551 964 1581 saltem
976 1550 1169 1589 promissum
1185 1549 1290 1578 denuo
1305 1548 1482 1578 maturaret
1496 1547 1550 1577 ad-

850 1599 996 1627 ventum.
1013 1596 1103 1633 Quod
1129 1595 1217 1624 enlm
1242 1594 1332 1632 optat
1352 1593 1385 1622 et
1408 1592 1549 1631 postulat

850 1643 990 1672 similem
1006 1642 1073 1672 fore
1099 1640 1195 1677 seris,
1213 1641 1245 1669 et
1268 1638 1426 1676 ejusmodi
1451 1637 1548 1675 feris,

851 1697 922 1725 quae
939 1694 1034 1717 cursu
1058 1687 1205 1724 agiliores
1221 1693 1289 1714 esse
1304 1684 1474 1721 videntur3
1491 1692 1549 1713 cu-

850 1733 971 1771 pientis
995 1733 1094 1762 animi
1115 1731 1271 1762 indicium
1297 1731 1362 1767 est,
1385 1729 1437 1759 cui
1462 1729 1546 1759 nihil

835 1769 927 1809 1satis
964 1779 1147 1808 festinatur.
1172 1777 1282 1806 Nonne
1315 1776 1375 1805 hoc
1400 1774 1546 1813 quotidie

850 1824 1006 1862 postulat,
1023 1832 1097 1852 cum
1123 1822 1201 1852 (licit
1225 1822 1260 1851 in
1274 1820 1437 1859 oratione,
1452 1820 1547 1852 Adve-

835 1868 837 1878 ¹
850 1872 916 1900 ⁷11*th
931 1878 1057 1908 requam
1074 1872 1158 1899 titum
1172 1867 1186 1897 ἓ

891 1915 921 1944 lt.
950 1916 1012 1953 Ego
1045 1916 1154 1944 tamen
1194 1913 1311 1952 praeter
1347 1904 1544 1950 agilitatem,

851 1961 1002 1991 existimo
1017 1969 1080 1990 non
1102 1960 1209 1989 minus
1224 1959 1387 1997 signanter
1403 1957 1544 1995 exprimi

851 2007 948 2037 etiam
974 2006 1218 2043 infirmitatem,
1234 2005 1267 2034 et
1292 2003 1423 2042 quidem
1448 2011 1546 2033 sexus

850 2052 883 2081 in
905 2060 1038 2089 caprea,
1055 2051 1157 2081 aetatis
1174 2050 1208 2079 ln
1232 2049 1379 2079 hinnulo.
1394 2049 1472 2078 Vult
1485 2048 1546 2078 ita-

849 2107 912 2136 que
940 2106 1013 2127 eum
1031 2096 1090 2136 (ut
1109 2096 1191 2125 mihi
1216 2092 1369 2134 videtur)
1387 2094 1447 2124 etsi
1471 2103 1545 2124 cum

849 2144 1009 2183 potestate
1026 2143 1158 2180 venire,
1178 2143 1365 2171 nontamen
1389 2139 1422 2169 in
1444 2139 1545 2170 forma

850 2190 910 2220 Dei
933 2189 966 2219 in
988 2189 1112 2226 judicio
1139 2196 1317 2226 apparere:
1334 2186 1390 2216 sed
1414 2195 1490 2216 sane
1511 2186 1545 2215 in

850 2243 903 2273 ea,
916 2243 980 2273 qua
995 2242 1057 2264 non
1074 2234 1167 2263 modo
1183 2235 1277 2263 natus
1287 2255 1295 2270 ,
1308 2232 1365 2262 sed
1380 2233 1412 2262 et
1426 2240 1547 2271 parvua

848 2281 898 2310 lus
912 2281 1006 2310 natus
1031 2280 1080 2309 est
1095 2279 1205 2317 nobis,
1221 2279 1319 2316 idque
1344 2278 1411 2307 solo
1436 2277 1475 2307 de
1496 2278 1545 2307 in-

849 2326 983 2355 firmiori
995 2325 1137 2354 femineo
1149 2333 1242 2355 sexu.
1255 2325 1316 2354 Cur
1330 2323 1390 2353 hoc
1401 2323 1413 2352 2
1424 2323 1544 2360 Nempe

849 2370 885 2400 ut
900 2379 943 2400 ex
958 2371 1095 2409 utroque
1111 2371 1320 2400 admoneatur
1342 2369 1467 2398 infirmo
1482 2368 1544 2397 mi-

834 2417 974 2451 ttescere
999 2417 1032 2447 in
1059 2416 1111 2446 (li'e
1138 2417 1212 2453 irae,
1234 2413 1484 2450 memineritque
1510 2412 1543 2442 in

835 2455 971 2498 ljudicio
1006 2462 1263 2492 misericordiam
1302 2457 1542 2496 superexaltare

834 2508 981 2545 judicio,
1005 2508 1130 2538 Etenim
1146 2508 1172 2537 si
1185 2505 1371 2544 iniquitates
1389 2503 1541 2531 observa-

850 2554 952 2592 verit,
969 2554 1067 2584 etiam
1090 2553 1285 2587 electorum,
1308 2548 1380 2586 quis
1403 2547 1539 2576 sustine-

850 2600 898 2630 bit
909 2599 921 2629 ἓ
932 2600 1021 2629 Astra
1035 2607 1099 2628 non
1111 2598 1184 2628 sunt
1198 2595 1313 2625 munda
1324 2594 1357 2623 in
1370 2592 1541 2629 conspectu

852 2645 937 2683 ejus,
955 2645 986 2676 et
1010 2645 1043 2675 in
1060 2643 1187 2682 Angelis
1209 2640 1271 2671 suis
1296 2636 1418 2677 reperit
1432 2637 1541 2680 pravi-
