1846 3078
497 217 541 245 IN
567 216 766 246 CANTICA
787 213 937 242 SERMO
963 215 1137 244 LXXXV.

98 273 195 305 sliam
208 271 398 311 suspiceris3
414 271 549 310 quaesita
564 280 598 302 es
608 294 616 310 ‚
630 279 672 301 ne
686 270 802 301 frustra

97 318 252 349 dilectam
295 317 510 355 conqueraris.
549 317 692 354 Utraque
735 316 802 345 tam

99 364 201 394 amica
211 363 373 400 comperta
381 362 523 392 suavitas
534 362 566 392 et
575 370 687 391 ausum
699 360 801 399 dedit,

99 409 134 439 et
156 407 388 439 verecundiam
423 407 571 445 depulit,
598 407 631 437 et
660 407 802 437 reditum

97 453 273 493 persuasit,
284 453 425 483 etmovit
436 454 599 483 affectum.
610 452 694 483 Hinc
701 453 801 490 zelus,

98 499 174 529 hinc
191 499 283 529 ardor
306 499 368 529 iste
389 499 556 537 quaerendi
578 507 676 537 quem
694 498 802 536 diligit

97 545 204 574 anima
219 545 275 575 tua
290 552 299 573 ε
316 544 392 582 quia
408 543 551 582 profecto
571 551 696 574 necnon
713 552 803 582 quae-

97 589 159 620 sita
171 597 316 628 quaerere
335 590 483 628 poteras,
504 597 565 620 nec
582 597 648 619 non
659 597 801 628 quaerere

97 635 231 673 quaesita
257 642 345 664 nunc
373 634 478 672 potes.

138 679 169 709 6.
186 679 248 710 Sed
269 680 335 709 noli
354 679 503 709 oblivisci
518 679 605 709 unde
621 679 685 708 huc
699 686 801 709 vene-

96 725 153 755 ris.
165 726 202 755 Et
216 726 252 755 ut
261 725 294 754 in
304 733 355 754 me
368 724 476 763 potius
488 724 715 762 transfigurem
730 732 801 762 quae

97 770 276 810 dicuntur(
298 771 331 801 id
353 772 442 801 enim
457 771 578 807 tutius,
594 770 604 808 )
622 771 700 798 tune
714 777 766 807 es,
783 778 801 799 o

98 817 206 847 anima
220 825 305 854 mea,
317 825 388 854 quae
400 816 514 846 relicto
528 815 598 844 viro
614 815 669 844 tuo
681 814 798 853 priore,

97 871 171 892 cum
183 871 246 900 quo
257 862 317 891 tibi
326 862 408 891 bene
418 860 522 891 fuerat
531 882 540 898 ,
554 859 692 898 primam
704 859 799 890 fidem

96 907 223 937 irritam
238 907 364 944 fecisti,
378 907 447 936 iens
458 906 530 944 post
539 906 699 936 amatores
710 905 801 936 tuos?

97 953 136 982 Et
150 961 235 982 nunc
251 952 355 990 quoad
370 952 464 982 libuit
480 951 635 981 fornicata
647 959 719 980 curn
736 950 801 981 illis

98 997 180 1028 sorte
205 1001 235 1028 et
259 998 443 1036 contempta
469 997 509 1027 ab
529 996 612 1034 illis,
628 996 727 1026 audes
741 997 802 1026 im-

98 1044 226 1082 pudens
239 1045 270 1073 et
280 1044 419 1073 frontosa
431 1043 517 1073 velle
526 1042 648 1072 reverti
657 1042 696 1072 ad
708 1043 800 1073 illum

98 1097 196 1127 quem
236 1089 374 1126 superba
414 1086 658 1125 contempsisti?
698 1088 798 1125 Quid!

98 1134 200 1172 Digna
209 1133 342 1163 latebris
353 1133 469 1171 quaeris
477 1133 597 1169 lucem,
607 1133 638 1162 et
649 1133 751 1162 curris
762 1134 802 1163 ad

98 1186 250 1216 sponsum
262 1200 271 1216 ,
281 1178 407 1216 dignior
421 1177 524 1215 plagis
534 1198 542 1214 ‚
556 1185 653 1215 quam
665 1177 801 1208 osculis?

99 1224 212 1254 Mirum
236 1224 263 1254 si
289 1232 354 1253 non
373 1232 431 1262 pro
452 1231 567 1261 sponso
587 1222 731 1258 judicem
752 1223 801 1253 of-

98 1269 222 1299 fendas.
239 1269 349 1306 Felix,
362 1269 465 1307 quiad
478 1269 545 1298 haec
555 1269 695 1298 animam
711 1277 801 1298 suam

97 1315 350 1353 respondentem
384 1315 526 1344 audierit
552 1322 560 1343 z
586 1314 653 1343 Non
682 1315 799 1353 timeo,

97 1361 174 1398 quia
190 1368 279 1397 amo3
296 1360 380 1398 quod
395 1368 459 1389 non
474 1360 579 1389 amata
591 1360 721 1389 omnino
737 1369 800 1390 non

97 1406 252 1436 facerem.
272 1406 385 1443 Itaque
411 1405 510 1435 etiam
533 1413 632 1434 amor.
650 1405 736 1434 Nihil
752 1405 801 1434 di-

98 1451 192 1481 lectae
229 1451 426 1481 timendum.
454 1451 596 1480 Paveant
630 1459 700 1488 quae
736 1459 800 1480 non

99 1496 219 1526 amant.
240 1495 360 1533 Quidni
386 1495 512 1525 assidue
534 1494 721 1524 inimicitias
747 1503 801 1525 su—

98 1540 286 1580 spicentur?
300 1541 362 1578 Ego
380 1549 456 1570 vero
481 1548 592 1569 amans
603 1561 611 1577 ,
627 1541 729 1570 amari
747 1549 800 1570 me

98 1586 248 1617 dubitare
272 1594 337 1616 non
358 1593 508 1624 possum,
540 1593 604 1615 non
628 1586 800 1623 plusquam

98 1639 219 1661 amare.
248 1631 313 1660 Nec
345 1639 475 1668 possum
514 1630 622 1659 vereri
651 1631 776 1661 vultum
790 1653 800 1669 ,

99 1676 193 1712 cujus
207 1676 293 1706 sensi
307 1674 605 1713 affectum.1nquo?
618 1676 653 1705 In
669 1684 706 1705 eo
716 1677 797 1714 quod

97 1721 198 1751 talem
209 1729 274 1751 non
286 1721 382 1750 modo
395 1721 562 1759 quaesivit,
573 1721 629 1751 sed
641 1721 673 1751 et
682 1722 800 1760 affecit,

97 1767 240 1805 fecitque
269 1767 389 1796 certam
415 1766 552 1804 proinde
582 1766 621 1795 de
648 1767 798 1804 quaesitu.

96 1813 218 1850 Quidni
238 1812 452 1850 respondeam
478 1811 512 1840 in
528 1812 682 1850 quaesitu,
699 1812 751 1842 cui
766 1813 800 1842 in

97 1858 215 1887 affectu
239 1856 440 1895 respondeo?
465 1857 627 1894 Numquid
643 1857 800 1887 irascetur

96 1903 270 1942 quaesitus,
282 1902 338 1941 qui
354 1902 453 1932 etiam
479 1903 683 1941 contemptus
704 1903 800 1932 dissi-

97 1948 253 1979 mulavit?
274 1948 358 1985 Quin
383 1947 482 1977 immo
508 1956 572 1977 non
593 1948 733 1986 repellet
748 1957 801 1978 re-

97 1995 300 2033 quirentem,
331 1993 387 2032 qui
413 1994 446 2023 et
460 1995 723 2024 contemnentem
747 2003 801 2025 re-

95 2040 207 2079 quirit.
232 2040 393 2077 Benignus
419 2040 467 2069 est
489 2039 622 2077 spiritus
634 2039 750 2078 Verbi,
768 2040 800 2070 et

96 2085 236 2124 benigna
250 2085 378 2115 nuntiat
392 2084 491 2122 mihi,
507 2085 663 2114 intimans
679 2086 711 2114 et
726 2093 801 2114 sua-

100 2131 182 2161 dens
198 2131 238 2161 de
254 2131 354 2160 Verbi
370 2131 438 2160 zelo
454 2130 697 2168 desiderioque,
714 2130 800 2168 quod

94 2176 209 2215 utique
220 2176 281 2206 sibi
290 2184 354 2205 non
363 2176 469 2214 potest
479 2184 547 2205 esse
560 2175 797 2205 absconditum.

95 2222 264 2253 Scrutatur
298 2222 362 2251 alta
387 2221 466 2259 Dei,
494 2221 640 2251 conscius
666 2229 777 2250 earum
788 2243 798 2259 ,

94 2276 174 2305 quas
188 2267 306 2304 cogitat
334 2266 544 2304 cogitationes
559 2266 648 2304 pacis
658 2287 667 2303 ,
688 2267 720 2295 et
735 2274 799 2296 non

95 2312 293 2342 afflictionis,
309 2311 429 2348 Quidni
455 2312 582 2340 animer
596 2312 636 2341 ad
651 2320 800 2349 quaeren-

94 2358 172 2388 dum
194 2357 330 2395 experta
345 2356 575 2394 clementiam,
598 2356 632 2386 et
645 2364 799 2394 persuasa

95 2403 136 2434 de
158 2402 258 2442 pace?

135 2449 166 2479 7.
177 2449 302 2478 Fratres
312 2470 320 2486 ,
328 2448 389 2477 hoc
401 2447 548 2484 suaderi,
557 2454 575 2476 a
583 2446 690 2477 Verbo
698 2447 798 2485 quaeri

96 2496 162 2532 θεῖς
187 2493 395 2532 persuaderi,
412 2493 552 2523 inveniri
581 2493 640 2522 est.
657 2492 721 2522 Sed
736 2501 798 2522 non

95 2548 206 2570 omnes
234 2539 366 2577 capiunt
393 2538 453 2568 hoc
479 2537 631 2568 verbum.
653 2538 736 2574 Quid
752 2538 800 2566 sa-

95 2586 218 2615 ciemus
239 2584 384 2623 parvulis
404 2583 521 2613 nostris
536 2605 544 2620 ,
571 2583 643 2612 iilos
668 2583 798 2621 loquor,

96 2631 156 2669 qui
181 2631 285 2660 adhuc
311 2630 397 2661 inter
416 2637 474 2660 nos
489 2628 688 2667 incipientes
703 2629 798 2666 sunt,

1470 225 1530 254 429

834 277 898 298 non
926 269 1035 300 tamen
1064 269 1272 308 insipientes,
1302 281 1374 305 cum
1396 276 1529 308 teneant

834 314 965 344 initium
985 314 1172 352 sapientiae,
1189 315 1326 351 subjecti
1342 319 1479 351 invicem
1497 324 1530 352 in

833 360 949 390 timore
965 359 1102 390 Christi?
1117 359 1207 389 Unde
1223 360 1304 398 illis,
1320 361 1448 401 inquam
1459 389 1468 404 ,
1484 368 1533 397 fa.-

833 406 937 435 cimus
948 405 1063 444 fidem,
1089 405 1175 444 quod
1191 405 1259 436 haec
1284 406 1329 435 ita
1345 416 1377 436 se
1393 409 1534 442 habeant

832 459 935 489 penes
959 459 1128 490 sponsam,
1145 459 1219 480 cum
1242 450 1303 489 ipsi
1325 451 1402 481 talia
1417 455 1465 490 agi
1480 464 1531 485 se-

833 505 907 527 cum
927 497 1066 527 necdum
1091 495 1334 535 persenserint?
1359 496 1422 526 Sed
1445 499 1538 530 mitto

833 551 886 572 eos
902 551 960 581 ego
990 543 1031 572 ad
1055 543 1153 572 talem
1163 564 1172 580 ,
1201 542 1254 572 cui
1278 542 1453 572 decredere
1468 552 1532 573 non

832 588 984 618 debeant.
998 589 1119 627 Legant
1136 589 1170 617 in
1183 588 1278 626 libro,
1291 587 1377 626 quod
1392 587 1426 617 in
1440 588 1537 618 corde

832 634 933 664 altero
949 634 1025 672 quia
1041 642 1106 664 non
1126 635 1283 671 cernunt,
1305 641 1369 664 non
1385 633 1534 664 credunt.

831 679 885 709 Est
899 680 1056 718 scriptum
1075 679 1110 709 in
1133 679 1304 717 Prophetis
1320 687 1329 708 ε
1343 680 1378 709 Si
1389 680 1539 710 dimiserit

830 725 880 754 vir
891 734 1022 755 uxorem
1033 734 1122 755 suam
1130 746 1140 761 ‚
1157 727 1185 755 et
1196 726 1249 755 illa
1262 727 1403 755 recedens
1413 725 1539 754 duxerit

830 771 933 799 virum
949 771 1060 806 alium,
1077 771 1227 808 numquid
1238 772 1405 800 revertetur
1418 771 1456 799 ad
1470 779 1539 799 eam

832 814 935 845 ultra?
949 817 1098 854 ‘numquid
1124 824 1187 845 non
1198 816 1317 854 polluta
1342 817 1371 845 et
1386 816 1539 845 contami-

830 861 908 890 nata
922 862 979 890 erit
994 862 1103 891 mulier
1116 860 1190 891 illa?
1204 862 1249 890 Τιι
1265 862 1369 890 autem
1383 861 1539 899 fornicata

831 915 861 936 es
872 915 941 936 cum
954 907 1146 937 amatoribus
1156 907 1258 937 multis
1267 916 1276 936 :
1286 908 1315 936 et
1327 908 1429 936 tamen
1437 915 1538 937 rever-

832 951 892 980 tere
907 952 946 981 acl
964 960 1011 981 mc
1019 972 1029 988 ‚
1051 952 1122 981 <licit
1137 952 1307 988 Dominus,
1329 953 1357 981 et
1372 960 1425 990 eqo
1441 952 1539 981 susci-

831 997 914 1033 piam
940 998 978 1026 te.
995 997 1100 1026 Verba
1125 996 1254 1026 Domini
1274 996 1350 1026 sunt
1372 1004 1463 1026 :non
1489 997 1539 1026 est

832 1041 878 1071 fas
893 1042 1090 1080 suspendere
1103 1042 1212 1072 fidem.
1228 1042 1365 1072 Credant
1377 1042 1461 1080 quod
1472 1050 1538 1071 non

833 1087 1064 1125 experiuntur,
1093 1087 1130 1117 ut
1166 1087 1306 1116 fructum
1342 1086 1535 1125 quandoque

833 1132 1044 1172 experientiae
1058 1132 1132 1162 fidei
1156 1132 1273 1162 merito
1285 1132 1537 1170 consequantur.

832 1178 915 1207 Satis
924 1178 1060 1208 arbitror
1069 1178 1266 1208 declaratum
1277 1200 1285 1216 ,
1295 1178 1374 1216 quid
1382 1178 1424 1207 sit
1435 1177 1537 1216 quaeri

833 1231 851 1252 a
864 1224 987 1262 Verbo,
1004 1225 1036 1254 et
1048 1233 1117 1262 quae
1134 1224 1202 1253 haec
1218 1224 1260 1253 sit
1278 1224 1455 1254 necessitas
1470 1231 1536 1252 non

833 1270 938 1299 Verbo
949 1292 958 1308 ,
973 1270 1030 1300 sed
1049 1270 1166 1300 animae
1181 1278 1189 1299 ε
1206 1270 1269 1299 nisi
1289 1269 1375 1308 quod
1390 1278 1462 1308 quae
1478 1277 1538 1299 ex-

832 1317 925 1353 perta
942 1316 1006 1353 est,
1023 1316 1056 1346 et
1070 1315 1200 1354 plenius
1224 1315 1284 1345 ista
1300 1314 1412 1352 novit,
1437 1315 1471 1344 et
1490 1314 1537 1344 fe-

834 1361 938 1391 licius.
956 1361 1085 1398 Restat,
1102 1361 1138 1390 ut
1154 1361 1304 1398 sequenti
1319 1361 1459 1390 tractatu
1476 1359 1534 1389 do-

833 1415 961 1436 ceamus
975 1407 1125 1436 sitientes
1140 1406 1264 1435 animas
1279 1414 1425 1443 quaerere
1442 1414 1460 1434 a
1472 1413 1536 1443 quo

833 1451 975 1488 quaesitae
1003 1451 1095 1488 sunt,
1119 1451 1172 1480 vel
1199 1451 1307 1488 potius
1327 1449 1360 1479 id
1375 1449 1538 1479 discamus

833 1496 872 1524 ab
882 1496 936 1525 illa
945 1517 956 1534 ,
967 1504 1038 1533 quae
1054 1495 1197 1524 hocloco
1210 1495 1377 1524 inducitur
1387 1503 1538 1533 quaerens

833 1540 957 1579 ipsum,
973 1549 1070 1578 quem
1085 1540 1192 1578 diligit
1207 1541 1316 1570 anima
1339 1548 1395 1570 sua
1408 1561 1418 1578 ,
1434 1540 1536 1577 Spon-

833 1595 902 1616 sum
918 1586 1033 1616 animae
1047 1587 1158 1616 Jesum
1178 1585 1340 1615 Christum
1364 1586 1536 1615 Dominum

834 1633 979 1663 nostrum
989 1653 998 1670 ,
1014 1633 1070 1670 qui
1087 1633 1136 1662 est
1151 1641 1247 1670 super
1262 1632 1371 1662 omnia
1383 1632 1470 1662 Deus
1480 1632 1538 1662 be·

835 1678 983 1709 nedictus
1002 1677 1039 1707 in
1054 1678 1170 1708 saecula
1181 1700 1190 1716 ,
1207 1685 1314 1707 amen.

981 1800 1151 1833 SERMO
1184 1799 1375 1833 LXXXV.

834 1874 874 1899 De
885 1876 986 1905 sepiem
1001 1874 1220 1903 necessitatibus,
1232 1876 1347 1905 propter
1359 1878 1427 1904 quas
1443 1872 1535 1896 anima

863 1911 968 1941 quaerit
989 1909 1139 1933 Verbum:
1161 1916 1227 1940 quae
1248 1910 1361 1932 tandem
1384 1909 1536 1931 reformata

863 1946 967 1969 accedit
978 1945 1011 1968 ad
1027 1945 1086 1974 ejus
1098 1945 1278 1968 dulcedinem
1289 1943 1534 1974 contemplandam

863 1984 947 2011 alque
958 1980 1174 2011 perfruendam.

874 2037 903 2066 1.
926 2039 964 2067 In
986 2037 1091 2067 lectulo
1107 2045 1174 2066 meo
1196 2036 1321 2074 quaesz'vz'
1334 2044 1424 2074 quem
1441 2035 1536 2073 diliqit

834 2084 940 2113 [im'ma
964 2091 1045 2112 mea.
1061 2082 1107 2111 Ad
1134 2080 1232 2120 quid?
1257 2081 1387 2111 Dictum
1413 2081 1479 2118 est,
1502 2082 1536 2110 et

835 2128 953 2157 iterare
975 2126 1176 2164 superfluum
1198 2134 1205 2154 ε
1228 2126 1361 2164 propter
1381 2125 1534 2163 quosdam

835 2174 940 2202 tamen
951 2194 960 2210 ,
976 2172 1032 2210 qui
1047 2179 1110 2201 non
1126 2171 1350 2201 interfuerunt
1365 2178 1439 2199 cum
1455 2171 1536 2200 trac-

834 2219 968 2256 taretur,
981 2218 1053 2248 dico
1073 2217 1197 2255 aliquid
1220 2217 1378 2254 breviter,
1394 2215 1429 2246 et
1449 2217 1536 2254 quod

835 2263 965 2294 sortasse
992 2271 1033 2292 ne
1059 2263 1117 2292 hos
1138 2262 1271 2300 quidem
1295 2261 1352 2300 qui
1377 2262 1536 2291 interfue-

834 2308 925 2346 runt,
947 2308 1059 2338 audire
1081 2307 1217 2346 pigebit.
1233 2308 1297 2336 Nec
1320 2307 1406 2336 enim
1433 2307 1534 2336 totum

833 2354 896 2383 dici
907 2356 985 2384 tunc
999 2354 1118 2392 potuit.
1127 2354 1250 2390 Quaerit
1261 2353 1369 2382 anima
1381 2352 1534 2388 Verbum,

833 2399 883 2430 cui
910 2399 1092 2429 consentiat
1117 2399 1157 2428 ad
1186 2398 1444 2436 correptionem,
1470 2403 1533 2432 qno

833 2445 1036 2475 illuminetur
1052 2445 1091 2474 ad
1114 2444 1350 2482 cognitionem,
1377 2441 1429 2470 cui
1447 2440 1534 2469 inni-

834 2493 919 2521 tatur
943 2491 983 2520 ad
998 2491 1171 2526 virtutem,
1195 2497 1256 2527 quo
1285 2486 1478 2517 reformetur
1493 2486 1531 2514 ad

831 2535 1042 2575 sapientiam,
1068 2536 1120 2565 cui
1137 2533 1352 2564 conformetur
1376 2531 1416 2560 ad
1437 2531 1531 2560 deco-

831 2591 918 2621 rem,
934 2582 986 2612 cui
1010 2581 1181 2611 maritetur
1207 2579 1245 2608 ad
1268 2575 1530 2613 foecunditatem,

832 2637 895 2666 quo
924 2627 1050 2658 fruatur
1067 2626 1107 2656 ad
1130 2623 1378 2662 jucunditatem.
1399 2621 1534 2660 Propter
