1830 3073
235 215 274 245 230

703 215 733 242 S.
754 212 989 242 BERNARDI
1008 212 1208 241 ABBATls

234 271 287 308 lis,
301 270 377 310 quia
388 270 531 310 quotquot
544 270 718 308 receperunt
742 277 823 304 eum,
852 268 930 296 <zetlic
965 266 1027 296 Sed
1054 274 1215 305 vacuum,
1240 268 1366 307 sibique
1390 266 1583 306 insipienter
1603 275 1665 296 ex-

233 319 276 347 eis
289 319 466 356 potestatem
482 316 560 353 filios
583 316 642 346 Dei
661 315 738 351 fieri.
766 314 830 343 Nec
854 320 931 342 vero
964 311 1105 348 positum
1132 311 1334 343 domicilium
1362 313 1507 352 reperit,
1531 311 1564 341 et
1589 318 1662 343 cum

234 362 340 393 inanis
355 362 422 399 est,
444 361 500 391 aut
521 361 650 390 infirma
673 359 815 397 potestas
831 367 838 387 :
855 357 932 395 quia

234 407 388 438 nimirum
403 407 485 437 certi
504 414 613 437 sumus
636 404 790 434 continuo
806 404 840 433 et
855 411 931 440 nos,

965 356 1037 386 aliis
1051 356 1178 394 septem
1197 358 1427 396 nequioribus,
1443 366 1507 387 non
1523 354 1665 386 fortiori—

966 402 1040 440 bus,
1069 401 1256 438 ingrediens
1268 425 1277 440 ‚
1304 412 1370 433 non
1398 404 1544 439 irruens,
1560 401 1663 430 libere

225 453 386 490 ‘quoniam
401 461 508 491 neque
529 459 613 481 mors
626 471 635 487 ,
650 457 758 487 neque
772 448 839 478 vita
850 469 859 485 ,
874 455 934 477 ne-
965 447 1136 477 habitavit.
1151 447 1230 483 Quis
1243 456 1324 477 vero
1335 449 1430 479 illum
1441 447 1588 484 admisit,
1600 445 1663 475 nisi

225 506 297 534 que
312 498 456 528 Virtutes
468 519 478 535 ‚
494 504 600 534 neque
613 495 725 533 Angeli
737 516 746 532 ,
763 501 870 531 neque
886 493 933 522 al-

232 542 357 580 titudo,
384 551 492 581 neque
515 540 712 580 profundum
732 539 855 577 poterit
875 546 933 568 nos

232 595 383 626 separare
411 596 429 617 a
457 587 590 617 caritate
619 584 698 621 Dei,
725 591 797 622 quae
824 585 873 613 est
897 584 932 613 in

232 633 358 662 Christo
369 634 456 662 Jesu.
480 632 543 661 Sed
564 629 698 660 attende
719 629 838 666 quanta
854 637 934 658 enu-

232 678 373 707 meravit
401 677 568 715 Apostolus
592 673 604 713 (
625 674 696 711 ejus
718 674 807 703 001111
834 674 933 704 verba

233 724 308 752 suut
323 722 333 761 )
349 723 483 751 minime
499 722 610 750 tamen
624 718 794 756 adjiciens,
808 727 863 748 nec
878 728 933 749 nos

231 769 300 805 ipsi.
326 767 483 797 Nimirum
511 766 580 794 haec
610 765 659 794 est
684 764 842 800 libertas,
870 773 933 802 qua

232 813 376 842 Christus
390 819 446 840 nos
462 809 635 847 liberavit,
647 809 684 839 ut
699 809 788 838 nulla
803 809 934 846 penitus

233 859 380 887 creatura
404 856 547 885 avellere
569 863 648 893 nos,
671 856 726 884 aut
740 854 806 884 vim
826 854 932 885 facere

233 903 345 940 possit.
362 902 427 930 Soli
448 901 481 930 id
495 901 645 931 deserere
657 908 843 939 possumus,
859 909 934 938 pro-

232 948 303 986 pria
332 948 498 977 voluntate
527 946 703 983 abstracti,
730 946 764 975 et
788 945 890 976 illecti
916 954 933 975 a

233 993 361 1030 propria
395 992 670 1030 concupiscentia.
701 992 818 1021 Praeter
851 991 932 1021 hanc

233 1038 322 1066 «mm
342 1037 427 1067 nihil
449 1038 498 1067 est
522 1037 608 1076 quod
623 1037 807 1067 timeamus.
833 1037 933 1066 Deni-

232 1091 295 1120 que
305 1083 406 1113 donec
420 1084 597 1113 voluntatis
604 1091 698 1113 usum
707 1083 739 1112 et
748 1082 932 1112 facultatem

232 1129 438 1159 deliberandi
458 1130 591 1159 renatus
618 1128 755 1166 quisque
776 1127 932 1166 recipiat,

232 1184 249 1201 a
266 1174 399 1204 caritate
412 1173 472 1204 Dei
487 1175 631 1212 separari
646 1173 782 1204 omnino
795 1181 860 1202 non
877 1181 935 1211 po-

234 1220 307 1248 test.
323 1220 463 1250 Securus
480 1220 613 1249 interim
628 1219 718 1256 degit
731 1219 790 1248 sub
808 1220 935 1256 protec-

232 1264 320 1294 tione
337 1266 371 1295 et
395 1265 608 1295 advocatione
623 1264 755 1294 Domini
775 1264 836 1293 Dei
858 1263 908 1293 sui
925 1272 933 1292 ε

234 1320 299 1341 non
317 1311 366 1341 est
386 1310 473 1348 quod
493 1311 647 1340 vereatur
662 1318 704 1340 ex
718 1310 880 1339 omnibus.
897 1310 936 1339 At

234 1357 290 1385 ubi
307 1364 381 1386 sane
398 1356 602 1386 discretionis
624 1364 723 1385 annos
747 1354 934 1393 ingrediens

234 1402 378 1431 100111101-
392 1401 467 1439 sibi,
481 1404 671 1431 caeterorum
682 1401 795 1438 utique
810 1399 937 1430 violen—

234 1449 313 1476 tiam
338 1456 398 1476 1100
421 1447 507 1476 110110
522 1447 655 1485 quidem
681 1446 855 1476 formidare
880 1453 937 1475 ne-

235 1501 323 1521 10550
340 1494 386 1521 est
403 1501 410 1520 ι
428 1492 484 1522 sed
496 1493 537 1521 ab
553 1500 589 1521 ea
601 1500 673 1530 quae
686 1490 805 1521 dormit
818 1491 852 1520 in
864 1490 937 1520 sinu

235 1583 401 1612 iti-it·f0rte
418 1585 588 1621 peccatum
601 1583 635 1612 111
656 1582 796 1618 foribus,
812 1582 868 1612 sed
883 1590 937 1620 ap-

234 1629 358 1665 petitus
382 1629 453 1666 ejus
477 1629 537 1659 sub
566 1636 603 1658 eo
629 1629 844 1658 est:tantum
869 1628 936 1666 ipse

234 1674 361 1711 aperire
377 1675 504 1711 renuat,
518 1674 700 1703 consentire
716 1674 855 1703 recuset.

275 1718 306 1747 2.
323 1720 470 1756 Denique
495 1719 616 1757 primos
630 1719 781 1756 parentes
803 1726 868 1748 non
883 1727 938 1747 ur-

235 1772 305 1801 505,
323 1766 378 1793 aut
392 1764 463 1801 leo,
481 1764 537 1793 sed
552 1764 660 1801 potius
675 1771 809 1800 serpens
821 1785 829 1800 ,
846 1764 938 1792 calli-

235 1809 305 1838 dior
333 1809 465 1846 utique,
492 1817 557 1838 non
588 1808 700 1837 fortior
720 1809 844 1838 caeteris
868 1810 938 1838 ani—

235 1854 412 1892 mantibus,
428 1853 669 1891 supplantavit3
686 1861 748 1883 nec
764 1853 938 1883 mulierem

235 1900 297 1936 111,
315 1899 370 1929 sed
386 1899 505 1928 mulier
520 1899 639 1928 virum.
660 1899 817 1936 Serpens,
829 1906 847 1928 0
862 1900 937 1936 Eva,

235 1944 366 1983 decepit
379 1946 410 1974 te
427 1953 435 1973 t
452 1944 582 1982 decepit
607 1944 752 1981 profecto
763 1965 771 1981 ,
787 1952 851 1973 non
879 1944 939 1973 im-

237 1991 340 2027 pulit,
356 1991 410 2019 aut
426 1990 542 2027 coegit.
558 1989 674 2018 Mulier
693 1989 767 2025 tibi,
785 1997 802 2018 o
819 1989 916 2018 Adam
930 2010 938 2026 ,

237 2035 278 2063 de
300 2036 387 2073 liguo
413 2035 504 2064 dedit
519 2043 527 2063 :
544 2034 601 2064 sed
616 2033 783 2063 offerendo
804 2034 918 2072 utique
930 2056 938 2071 ,

235 2087 302 2109 non
315 2080 505 2110 violentiam
526 2080 708 2110 inferendo.
726 2080 835 2117 Neque
852 2080 939 2108 enim

237 2126 398 2162 potestate
423 2126 529 2163 illius,
545 2125 602 2155 sed
617 2125 672 2154 tua
688 2124 807 2154 factum
824 2126 872 2154 est
888 2134 941 2155 vo-

239 2170 376 2207 luntate,
406 2170 443 2200 ut
467 2171 537 2207 ejus
561 2170 633 2200 voci
659 2170 733 2208 plus
758 2170 939 2207 obedieris,

239 2223 337 2253 quam
353 2216 484 2245 divinae.
500 2217 656 2246 Caeterum
672 2215 698 2245 si
714 2215 770 2245 ille
793 2215 855 2245 sibi
878 2223 941 2245 non

238 2260 395 2298 praecavit
417 2261 563 2298 ignarus,
580 2269 638 2291 nos
652 2261 767 2290 saltem
787 2261 880 2290 nobis
895 2262 939 2290 tot

239 2306 401 2343 exemplis
422 2306 604 2343 praemoniti
635 2314 817 2336 caveamus.
841 2306 940 2335 Immo

240 2358 320 2380 vero
344 2350 497 2387 quoniam
510 2351 687 2389 periclitati
712 2359 822 2380 sumus
838 2352 870 2380 et
885 2359 942 2380 nos

240 2395 474 2425 miserabiliter
489 2396 522 2424 111
545 2396 604 2425 hac
628 2397 741 2434 parte,
768 2396 808 2426 de
825 2397 942 2426 caetero

239 2440 306 2478 jam
318 2440 497 2470 remedium
512 2441 642 2478 aliquod
663 2442 760 2471 tantis
772 2442 942 2479 providere

242 2486 337 2517 malis
350 2486 486 2516 sollicite
499 2486 694 2515 studeamus.
708 2487 840 2523 Quando
855 2487 941 2516 enim

244 2531 336 2560 fortis
351 2531 406 2560 ille
424 2532 576 2567 armatus,
598 2539 694 2568 quem
709 2531 819 2560 fortior
831 2540 944 2569 super-

245 2576 380 2606 veniens
407 2576 572 2613 alligavit,
601 2575 721 2604 atrium
754 2575 838 2604 illud
866 2576 944 2604 olim

248 2631 339 2656 suum
351 2621 456 2653 valuit
477 2621 631 2653 violentia
657 2620 762 2658 aliqua
779 2619 944 2650 obtinere?

964 494 1093 532 propria
1109 493 1277 525 voluntas?
1292 494 1364 531 Ipsa
1387 494 1436 523 est
1459 501 1530 531 quae
1552 493 1586 521 in
1609 499 1665 529 po-

965 539 1113 570 testatem
1125 540 1332 570 tenebrarum
1349 538 1455 568 denuo
1468 537 1578 574 rediit,
1592 543 1665 574 quae

965 592 1021 614 nos
1053 585 1173 615 iterum
1198 583 1346 614 subdidit
1373 583 1487 612 mortis
1512 580 1662 619 imperio.

1004 631 1035 660 5.
1064 631 1166 668 Veni,
1182 630 1321 660 Domine
1346 629 1444 666 Jesu,
1464 627 1542 658 veni
1565 626 1664 656 etiam

964 684 1051 706 nunc
1064 677 1138 707 Jesu
1159 677 1244 706 bone
1258 697 1267 713 ,
1286 675 1370 712 ejice
1388 674 1509 703 iterum
1523 672 1666 707 fortiter,

965 729 1061 758 quem
1077 730 1134 752 1105
1151 720 1344 759 insipienter
1358 719 1557 750 admisimusr
1576 717 1666 745 Tunc

966 766 1054 796 enim
1070 775 1148 797 vere
1163 766 1261 796 liberi
1273 766 1395 795 erimus
1410 765 1510 794 etiam
1524 770 1623 799 nunc,
1639 760 1666 791 si

966 819 1023 841 nos
1034 811 1238 842 liberaveris.
1259 811 1391 840 Irritum
1412 810 1548 839 fecimus
1563 807 1667 837 foedus

964 857 1125 894 primum:
1142 856 1203 887 tibi
1218 855 1440 894 peccavimus,
1453 854 1605 891 Domine,
1616 860 1667 882 sa-

966 903 1049 932 tanae
1062 903 1095 932 et
1112 902 1263 940 operibus
1279 901 1349 938 ejus
1366 900 1546 938 obligantes
1561 898 1667 928 denuo

965 948 1179 986 nosmetipsos
1192 970 1200 985 ,
1225 947 1300 985 jugo
1316 945 1496 984 iniquitatis
1520 944 1602 974 colla
1616 944 1668 973 ul—

965 994 1079 1023 tronea
1113 992 1364 1030 submittentes,
1394 992 1428 1021 et
1454 989 1668 1026 subjicientes

965 1047 1023 1068 nos
1049 1038 1177 1068 miserae
1198 1038 1364 1068 servituti:
1393 1038 1524 1074 Itaque,
1540 1035 1669 1064 Fratres

966 1083 1051 1122 mei,
1067 1083 1262 1121 rebaptizari
1284 1091 1343 1112 nos
1365 1081 1538 1117 convenit;
1554 1087 1669 1110 secun-

967 1129 1044 1159 dum
1057 1129 1160 1159 foedus
1179 1129 1262 1158 iuirc
1279 1135 1411 1158 necesse
1433 1127 1482 1156 est
1498 1135 1506 1155 :
1522 1134 1605 1165 opus
1621 1128 1669 1157 est

966 1173 1164 1211 professione
1188 1173 1350 1209 secunda3
1367 1180 1427 1202 nec
1450 1173 1518 1209 jam
1548 1172 1670 1202 sufficit

967 1222 1200 1252 abrenuntiare
1210 1221 1338 1251 diabolo
1354 1221 1387 1250 et
1403 1219 1558 1257 operibus
1574 1220 1666 1256 ejus:

967 1267 1086 1297 mundo
1106 1272 1229 1306 pariter
1249 1265 1542 1296 abrenuntiandum
1556 1265 1623 1302 est,
1636 1266 1670 1294 et

968 1312 1105 1350 propriae
1130 1311 1301 1341 voluntati.
1329 1310 1386 1340 llle
1412 1310 1500 1339 enim
1525 1310 1668 1348 seduxit,

968 1358 1025 1387 illa
1050 1357 1197 1387 traduxit
1222 1365 1291 1386 nos,
1320 1356 1357 1385 111
1385 1356 1485 1393 priori
1513 1356 1669 1385 nimirum

968 1403 1180 1441 baptismate,
1208 1402 1336 1440 quando
1349 1401 1433 1430 nihil
1455 1401 1549 1430 nobis
1564 1401 1670 1431 adhuc

967 1450 1117 1479 voluntas
1152 1448 1260 1478 nostra
1291 1447 1465 1483 nocuerat,
1494 1447 1572 1476 satis
1606 1446 1670 1476 fuit

951 1519 953 1532 2
968 1495 1198 1525 abrenuntiare
1227 1494 1356 1523 diabolo
1367 1516 1375 1531 ,
1405 1493 1496 1529 cujus
1522 1492 1669 1530 profecto

236 1549 241 1565 :
255 1546 293 1565 :10
309 1539 421 1567 caveat
432 1560 441 1575 ,
457 1538 588 1576 propria
611 1537 736 1567 scilicet
753 1537 935 1566 voluntate.
951 1536 953 1557 Ὗ

969 1541 1093 1571 invidIa
1121 1541 1290 1578 peccatum
1314 1539 1438 1578 pariter
1458 1538 1493 1568 et
1512 1546 1598 1567 mors
1612 1546 1672 1576 per

967 1598 1068 1619 unum
1095 1589 1302 1627 ingrediens,
1329 1588 1362 1617 in
1386 1595 1497 1617 omnes
1521 1586 1671 1616 homines

968 1634 1188 1673 pertransivit.
1204 1634 1362 1663 Caeterum
1378 1632 1546 1670 postquam
1558 1631 1671 1661 mundi

970 1680 1111 1710 fallentis
1120 1679 1290 1708 illecebras
1299 1701 1307 1713 ,
1317 1680 1349 1707 et
1360 1678 1588 1707 infidelitatem
1599 1685 1672 1714 pro-

970 1724 1049 1762 priae
1077 1723 1253 1753 voluntatis
1279 1721 1451 1752 manifeste
1480 1729 1590 1751 sumus
1615 1729 1673 1750 ex-

971 1769 1053 1806 perti
1066 1778 1074 1807 ς
1092 1769 1131 1798 de
1142 1770 1258 1798 caetero
1271 1768 1338 1804 jam
1352 1768 1383 1796 in
1397 1766 1541 1796 secundo
1556 1764 1612 1801 (ut
1627 1766 1672 1795 ita

971 1814 1134 1852 dixerim)
1167 1813 1388 1844 conversionis
1409 1814 1526 1841 nostrae
1551 1811 1674 1848 baptis-

972 1863 1057 1892 mate
1085 1862 1200 1891 merito
1222 1868 1371 1898 prorsus,
1398 1860 1431 1888 ct
1452 1865 1516 1888 non
1539 1857 1579 1886 ad
1593 1857 1674 1886 insi-

971 1908 1127 1945 pientiam
1143 1906 1238 1935 nobis
1251 1926 1260 1942 ,
1276 1912 1340 1933 non
1356 1903 1512 1933 resarcire
1526 1902 1673 1932 tantum-

971 1952 1063 1981 modo
1076 1951 1178 1981 foedus
1187 1951 1340 1988 primum,
1349 1949 1405 1979 sed
1415 1949 1512 1978 etiam
1522 1948 1673 1977 roborare

970 1997 1123 2033 solliciti,
1140 1995 1219 2034 ipsis
1242 2002 1370 2033 quoque
1397 1993 1570 2023 affectibus
1588 1992 1675 2030 pari-

971 2044 1021 2073 ter
1038 2042 1314 2071 abrenuntiamus.
1325 2039 1674 2077 Studeamusproinde,

973 2086 1194 2123 dilectissimi,
1217 2084 1442 2114 immaculatos
1465 2091 1523 2113 nos
1548 2083 1588 2111 ab
1613 2082 1675 2112 hoc

973 2132 1090 2162 saeculo
1132 2129 1314 2166 custodire,
1344 2128 1484 2157 scientes
1519 2127 1674 2165 quoniam

973 2177 1086 2215 religio
1114 2176 1235 2206 munda
1263 2176 1296 2204 et
1326 2172 1534 2203 immaculata
1568 2180 1675 2202 coram

974 2224 1040 2252 Deo
1067 2223 1136 2252 haec
1153 2222 1213 2251 est.
1235 2220 1414 2249 Caveamus
1440 2220 1550 2248 autem
1567 2225 1584 2247 a
1598 2225 1675 2255 1110-

976 2268 1044 2305 pria
1058 2267 1225 2297 voluntate
1235 2287 1244 2302 ,
1257 2267 1425 2302 tamquam
1442 2271 1460 2293 a
1471 2264 1587 2301 vipera
1600 2271 1677 2301 pes-

975 2313 1055 2342 sima
1078 2313 1110 2341 et
1135 2310 1332 2348 nequissima
1347 2331 1355 2346 ,
1373 2310 1405 2338 et
1419 2317 1491 2346 quae
1505 2308 1571 2337 sola
1583 2307 1677 2339 dein-

975 2366 1050 2396 ceps
1066 2357 1217 2388 damnare
1232 2355 1333 2394 possit
1348 2354 1470 2384 animas
1479 2353 1613 2383 nostras.

1187 2464 1355 2498 SERMO
1383 2464 1472 2498 XII.

976 2533 1014 2556 Dc
1034 2532 1199 2562 primordiis.
1218 2531 1322 2557 mediis.
1344 2532 1367 2553 ct
1384 2529 1537 2553 vzovtssimi's.
1563 2530 1590 2550 in
1611 2525 1676 2550 illud

1012 2568 1180 2591 Ecclesiastici
1190 2585 1194 2593 .
1206 2567 1368 2591 Memorare
1378 2564 1523 2588 novissima
1536 2565 1592 2590 lua.
1601 2564 1644 2585 etc.

1020 2621 1050 2649 1.
1066 2620 1149 2657 Fm,
1166 2627 1338 2650 incinerare
1350 2617 1510 2648 novissima
1522 2617 1589 2652 tua,
1604 2615 1632 2644 ct
1645 2616 1677 2644 ist
