1830 3073
317 217 357 247 96

317 272 574 313 heatitudlnem3
590 274 689 314 Virgo
703 274 773 306 dies
783 277 916 315 propter
933 276 1018 305 inte-

317 319 444 357 gritatis
459 321 625 351 virtutem.
643 322 683 352 Et
708 331 773 351 nox
800 323 882 350 nocti
903 322 1016 350 indicat

315 365 484 396 scientiam.
511 366 648 404 Serpens
672 374 737 396 nox
765 367 896 403 propter
924 365 1018 394 mali-

316 409 396 439 tiam
412 420 420 439 :
435 411 555 441 mulier
566 419 631 441 nox
643 412 774 449 propter
789 410 1015 447 ignorantiam.

314 456 389 486 Dies
403 457 461 486 diei
473 459 589 487 eructat
603 456 741 486 verbum.
754 455 865 484 Deitas
880 454 1019 493 virgini-

316 499 395 539 tati,
411 502 451 532 de
475 502 569 532 utero
597 503 740 539 paternae
765 500 960 538 majestatis,
984 501 1018 530 in

315 547 410 578 utero
425 549 580 578 maternae
593 545 801 584 integritatis.
818 546 936 576 Aliter:
947 548 1019 578 Dies

315 593 376 622 diei
389 594 505 623 emetat
520 592 665 630 verbum,·
685 592 772 620 Deus
795 592 888 621 Pater
903 592 1018 622 animae

315 637 466 668 rationali
481 645 540 675 per
564 637 662 666 fidem
679 637 880 667 illuminatae.
898 639 940 667 Et
954 646 1019 668 nox:

314 685 397 713 nocti
418 684 531 712 indicat
556 683 730 721 setentimn5
747 683 894 712 creatura
919 683 1019 712 ratio-

315 729 397 758 nalis
408 729 522 758 animae
533 729 684 759 rationali
694 728 837 758 nondum
852 737 912 767 per
923 729 1018 758 fidem

314 774 516 804 illuminatae.
537 774 628 804 Unde
644 775 812 812 Apostolus
828 783 836 803 :
852 775 1020 805 Invisibilia

314 820 374 849 Dei
394 829 451 858 per
475 829 512 850 ea
536 829 602 859 quoe
632 821 716 858 facta
743 821 841 857 sunt,
868 821 1019 850 intellecta

315 918 373 941 nos
398 911 537 941 dicimus
565 911 706 941 verbum
732 910 1019 948 indicatum,ver-

315 956 392 986 bum
416 957 630 996 inspiratum,
660 957 799 986 verbum
821 958 1016 988 eructatum.

313 1002 458 1032 Primum
483 1003 562 1033 fecit
586 1002 824 1041 cognitionem,
841 1003 1035 1033 secundum¹

315 1049 578 1086 conversionem,
594 1049 728 1079 tertium
750 1048 1016 1078 vivificationem.

314 1093 457 1124 Primum
469 1094 590 1131 obfuit,
606 1093 785 1124 secuudum
801 1101 865 1122 non
879 1093 1018 1132 profuit,

315 1139 449 1170 tertIum
459 1140 651 1170 vivificavit.
667 1139 811 1168 Primum
819 1139 922 1169 obtuit
932 1147 939 1168 :
948 1141 1021 1178 quia

316 1194 386 1215 cum
402 1188 609 1225 cognovissent
624 1188 722 1216 Deum
732 1206 742 1222 ,
754 1194 815 1215 ‘non
830 1186 907 1215 sicut
920 1187 1020 1216 Deum

316 1231 578 1270 qlorificaverunt,
602 1234 657 1262 attt
673 1233 790 1270 qratias
808 1233 934 1270 egerunt
944 1253 954 1268 ‚
970 1233 1020 1262 secl

317 1281 507 1310 evanuerunt
526 1280 557 1307 in
573 1278 805 1317 cogitationibus
826 1278 906 1314 suis,
924 1280 953 1308 ct
968 1278 1020 1308 ob—

316 1326 476 1355 scuratum
486 1326 529 1354 est
541 1325 682 1362 insipiens
695 1333 747 1353 cor
762 1332 879 1353 eorum.
895 1322 1020 1353 Secun-

318 1369 394 1400 dum
406 1378 470 1400 non
485 1369 606 1407 profuit
621 1370 790 1407 :quianon
803 1369 874 1398 data
889 1370 938 1399 est
952 1369 1018 1407 lex,

316 1424 388 1454 quae
402 1416 509 1454 posset
522 1415 702 1445 vivificare.
718 1415 865 1444 Tertium
877 1414 1021 1445 vivifica-

315 1462 365 1492 vit
381 1470 388 1490 :
405 1461 480 1499 quia
495 1469 554 1500 per
569 1469 697 1491 crucem
712 1460 864 1490 redemit.
876 1460 1019 1491 Primum

315 1508 419 1538 totum
429 1506 567 1545 deforis;
583 1506 760 1537 secundum
776 1506 854 1537 foris
868 1508 902 1538 et
916 1508 1018 1546 intus,

315 1554 453 1585 tertium
482 1554 586 1584 totum
618 1553 717 1584 intus.
745 1553 783 1583 Et
812 1554 888 1584 nota
905 1577 914 1592 ,
944 1556 1019 1593 quia

316 1600 404 1638 quod
428 1600 612 1638 eructatur,
630 1599 669 1629 de
692 1599 899 1638 plenitudine
927 1609 1020 1630 eruc-

316 1646 417 1676 tantis
441 1654 515 1676 culn
541 1645 678 1684 quodam
704 1645 806 1684 ipsius
831 1645 1020 1677 substantiae

316 1699 430 1730 sapore
453 1691 630 1730 profertur.
646 1693 684 1721 Et
708 1691 828 1722 idcirco
855 1692 1019 1730 Sapientia

317 1737 484 1767 incarnata
501 1738 621 1767 dicitur
635 1738 758 1767 habens
774 1738 807 1766 in
831 1746 864 1767 se
890 1746 1019 1768 omnem

315 1784 556 1821 plenitudinem
569 1806 578 1822 ,
608 1784 643 1813 in
670 1783 836 1813 miraculis
864 1785 1021 1824 cognitio-

315 1837 392 1859 nem
401 1852 410 1868 ,
422 1829 456 1858 in
470 1829 615 1859 doctrina
627 1830 872 1860 conversionem
882 1853 890 1868 ,
905 1831 937 1860 in
949 1840 1019 1869 pas-

317 1874 409 1905 sione
416 1875 774 1905 viviticationein.U11‹le
783 1876 1018 1914 aitPhopheta:

320 1923 426 1953 Venite
438 1923 466 1952 et
480 1923 670 1952 revertamur
685 1923 724 1951 ad
739 1923 907 1952 Dominum
920 1933 930 1952 :
947 1925 1021 1962 quia

316 1968 378 2006 ipse
392 1969 488 2006 cepit,
505 1969 533 1997 et
556 1967 681 1998 sanabit
706 1976 782 2006 ‘2083
797 1970 967 2006 percutiet,
992 1971 1021 1999 et

317 2013 438 2043 curabit
451 2022 517 2043 nos.
531 2012 702 2050 Vivisicabit
715 2021 770 2044 nos
779 2015 847 2052 post
861 2015 935 2045 duos
946 2015 1018 2052 (lies,

318 2058 445 2089 scilicet
466 2058 660 2097 cognitionis
681 2059 714 2088 et
729 2059 969 2089 conversionis:
988 2061 1017 2090 in

318 2105 364 2134 dte
381 2106 470 2135 tertia
483 2104 640 2136 suscitabit
654 2113 727 2141 nos,
747 2113 827 2134 voce
849 2105 948 2135 Verbi
970 2106 1021 2135 in-

319 2151 442 2180 carnati
457 2159 515 2189 per
535 2150 672 2189 primam
694 2159 785 2181 suam
808 2152 1022 2182 resurrectio-

318 2204 393 2226 nem
406 2205 414 2225 :
430 2199 458 2227 et
471 2198 604 2227 vivemus
618 2198 647 2226 in
664 2199 821 2236 conspectu
836 2197 918 2236 ejus,
933 2198 1021 2227 vivi·-

320 2242 407 2272 ficati
429 2251 489 2280 per
512 2243 716 2281 passionem,
732 2243 880 2274 serenius
900 2243 1021 2274 illumi-

318 2288 386 2318 nati
401 2296 460 2326 per
473 2288 703 2318 miraculorum
719 2289 956 2327 cognitionem:
974 2299 1022 2321 se-

321 2343 506 2372 quemurque
529 2337 564 2364 ut
592 2343 808 2373 coquoscamus
832 2337 1020 2373 Dominum,

322 2379 469 2410 instructi
480 2387 539 2418 per
552 2379 704 2410 doctrinae
721 2380 978 2411 conversionem.

547 2488 715 2521 SERMO
747 2490 789 2523 L.

411 2554 452 2579 De
463 2553 658 2578 affectionibus
673 2556 748 2578 recte
761 2553 931 2578 ordinandis.

365 2606 394 2636 4.
411 2606 601 2646 Egredimini
624 2606 694 2644 filice
707 2606 782 2636 Sion
794 2626 804 2642 ,
819 2607 848 2635 et
863 2606 958 2635 videte
972 2613 1024 2635 rc-

325 2662 391 2693 qem
402 2653 608 2685 Salomonem.
622 2652 691 2683 Non
706 2651 786 2682 dicit
796 2650 1022 2688 Ecclesiasten,

791 221 1291 250 s.BERNARD1ABBATtS

1052 276 1107 305 aut
1121 275 1257 306 Ididam.
1273 277 1352 307 Nam
1369 276 1401 308 et
1417 276 1468 309 his
1489 276 1677 308 nominibus
1697 286 1756 317 ap*

1051 321 1192 357 peilatus
1215 323 1264 351 est
1286 331 1347 353 rex
1362 323 1419 353 ille
1438 332 1445 352 :
1463 324 1497 355 et
1517 323 1677 362 significat
1699 325 1753 353 Je-

1052 366 1122 395 sum
1134 367 1294 398 Christum
1309 370 1454 399 nostrum
1474 378 1589 400 verum
1612 369 1753 399 Salomo-

1051 418 1145 448 nem,
1161 411 1218 449 qui
1234 412 1282 441 est
1297 412 1464 452 Salomon,
1475 414 1510 443 id
1525 415 1574 444 est
1589 412 1752 451 pacificus,

1052 455 1085 484 in
1101 456 1238 487 exsilio:
1256 457 1482 496 Ecclesiastes,
1498 459 1532 488 id
1553 459 1603 488 est
1625 458 1753 488 concio-

1052 501 1163 539 nator,
1179 502 1213 531 in
1227 502 1351 540 judicio
1368 511 1376 531 τ
1393 503 1502 542 Idida,
1517 504 1552 534 id
1568 505 1635 542 est,
1651 503 1753 532 dilec-

1051 548 1104 577 tus
1119 547 1269 585 Domini,
1285 548 1319 578 in
1340 557 1462 587 regno,
1477 549 1600 587 ubique
1616 550 1699 579 Rex.
1715 549 1753 577 In

1052 591 1169 622 exsilio
1194 593 1301 622 rector
1325 601 1472 631 morum,
1488 593 1524 622 in
1547 593 1670 630 judicio
1690 592 1756 622 dis-

1052 638 1157 668 cretor
1171 638 1363 668 meritorum
1378 660 1388 677 ,
1404 639 1438 668 in
1453 646 1552 677 regno
1567 638 1756 668 distributor

1051 683 1270 720 praemiorum.
1296 685 1334 713 In
1357 683 1474 714 exsilio
1498 684 1703 721 mansuetus,
1719 683 1755 712 in

1048 729 1173 766 judicio
1199 730 1324 767 justus,
1339 730 1373 760 in
1398 739 1498 768 regno
1524 730 1692 769 gloriosus.
1718 729 1757 758 ln.

1052 776 1169 806 exsilio
1191 776 1361 814 amabilis,
1378 776 1413 806 in
1434 776 1557 813 judicio
1578 774 1754 811 terribilis,

1032 848 1034 869 ἰ
1051 820 1085 850 in
1106 829 1206 859 regno
1231 821 1442 852 admirabilis.
1458 823 1496 852 Ιη
1510 822 1681 852 diademate
1695 829 1754 859 quo

313 867 540 904 conspiciuntur
568 875 589 896 a
614 868 760 896 creatura
786 867 904 896 mnndi.
927 865 1033 896 Unde³

1050 868 1207 897 coronas-it
1221 876 1290 897 eum
1301 869 1400 898 mater
1411 875 1480 897 sua.
1492 867 1547 897 Est
1560 867 1670 897 autem
1686 866 1754 896 haee

1051 920 1166 941 corona
1186 912 1435 950 misericordiae,
1453 912 1487 942 et
1509 912 1545 942 in
1564 912 1625 942 hac
1646 912 1755 941 imita-

1051 956 1136 987 bilis.
1152 958 1322 988 Coronavit
1337 965 1412 987 eum
1428 958 1462 988 et
1475 965 1615 988 noverca
1630 965 1688 988 sua
1703 965 1755 987 co—

1051 1011 1128 1033 rona
1142 1004 1284 1034 miseriae
1294 1025 1304 1042 ,
1320 1004 1353 1033 et
1365 1003 1400 1033 in
1410 1004 1471 1034 hac
1484 1003 1751 1041 contemptibilis.

1052 1048 1248 1088 Synagogam
1262 1051 1393 1087 loquor,
1405 1058 1477 1088 quae
1499 1057 1533 1080 se
1549 1050 1581 1079 ei
1604 1058 1670 1079 non
1683 1057 1754 1078 ma—

1052 1096 1134 1124 trem
1150 1095 1318 1133 exhibuit,
1332 1095 1389 1126 sed
1411 1103 1596 1126 novercam.
1616 1095 1756 1124 Corona-

1052 1141 1100 1171 hit
1116 1148 1190 1170 eum
1215 1140 1339 1171 familia
1354 1149 1412 1171 sua
1424 1148 1540 1170 corona
1553 1139 1705 1178 justitiae,
1721 1141 1755 1170 et

1052 1187 1086 1216 in
1114 1186 1176 1216 hac
1204 1187 1363 1216 terribiliS
1378 1195 1386 1215 ι
1402 1185 1534 1216 coronat
1558 1193 1634 1216 eum
1660 1186 1755 1215 Pater

1052 1239 1129 1261 suus
1141 1239 1258 1261 corona
1272 1231 1382 1270 gloriae
1392 1253 1401 1269 ,
1417 1232 1451 1262 et
1465 1231 1500 1261 in
1515 1231 1576 1260 hac
1589 1231 1755 1261 desidera-

1052 1277 1138 1306 bilis.
1155 1277 1298 1307 Videant
1323 1285 1397 1314 ergo
1413 1285 1489 1307 eum
1509 1277 1696 1315 peccatores
1720 1277 1756 1307 in

1053 1330 1168 1352 corona
1183 1322 1323 1352 miseriae
1333 1344 1343 1359 ,
1358 1322 1393 1352 id
1409 1323 1458 1353 est
1472 1322 1603 1360 spinea,
1619 1322 1652 1353 et
1667 1330 1756 1352 com-

1052 1369 1235 1406 pungantur
1257 1377 1265 1398 :
1293 1368 1428 1398 videant
1456 1376 1532 1398 eum
1554 1367 1630 1397 filiae
1657 1368 1734 1398 Sion
1744 1390 1754 1406 ,

1052 1414 1167 1444 animae
1179 1408 1380 1453 affectuosae,
1396 1414 1432 1444 in
1444 1422 1560 1444 corona
1571 1413 1756 1444 misericor-

1052 1459 1114 1490 diae
1124 1481 1133 1498 ,
1147 1460 1180 1491 et
1195 1460 1367 1490 imitentur
1377 1469 1384 1489 :
1394 1460 1556 1493 videbunt
1570 1468 1644 1490 eum
1660 1459 1754 1499 impii

1053 1504 1087 1534 in
1113 1513 1229 1535 corona
1249 1505 1403 1544 J'ustitiae,
1421 1506 1453 1536 et
1469 1505 1623 1544 peribunt
1638 1514 1647 1535 ε
1662 1506 1756 1536 vide-

1052 1552 1135 1581 bunt
1160 1560 1235 1582 eum
1261 1552 1362 1582 sancti
1388 1552 1423 1582 in
1446 1560 1563 1582 corona
1577 1551 1704 1590 gloriae,
1721 1552 1755 1582 et

1051 1597 1288 1635 perpetualiter
1303 1597 1501 1636 gaudebunt.

1092 1643 1123 1672 2.
1140 1644 1330 1682 Egredimini
1343 1644 1414 1681 1511·ae
1436 1644 1528 1679 Sion,
1544 1642 1660 1673 animae
1675 1643 1756 1672 deli-

1053 1690 1150 1726 catae,
1178 1689 1217 1719 dc
1244 1697 1340 1719 sensu
1364 1689 1469 1718 carnis
1490 1689 1531 1718 ad
1552 1689 1756 1718 intellectum

1052 1735 1191 1773 mentis3
1208 1735 1247 1765 de
1264 1735 1420 1764 servitute
1437 1735 1574 1764 carnalis
1589 1735 1756 1772 concupis-

1054 1781 1169 1811 centiae
1181 1781 1221 1810 ad
1235 1781 1419 1810 libertatem
1437 1780 1617 1819 spiritualis
1631 1780 1755 1809 intelli-

1053 1827 1189 1865 gentiae3
1203 1829 1231 1857 ct
1254 1827 1350 1857 ridete
1378 1835 1479 1865 regem
1505 1826 1699 1856 Salomonem
1724 1826 1756 1854 in

1053 1875 1241 1910 diademate,
1255 1882 1313 1912 quo
1330 1874 1485 1902 coronarit
1497 1881 1564 1902 eum
1576 1873 1676 1901 mater
1687 1880 1754 1901 sua.

1053 1919 1250 1950 Coronantur
1279 1918 1411 1956 quidem
1439 1918 1473 1947 et
1497 1917 1553 1946 alii
1577 1916 1757 1946 imitatores

1054 1966 1172 2004 ipsius,
1188 1964 1244 1994 sed
1261 1964 1321 1993 hoc
1337 1972 1380 1993 ex
1396 1962 1555 1992 industria
1571 1961 1675 1999 adjuti
1698 1970 1758 2000 per

1053 2012 1202 2050 gratiam.
1231 2010 1322 2039 Solus
1346 2009 1409 2039 iste
1425 2017 1443 2038 a
1457 2009 1560 2038 matre
1586 2009 1758 2038 coronatus

1054 2058 1101 2087 est
1112 2080 1120 2094 ,
1136 2056 1212 2095 quia
1239 2056 1325 2085 solus
1337 2063 1411 2084 eum
1426 2053 1584 2084 ordinatis
1608 2053 1756 2084 affectio-

1052 2102 1150 2132 nibus
1165 2102 1331 2139 tamquam
1347 2107 1483 2138 sponsus
1495 2107 1512 2129 e
1524 2098 1666 2128 thalamo
1682 2106 1756 2136 pro-

1055 2149 1151 2178 cessit
1163 2156 1204 2178 ex
1219 2148 1312 2177 utero
1328 2145 1452 2176 matris.
1480 2144 1561 2174 Sunt
1586 2145 1695 2174 autem
1711 2143 1753 2174 af-

1055 2194 1212 2224 fectiones
1223 2193 1292 2224 istae
1308 2193 1447 2230 quatuor
1460 2190 1653 2228 notissimae,
1669 2198 1757 2220 amor

1055 2241 1087 2270 et
1100 2239 1214 2270 laetitia
1224 2260 1233 2277 ,
1250 2239 1349 2268 timor
1362 2238 1395 2267 et
1408 2235 1555 2267 tristitia.
1566 2236 1691 2274 Absque
1706 2235 1757 2265 liis

1054 2294 1119 2316 non
1140 2284 1289 2316 subsistit
1312 2284 1453 2314 humana
1469 2282 1576 2312 anima
1593 2290 1600 2310 ε
1617 2281 1673 2311 sed
1688 2280 1758 2319 qui-

1054 2332 1190 2362 busdam
1216 2330 1293 2361 sunt
1316 2330 1352 2359 in
1381 2336 1530 2359 coronam
1540 2350 1549 2365 ,
1564 2327 1756 2366 quibusdam

1054 2378 1089 2408 in
1105 2376 1340 2408 confusionem.
1355 2375 1502 2413 Purgatae
1519 2373 1606 2404 enim
1623 2374 1655 2403 et
1671 2372 1758 2402 ordi·

1054 2424 1137 2454 natae
1152 2422 1324 2461 gloriosam
1338 2421 1373 2450 in
1381 2421 1543 2450 virtutum
1555 2426 1669 2449 corona
1682 2417 1758 2448 red-

1055 2469 1136 2499 dunt
1147 2469 1287 2499 animam
1303 2476 1311 2496 :
1328 2467 1519 2496 inordinatae
1530 2474 1590 2504 per
1601 2463 1758 2494 confusio·

1055 2523 1131 2545 nem
1152 2513 1314 2552 dejectam
1340 2514 1373 2543 et
1401 2511 1659 2551 ignominiosam.
1678 2511 1757 2539 Pur-

1055 2561 1171 2598 gantur
1207 2560 1318 2589 autem
1350 2558 1409 2588 sic.
1445 2557 1479 2586 Si
1509 2555 1658 2599 amantur
1685 2561 1756 2592 quae

1055 2605 1191 2635 amanda
1219 2604 1314 2642 sunt,
1342 2603 1369 2633 si
1392 2601 1494 2640 magis
1521 2600 1671 2630 amantur
1684 2607 1755 2637 quae

1056 2650 1158 2689 magis.
1185 2648 1320 2680 amanda
1347 2648 1422 2679 sunt
1434 2668 1443 2685 ,
1466 2646 1492 2677 si
1516 2652 1579 2676 non
1608 2644 1756 2676 amantur
