1810 3073
477 246 521 274 IN
544 245 744 274 CANTICA
768 245 917 273 SERMO
941 245 1071 275 xvln.

72 299 237 338 perfusum
259 308 294 331 se
320 299 438 338 sentit,
460 308 524 338 quo
547 300 580 330 et
602 300 671 339 ipse
693 299 766 330 aliis

71 345 243 376 refundere
270 345 392 384 possit,
422 346 522 376 etiam
550 346 627 375 huic
657 346 764 376 dicere

71 392 119 422 cst
131 400 139 420 :
156 392 260 423 Oleum
274 392 401 428 effusum
416 401 527 421 nomen
539 394 637 421 tuum.

108 436 139 466 2.
152 436 214 466 Sed
225 445 299 467 sane
312 438 492 467 cavendum
504 437 538 467 in
550 438 612 475 his,
622 437 678 467 aut
689 436 765 466 dare

68 481 151 519 quod
167 482 261 512 nobis
285 484 488 521 accepimus,
515 484 570 512 aut
590 482 675 520 quod
695 490 765 511 ero-

67 527 205 565 gandum
218 530 401 566 accepimus
410 551 419 566 ‚
436 530 591 559 retinere.
602 529 682 557 Rem
694 536 766 565 pro-

67 573 151 602 fecto
176 575 318 611 proximi
344 575 466 604 retines
493 574 551 603 tibi
566 595 574 611 ,
597 573 624 603 si
648 571 764 611 (verbi

65 618 183 658 causa)
211 620 326 657 plenus
341 620 516 650 virtutibus
539 627 611 648 cum
629 619 671 648 sis
684 640 693 656 ,
719 618 765 647 so-

65 664 174 703 risque
199 666 411 696 nihilominus
435 666 525 695 donis
559 664 704 695 scientiae
733 665 765 693 et

65 711 258 748 eloquentiae
281 712 473 748 adornatus,
495 712 585 740 metu
606 711 688 740 forte
708 711 764 739 aut

65 757 284 793 segnitie,aut
297 758 402 786 minus
415 757 552 786 discreta
566 756 762 793 humilitate,

64 802 203 831 verbum
218 803 339 832 bonum
352 825 361 840 ,
377 802 460 840 quod
479 805 588 840 posset
612 802 763 839 prodesse

65 846 193 883 multis,
231 847 362 885 inutili,
388 848 486 877 immo
524 848 558 877 et
587 847 762 876 damnabili

66 890 143 928 ligas
158 893 287 923 silentio
301 902 309 930 ς
331 894 419 923 certe
443 893 635 922 maledictus
649 915 657 930 ,
673 894 763 931 ⁴quod

65 935 226 968 frumenta
239 938 408 968 abscondis
421 939 453 968 in
469 938 608 976 populis.
623 940 762 970 Rursum

65 983 150 1020 quod
178 983 271 1013 tuum
299 985 347 1013 est
376 984 499 1022 spargis
530 984 562 1013 e‘t
587 985 713 1022 perlis,
736 985 762 1013 si

64 1026 251 1065 priusquam
277 1028 457 1058 infundaris
480 1030 516 1058 tu
538 1029 642 1066 totus,
666 1029 764 1058 semi-

63 1073 178 1110 plenus
191 1073 325 1104 festines
337 1075 503 1105 effundere
514 1097 522 1111 ,
535 1075 646 1104 contra
658 1075 762 1113 legem

63 1125 155 1146 arans
169 1118 201 1147 in
218 1118 432 1156 primogenito
448 1119 552 1156 bovis,
570 1120 602 1148 et
616 1119 685 1149 ovis
697 1120 764 1158 pri-

63 1164 264 1201 mogenitum
281 1165 430 1194 tondens.
448 1165 608 1194 Nimirum
624 1165 692 1195 vita
717 1166 764 1194 at-

64 1217 125 1246 que
142 1210 244 1239 salute
254 1231 263 1247 ,
276 1218 372 1247 quam
385 1210 478 1239 alteri
492 1211 547 1239 das
557 1212 610 1247 ,te
624 1210 763 1248 fraudas,

63 1255 140 1284 (lum
169 1263 245 1285 sana
277 1264 398 1285 vacuus
427 1256 628 1294 intentione,
654 1257 764 1294 gloriae

63 1302 170 1331 inanis
185 1302 281 1331 vento
301 1302 423 1332 inflaris
436 1324 444 1339 ,
468 1303 524 1332 aut
547 1303 686 1333 terrenae
707 1312 764 1333 cu-

63 1347 209 1385 piditatis
245 1356 373 1380 veneno
410 1348 572 1386 inficeris,
603 1350 636 1379 et
672 1350 761 1379 letali

64 1394 261 1432 apostemate
278 1395 407 1431 turgens
424 1394 547 1424 interis.

104 1438 134 1467 5.
150 1438 363 1474 Quamobrem
377 1462 385 1477 ,
403 1441 427 1469 si
441 1440 537 1477 sapis,
552 1447 719 1470 CONCHAM
731 1440 763 1470 te

64 1483 254 1522 exhibebis,
277 1486 309 1514 et
329 1493 393 1514 nou
414 1487 569 1516 canalem.
588 1487 647 1515 Hic
664 1486 764 1523 siqui—

63 1529 136 1558 dem
150 1538 232 1567 pene
241 1530 379 1560 simulet
391 1531 526 1569 recipit,
548 1531 580 1561 et
595 1531 760 1561 refundit:

63 1575 118 1604 illa
133 1584 211 1605 vero
228 1576 329 1606 donec
352 1576 528 1614 impleatur
540 1599 548 1614 ,
576 1580 762 1615 exspectan

65 1621 98 1649 et
122 1621 168 1651 sic
199 1622 285 1660 quod
314 1623 576 1660 superabundat,
604 1624 673 1652 siue
707 1632 763 1653 suo
778 1626 779 1656 ζ

63 1666 177 1696 damno
188 1668 423 1704 communicat,
436 1668 541 1697 sciens
554 1669 761 1699 maledictum

62 1711 118 1749 qui
131 1713 255 1749 partem
269 1721 358 1742 suam
372 1712 666 1743 facitdeteriorem.
676 1715 711 1743 Et
722 1724 762 1745 ne

60 1765 172 1787 meum
194 1759 363 1787 consilium
382 1759 627 1796 contemptibile
643 1760 740 1790 ducas
754 1783 762 1798 ,
778 1787 779 1790 ,

61 1803 137 1832 audi
149 1804 382 1841 sapientiorem
391 1812 440 1834 me
457 1806 603 1841 Stultus,
619 1806 662 1835 ait
675 1806 764 1836 Salo-
777 1801 779 1825 ἲ

62 1857 135 1878 mon
151 1851 287 1888 ,profert
301 1852 762 1890 101anspii-[cummiumsionni,
777 1831 780 1874 Ι

61 1897 181 1934 sapiens
211 1897 343 1925 reservat
375 1896 406 1924 in
442 1898 607 1933 posterum.
643 1898 762 1928 Verum

61 1943 189 1972 canales
205 1941 300 1970 hodie
317 1942 350 1970 in
371 1942 511 1971 Ecclesia
528 1944 645 1973 multos
661 1944 763 1974 habe-

62 1996 153 2025 mus,
176 1988 313 2017 conchas
339 1996 416 2017 vero
438 1997 626 2026 perpaucas.
654 1991 762 2022 Tantae

63 2033 206 2063 caritatis
229 2034 304 2063 suut
331 2043 391 2072 per
416 2043 495 2072 quos
519 2036 613 2065 nobis
641 2037 762 2067 fluenta

63 2079 205 2108 coelestia
242 2079 391 2117 manant,
421 2081 458 2109 ut
486 2082 560 2110 ante
595 2082 762 2112 effundere

61 2132 157 2162 quam
174 2124 299 2154 infundi
311 2125 433 2163 velint,
444 2126 531 2164 loqui
543 2135 638 2164 quam
650 2129 761 2158 audire

63 2170 239 2209 paratiores
250 2193 259 2209 ,
274 2172 306 2201 et
321 2172 460 2210 prompti
475 2173 590 2203 docere
603 2175 687 2212 quod
699 2184 762 2204 nou

62 2216 263 2256 didicerunt,
282 2219 315 2248 et
330 2218 402 2248 aliis
417 2226 553 2256 praeesse
569 2221 761 2260 gestientes,

61 2262 117 2300 qui
139 2263 260 2300 seipsos
284 2272 397 2301 regere
417 2265 580 2295 nesciunt.
604 2267 667 2304 Ego
688 2269 763 2297 nul-

63 2307 131 2337 lum
145 2308 184 2338 ad
198 2310 334 2339 salutem
348 2310 477 2347 pietatis
490 2311 622 2348 gradum
637 2313 683 2341 illi
693 2322 762 2351 gra-

63 2352 116 2383 dui
131 2355 392 2393 anteponendum
408 2356 579 2394 existimo,
595 2366 692 2395 quem
705 2359 762 2388 Sa-

63 2399 156 2437 piens
175 2401 301 2438 posuit,
326 2401 460 2430 dicens:
482 2403 623 2433 Miserere
649 2405 761 2435 animae

63 2446 123 2475 tuoe
135 2447 256 2484 placens
271 2448 347 2476 Deo.
360 2447 450 2483 Quod
464 2447 491 2477 si
506 2456 569 2477 non
582 2448 685 2479 habeo
699 2451 761 2480 nisi

64 2498 235 2530 parumper
263 2491 327 2522 olei
350 2500 412 2530 quo
438 2501 559 2531 ungar,
580 2495 674 2532 putas
700 2496 760 2526 tihi

63 2536 166 2567 debeo
179 2537 254 2567 dare
265 2560 274 2575 ,
291 2538 323 2567 et
338 2546 507 2568 remanere
525 2539 648 2570 inanIs?
663 2541 760 2572 Servo

64 2582 144 2612 illud
156 2584 255 2622 mihi,
269 2584 301 2613 et
313 2585 443 2614 omnino
458 2584 520 2615 nisi
539 2585 579 2615 ad
594 2587 760 2624 Prophetae

62 2628 236 2666 jussionem
261 2638 326 2660 non
350 2630 490 2668 protero.
520 2631 551 2661 Si
579 2631 760 2664 institerint

64 2673 238 2713 rogitantes
255 2675 354 2716 aliqui
368 2684 410 2707 ex
423 2676 472 2708 liis
482 2697 491 2715 ‚
503 2676 559 2717 qui
574 2676 657 2710 sorte
673 2678 760 2711 exis-

1439 250 1495 281 201

802 299 919 329 timant
933 298 973 328 de
988 306 1041 329 me
1061 306 1158 338 supra
1178 299 1211 330 id
1232 301 1320 338 quod
1338 302 1450 333 vident
1464 304 1498 333 ‘m

801 354 875 382 me,
901 346 957 375 aut
976 344 1113 375 audiunt
1142 345 1265 384 aliquid
1287 355 1328 376 ex
1351 355 1422 385 me,
1446 357 1500 379 re-

800 390 1013 428 spondebitur
1034 390 1081 421 eis
1103 399 1112 420 ε
1135 393 1181 422 Ne
1196 393 1274 430 forte
1289 401 1352 422 ηοη
1368 394 1500 430 sufficiat

801 437 887 467 nobis
898 439 925 467 ct
940 437 1025 467 vobis
1033 458 1043 473 ,
1059 438 1098 466 ite
1110 439 1212 476 potius
1230 439 1270 468 ad
1283 439 1458 475 vendentes,
1472 441 1502 469 et

801 484 887 512 emite
915 483 1011 513 vobis.
1036 482 1100 512 Sed
1126 485 1260 520 caritas,
1285 484 1412 522 inquis,
1438 492 1501 514 non

800 529 909 565 qnaerz't
924 537 989 566 quoe
1004 538 1061 558 sua
1073 530 1155 559 sunl.
1172 530 1210 558 Et
1225 530 1261 559 tu
1274 531 1337 559 scis
1349 537 1446 567 quam
1460 529 1501 558 ob

799 572 888 601 rem?
908 574 975 602 Non
997 574 1115 611 quaerit
1139 576 1210 612 q‘uae
1231 575 1307 605 sunt
1326 583 1403 612 sua,
1425 582 1502 613 pro-

802 617 884 647 fecto
899 619 1050 657 quianon
1066 619 1195 650 desunt.
1209 621 1362 657 Quisnam
1379 620 1502 658 quaerat

800 664 885 699 quod
908 665 1030 694 habet?
1051 665 1170 696 Caritas
1185 675 1257 704 quae
1275 674 1333 696 sua
1353 665 1446 703 sunt,
1468 664 1503 695 id

800 708 865 746 est,
892 712 1031 747 propriae
1060 711 1156 741 saluti
1175 712 1378 750 necessaria,
1403 719 1501 741 num-

799 762 893 790 quam
905 763 969 784 non
986 756 1102 793 habet;
1120 765 1180 786 nec
1196 757 1290 787 modo
1306 757 1424 794 habet,
1443 756 1501 787 sed

799 799 896 828 etiam
911 801 1065 832 abundat.
1082 803 1159 832 vuit
1179 803 1344 833 abundare
1365 803 1446 841 sibi,
1466 803 1502 833 ut

800 846 899 882 possit
921 848 953 876 et
975 848 1146 886 omuibus3
1173 850 1281 879 servat
1310 849 1371 879 sibi
1397 856 1503 887 quan-

799 892 867 920 tum
880 892 1036 931 sufficiat,
1053 896 1090 924 ut
1103 895 1185 924 nulli
1200 895 1340 925 deficiat,
1351 894 1501 934 Alioquin

798 937 822 965 si
837 938 934 975 plena
946 946 1010 968 non
1025 941 1093 978 est,
1107 940 1254 979 perfecta
1269 949 1333 970 non
1350 941 1410 971 est.

836 982 868 1013 lo.
881 984 1038 1014 Caeterum
1054 987 1088 1015 tu
1099 1008 1108 1024 ,
1125 986 1236 1025 frater,
1249 987 1302 1017 cui
1319 987 1410 1017 firma
1425 985 1502 1016 satis

798 1029 926 1066 propria
948 1031 1034 1060 salus
1058 1032 1201 1062 nondum
1223 1033 1294 1071 est,
1316 1034 1369 1063 cui
1386 1032 1503 1062 caritas

798 1073 905 1104 adhuc
926 1076 982 1105 aut
1004 1077 1095 1106 nulla
1120 1078 1186 1115 est,
1208 1077 1264 1107 aut
1285 1078 1366 1107 adeo
1386 1078 1499 1107 tenera

798 1119 893 1155 atque
910 1120 1091 1150 arundinea
1103 1143 1111 1159 ,
1129 1122 1290 1160 quatenus
1305 1122 1393 1152 omni
1408 1121 1500 1151 flatui

799 1164 909 1202 cedat,
926 1166 1014 1195 omni
1034 1167 1144 1197 credat
1160 1168 1311 1207 spiritui,
1333 1168 1420 1198 omui
1437 1168 1501 1197 cir-

798 1210 998 1241 cumferatur
1012 1214 1110 1243 vento
1132 1214 1309 1252 doctrinae3
1326 1215 1426 1243 immo
1447 1214 1498 1243 cui

798 1256 914 1285 caritas
938 1258 1027 1287 tanta
1051 1260 1117 1296 est,
1138 1260 1176 1289 ut
1198 1261 1284 1290 ultra
1312 1259 1499 1289 mandatum

796 1301 927 1338 quidem
950 1303 1063 1342 diligas
1085 1305 1272 1342 proximum
1293 1307 1386 1336 tuum
1412 1306 1500 1343 plus-

798 1355 893 1383 quam
912 1348 1055 1387 teipsum
1073 1359 1080 1379 :
1106 1352 1139 1380 et
1154 1360 1282 1380 rursum
1299 1351 1424 1380 tantilla
1438 1373 1447 1388 ,
1463 1350 1500 1380 ut

797 1394 905 1422 contra
923 1396 1109 1425 mandatum
1125 1396 1235 1426 favore
1252 1397 1430 1435 liquescat,
1443 1405 1499 1434 pa-

797 1446 871 1467 vore
882 1439 1011 1470 deficiat
1020 1463 1028 1478 ,
1042 1441 1253 1478 perturbetur
1264 1441 1409 1478 tristitia,
1423 1449 1501 1470 ava-

796 1483 870 1512 ritia
901 1487 1127 1524 contrahatur,
1163 1488 1369 1525 protrahatur
1393 1487 1500 1517 ambi-

797 1529 882 1559 tione
897 1552 906 1568 ,
930 1532 1169 1569 suspicionibus
1186 1533 1403 1571 inquietetur,
1421 1541 1499 1562 con—

796 1576 890 1605 viciis
920 1579 1125 1616 exagitetur,
1163 1579 1249 1609 curis
1279 1579 1497 1614 evisceretur,

795 1620 971 1652 honoribus
987 1625 1128 1662 tumeat,
1144 1625 1247 1654 livore
1265 1625 1428 1654 tabescat:
1442 1626 1496 1662 tu,

795 1667 927 1704 inquam
941 1690 950 1706 ,
974 1669 1019 1698 ita
1047 1670 1080 1698 in
1102 1670 1242 1708 propriis
1263 1671 1403 1708 teipsum
1423 1679 1498 1700 sen-

795 1713 895 1751 tiens,
911 1723 1049 1752 quanam
1063 1716 1228 1746 dementia
1241 1739 1250 1754 ,
1262 1726 1380 1754 quaeso,
1391 1717 1498 1746 aliena

795 1767 908 1789 curare
934 1762 989 1790 aut
1004 1762 1107 1791 ambis
1119 1783 1129 1799 ,
1145 1764 1199 1791 aut
1216 1763 1414 1801 acquiescis?
1435 1763 1498 1792 Sed

796 1805 884 1834 enim
900 1807 974 1835 audi
991 1807 1067 1845 quid
1083 1809 1228 1838 consulat
1244 1810 1337 1838 cauta
1350 1809 1497 1847 vigilque

795 1851 922 1881 caritas.
941 1854 1010 1882 Non
1025 1855 1103 1891 quod
1115 1855 1195 1891 aliis,
1213 1854 1377 1892 inquit,sit
1391 1856 1498 1885 remis-

793 1898 850 1934 sio,
870 1898 953 1928 robis
972 1901 1073 1928 autem
1090 1900 1260 1937 tribulatio,
1273 1902 1322 1931 secl
1340 1910 1379 1931 ex
1393 1910 1498 1939 oequa-

793 1944 890 1974 litate.
918 1946 991 1975 Noli
1014 1947 1144 1975 vitilium
1166 1956 1226 1976 esse
1240 1946 1352 1984 justus.
1371 1947 1497 1976 Sufficit

795 1991 830 2020 ut
858 1991 974 2028 diligas
999 1992 1185 2029 proximum
1211 1992 1304 2022 tuum
1333 1994 1497 2030 tamquam

797 2036 935 2074 teipsum
946 2059 954 2075 ,
971 2037 1031 2066 hoc
1045 2037 1166 2075 quippe
1180 2038 1228 2067 est
1243 2046 1284 2067 ex
1297 2038 1496 2076 aequalitate.

794 2083 880 2112 Dicit
902 2083 1006 2112 David
1027 2092 1034 2112 :
1052 2085 1129 2113 sicut
1152 2085 1239 2122 adipe
1264 2086 1291 2114 et
1315 2086 1497 2122 pinquedinc

794 2130 949 2166 repleatur
965 2130 1072 2158 (olima
1089 2138 1156 2159 mea
1170 2151 1180 2166 ‚
1200 2132 1227 2159 et
1253 2130 1341 2159 labiis
1361 2131 1498 2160 emulla-

795 2176 884 2205 tionis
900 2175 1039 2204 {titulabit
1059 2184 1090 2205 os
1105 2184 1208 2204 mcum
1225 2185 1235 2204 .·
1257 2175 1382 2205 infundi
1399 2175 1498 2204 nimi-

795 2229 864 2249 rum
877 2220 968 2258 prius
985 2221 1097 2250 volens
1121 2222 1153 2250 et
1169 2221 1213 2250 sic
1230 2221 1396 2250 effundere
1411 2230 1419 2258 3
1436 2230 1497 2252 nec

793 2267 895 2296 solum
922 2266 1050 2296 infundi
1079 2267 1189 2304 prius,
1208 2267 1265 2297 sed
1290 2269 1323 2297 et
1345 2267 1496 2306 impleri,

793 2312 955 2350 quatenus
970 2312 1009 2342 de
1026 2312 1230 2350 plenitudine
1247 2314 1420 2351 eructaret,
1432 2321 1496 2343 non

793 2359 947 2388 oscitaret
967 2358 1006 2387 de
1027 2358 1198 2388 inanitate.
1217 2359 1314 2388 Caute
1337 2359 1468 2397 quidem
1486 2366 1495 2388 :

794 2413 833 2434 ue
860 2404 946 2442 quod
969 2404 1042 2433 aliis
1062 2405 1230 2443 remissio,
1246 2405 1308 2434 sibi
1330 2405 1498 2435 tribulatio

794 2450 899 2488 esset,
925 2451 958 2480 et
993 2450 1209 2481 nihilominus
1237 2451 1341 2489 caste,
1366 2451 1497 2480 imitans

794 2497 898 2530 illum,
909 2497 949 2527 de
965 2496 1056 2533 cujus
1068 2497 1272 2534 plenitudine
1285 2505 1395 2526 omues
1407 2504 1497 2525 acce-

794 2542 910 2580 pimus.
939 2544 1040 2573 Disce
1062 2543 1095 2572 et
1117 2544 1152 2572 tu
1181 2543 1310 2572 nonnisi
1333 2542 1371 2571 de
1399 2542 1496 2579 pleno

794 2589 981 2626 effundere,
1000 2597 1060 2618 nec
1084 2589 1151 2618 Deo
1168 2589 1289 2626 largior
1306 2595 1374 2616 esse
1400 2586 1495 2616 velis.

793 2634 919 2663 Concha
933 2634 1083 2664 imitetur
1096 2633 1230 2663 sontem.
1243 2633 1309 2661 Non
1324 2631 1432 2660 manat
1442 2631 1497 2661 illo

794 2679 829 2710 in
845 2680 972 2719 rivum,
988 2679 1094 2711 necin
1109 2679 1215 2710 lacum
1228 2675 1499 2723 efflclfflfstffistdss·
