1810 3073
307 205 366 235 240

306 260 339 288 in
354 259 440 288 terra
460 258 584 289 vivitur
604 267 692 289 more
714 260 895 289 coetestium
907 281 915 297 ,
928 260 1004 289 dum

303 305 405 334 instar
415 313 562 343 supernae
577 305 664 335 illius
675 306 841 343 beataeque
851 307 1005 334 creaturae

305 349 373 379 liaec
388 358 536 388 quoque,
551 359 622 388 quae
638 358 655 379 a
671 350 790 379 finibus
806 351 898 379 terrae
914 349 1003 377 venit

303 395 414 424 audire
439 395 630 433 sapientiam
657 395 851 430 Salomonis,
881 394 1004 423 coelesti

302 440 373 469 viro
387 440 599 470 nihilominus
614 441 699 469 casto
725 439 862 467 1111110101
878 446 984 467 amore
995 460 1003 475 ,

303 486 365 515 etsi
381 485 520 515 necdum
547 485 707 523 quomodo
737 485 793 513 illa
819 484 930 520 J'uncta
946 492 1005 521 per

301 531 464 569 speeiem,
493 531 601 560 tamen
628 530 776 567 sponsata
805 537 864 565 per
889 529 1003 565 tidem,

297 576 391 613 juxta
407 576 602 613 promissum
617 575 677 604 Dei
694 575 831 604 dicentis
850 582 909 612 per
929 574 1019 613 Pro—i

302 621 435 658 phetam
452 630 460 649 z
477 621 634 659 Sponsabo
650 623 677 650 te
694 621 770 650 milei
787 621 817 649 in
830 619 1019 650 misericor-¹

299 668 351 695 dia
365 669 393 696 et
405 666 669 702 miserationibus,
686 668 714 696 et
725 666 874 704 sponsabo
890 667 915 695 te
932 667 1018 708 milii3

299 713 332 741 in
344 712 412 748 fide.
437 712 529 741 Unde
558 711 659 750 magis
686 712 848 749 magisque
876 710 1018 753 consor-t

299 757 381 786 mari
395 757 510 795 satagit
525 756 652 794 formae,
666 766 735 795 quae
748 757 787 786 de
804 757 884 786 coelo
899 757 1001 794 venit,
1016 756 1017 764 ¹

300 802 427 832 discens
443 803 482 832 ab
498 811 535 832 ea
549 803 733 832 verecunda
746 811 815 832 esse
832 803 865 832 et
883 803 1018 849 sobria,¹

300 847 426 877 discens
450 847 566 885 pudica
591 848 625 876 et
650 849 778 885 sancta,
794 847 921 876 discens
945 855 1002 885 pa-

299 891 384 921 tiens
411 893 507 928 atque
523 892 741 929 compatiens,
757 892 920 928 postremo
937 891 1001 920 dis—

299 944 374 965 cens
403 937 490 966 mitis
512 938 546 966 et
573 937 707 965 humilis
729 937 835 966 corde.
867 937 903 965 Et
929 936 1002 966 ideo

299 981 442 1011 moribus
470 981 700 1018 hujuscemodi
716 981 883 1010 contendit
899 983 931 1011 ct
945 983 1001 1011 ab·

298 1035 370 1056 sens
386 1028 515 1065 placere
532 1027 580 1064 ei,
593 1028 627 1056 111
643 1035 739 1065 quem
756 1027 867 1063 Γ1113011
881 1027 1002 1064 prospi-

299 1079 371 1101 cere
401 1071 659 1109 concupiscunt:
677 1072 712 1100 ut
740 1071 817 1100 dum
840 1071 1001 1101 desiderio

298 1116 402 1147 servet
417 1118 582 1155 angelico,
611 1117 727 1155 probet
742 1125 775 1146 se
798 1117 933 1154 proinde
955 1117 1002 1146 ci—

298 1170 372 1192 vem
398 1164 583 1193 sanctorum
604 1185 612 1200 ,
630 1163 662 1192 et
687 1162 896 1191 domesticam
921 1162 1000 1200 Deig

298 1209 412 1246 probet
428 1208 581 1238 dilectam
592 1230 601 1246 ,
617 1208 731 1245 probet
747 1216 905 1245 sponsam.

337 1254 367 1283 8.
385 1255 446 1292 Ego
473 1255 551 1292 puto
580 1262 708 1283 omnem
738 1254 877 1282 animam
903 1254 999 1283 talem

297 1308 362 1330 non
376 1301 470 1330 modo
488 1301 654 1330 coelestem
670 1307 739 1329 esse
755 1301 888 1337 propter
903 1300 1001 1338 origi-

298 1354 391 1384 nem,
406 1346 463 1376 sed
491 1347 526 1376 ct
548 1347 666 1376 coelum
690 1345 795 1383 ipsum
818 1353 910 1383 posse
936 1354 1015 1382 non¹

298 1393 462 1422 immerito
493 1392 650 1430 appellari
684 1391 816 1430 propter
844 1387 1015 1421 imitatio-¹

298 1446 384 1467 nem.
400 1440 436 1468 Et
444 1440 520 1468 tunc
534 1438 657 1476 liquido
668 1437 807 1467 ostendit
817 1437 910 1474 ,quia
923 1446 999 1466 vere

298 1484 386 1521 origo
403 1484 504 1522 ipsius
519 1483 559 1512 de
584 1483 674 1512 coelis
691 1484 756 1520 est,
774 1491 845 1512 cum
864 1491 1000 1512 conver-

297 1529 379 1559 satio
395 1530 464 1566 ejus
489 1529 523 1558 in
539 1529 628 1559 coelis
646 1529 705 1558 est.
722 1529 775 1558 Est
791 1537 865 1566 ergo
883 1529 999 1558 coelum

297 1576 406 1605 sancta
422 1576 530 1613 aliqua
544 1576 668 1612 anima,
682 1574 805 1603 babens
829 1575 928 1604 solem
951 1575 1000 1603 in-

297 1622 483 1659 tellectum,
497 1622 604 1650 lunam
621 1620 737 1656 fidem,
751 1622 833 1649 astra
850 1621 998 1651 virtutes.

297 1667 324 1695 Υ
327 1667 355 1696 el
370 1668 457 1696 certe
472 1667 537 1703 sol,
552 1666 688 1702 justitiae
703 1667 789 1695 zelus
801 1667 856 1694 aut
872 1665 1000 1696 fervens

298 1713 433 1749 caritas3
451 1713 483 1741 et
508 1712 585 1741 luna
610 1711 822 1741 continentia.
835 1697 1016 1748 Quomodo¹

298 1758 385 1788 enim
401 1758 546 1795 claritas,
560 1758 597 1787 ut
617 1758 726 1795 aiunt,
742 1758 825 1786 lunae
846 1765 911 1785 non
937 1757 998 1787 nisi

298 1811 316 1833 a
332 1804 397 1834 sole
414 1804 487 1833 est:
505 1803 551 1833 sic
567 1803 686 1841 absque
704 1811 767 1832 car.
761 1804 837 1832 11110
853 1811 911 1832 seu
930 1803 999 1840 jus-

296 1849 369 1879 titia
389 1849 597 1879 continentia}
614 1849 766 1878 meritum
783 1849 909 1877 nulium
926 1851 997 1879 est:
1011 1828 1015 1899 Ι

298 1895 380 1924 Hinc
398 1895 538 1933 denique
557 1895 715 1933 Sapiens:
736 1895 761 1925 Ο
780 1904 871 1933 quam
891 1896 998 1933 pulcra.

296 1951 344 1979 es,
361 1942 484 1980 inquit,
501 1944 585 1972 casta
601 1942 756 1980 qeneratio
772 1950 839 1970 cum
858 1943 996 1971 caritate.

297 1989 393 2018 Porro
416 1989 526 2018 stellas
555 1987 676 2017 dixisse
703 1987 840 2017 virtutes
861 1995 924 2017 non
946 1996 997 2016 1110

296 2034 453 2071 poenitet,
479 2033 736 2063 considerantem
757 2033 997 2071 congruentiam

296 2080 531 2110 similitudinis.
557 2079 722 2117 Quomodo
751 2087 868 2116 nempe
897 2080 998 2109 stellae

296 2125 331 2154 in
346 2127 439 2155 nocte
455 2126 583 2155 lucent.
601 2125 633 2154 in
651 2125 702 2154 die
719 2125 842 2154 latent:
859 2125 904 2154 sic
923 2133 997 2154 tera

296 2170 418 2208 1111115,
432 2179 504 2208 quae
523 2179 607 2220 saepe
625 2171 656 2199 in
675 2170 837 2219 prosperis
857 2178 920 2199 non
945 2178 998 2208 ap—

296 2215 407 2252 paret,
429 2215 551 2245 eminet
576 2215 609 2244 in
631 2215 692 2244 adv
695 2215 786 2244 ersis
809 2215 893 2243 Illud
922 2222 996 2244 sane

297 2262 433 2291 cauteiae
448 2262 514 2297 est,
532 2261 591 2290 hoc
605 2259 821 2290 necessitatis.
838 2261 917 2296 Ergo
933 2250 1015 2656 νίπέι

296 2308 348 2337 tus
358 2307 407 2337 est
418 2306 516 2342 sidus,
530 2307 563 2335 et
576 2306 669 2335 homo
681 2313 700 2334 x
705 2305 852 2341 irtutum,
866 2305 994 2334 coelum.

295 2353 362 2382 Nisi
377 2351 448 2390 quis
465 2351 544 2380 torte
562 2359 633 2380 cum
656 2351 760 2380 Deum
781 2358 840 2387 per
856 2350 996 2388 Prophe-

296 2399 363 2429 tam
378 2397 499 2426 dixisse
515 2396 610 2433 legit,
625 2395 740 2425 Coelum
755 2395 832 2424 milti
841 2396 921 2425 seclis
937 2398 977 2426 est

298 2443 415 2473 coelum
432 2442 492 2472 hoc
508 2441 651 2470 solubile
664 2440 856 2478 visibileque
872 2441 996 2470 11110111-

298 2487 437 2526 gendum
450 2487 635 2524 existimet,
652 2487 684 2515 et
699 2494 761 2515 non
776 2486 880 2524 potius
896 2487 976 2517 illud

297 2534 337 2564 de
350 2541 413 2572 quo
424 2533 503 2562 alibi
518 2533 661 2570 apertius
672 2532 837 2569 Scriptura
854 2540 996 2562 comme-

299 2579 433 2608 morat·
461 2579 573 2608 Anima
590 2599 599 2613 ,
623 2577 773 2615 inquiens
784 2600 792 2615 ,
816 2578 894 2615 justi
916 2580 996 2607 sedes

298 2627 340 2654 est
368 2634 413 2654 sa
404 2625 532 2663 1101111111.
563 2623 623 2661 Qui
649 2624 755 2654 autem
788 2632 828 2653 (x
851 2623 995 2653 doctiina

722 209 753 237 S.
778 208 1008 236 BERNARDI
1028 208 1224 237 ABBATts

1039 259 1212 290 Salvatoris
1237 261 1320 299 sapit
1343 261 1491 299 spiritum
1516 268 1583 292 esse
1611 263 1732 301 Deum,

1039 305 1134 342 atque
1151 305 1185 334 111
1202 306 1317 343 spiritu
1333 307 1530 337 adorandum
1546 316 1554 336 t
1572 308 1667 338 etiam
1684 318 1733 339 se-

1037 349 1111 378 dem
1123 350 1153 379 ei
1167 358 1232 380 non
1254 351 1388 389 ambigit
1405 353 1564 390 assignare
1583 353 1733 390 spiritua-

1038 394 1113 423 lem.
1131 396 1194 432 Ego
1209 404 1286 424 vero
1304 396 1440 426 fidenter
1456 397 1489 427 id
1503 397 1656 435 fecerim,
1669 405 1732 428 non

1037 440 1142 469 minus
1164 441 1198 469 in
1222 441 1478 480 hominisjusti,
1502 451 1598 480 quam
1620 443 1654 472 in
1677 451 1733 473 an-

1036 486 1139 523 gelico
1168 487 1295 525 spiritu.
1324 488 1495 517 Confirmat
1524 496 1576 517 me
1609 487 1644 517 in
1673 488 1732 518 hoc

1036 539 1132 560 sensu
1159 532 1301 561 maxime
1327 532 1382 561 illa
1407 533 1511 562 fidelis
1535 533 1700 570 promissio
1721 542 1731 562 ε

1036 578 1100 615 qu
1122 579 1150 607 et
1170 580 1284 613 Pater,
1307 578 1370 614 ait,
1386 577 1506 615 Filius,
1529 579 1569 608 ad
1589 586 1677 614 eum,
1701 578 1732 608 id

1036 623 1084 651 est
1105 623 1145 652 ad
1174 625 1320 652 sanctum
1345 623 1511 658 hominem
1527 644 1536 660 ,
1561 624 1730 659 veniemus,

1034 670 1061 697 et
1076 670 1266 698 mansionem
1287 669 1369 707 apud
1389 677 1459 697 eum
1479 668 1636 705 faciemus.
1660 668 1732 697 Pro-

1035 714 1165 751 phetam
1177 722 1304 751 quoque
1318 722 1383 743 non
1395 713 1434 743 de
1447 713 1509 742 alio
1521 713 1640 743 dixisse
1652 713 1732 754 coelo

1035 759 1193 788 arbitror:
1220 761 1267 788 Tu
1289 761 1391 789 autem
1414 761 1446 788 in
1470 761 1575 789 sancto
1596 758 1732 795 habitas,

1035 804 1103 833 laus
1113 805 1219 835 Israel.
1244 805 1412 834 Manifeste
1434 805 1543 834 autem
1568 804 1733 842 Apostolus

1034 849 1130 886 dicit,
1147 850 1286 879 habitare
1297 850 1514 888 Christumper
1522 849 1612 886 sidem
1624 850 1655 879 in
1665 858 1734 878 cor-

1033 895 1120 925 dibus
1134 897 1259 925 nostris.

1072 941 1102 970 9.
1120 941 1184 970 Nec
1212 941 1330 970 mirum
1355 939 1382 969 si
1403 939 1545 970 libenter
1572 939 1735 969 inhabitat

1034 986 1150 1015 coelum
1161 986 1221 1015 hoc
1231 986 1386 1015 Dominus
1393 986 1484 1015 Jesus
1493 1007 1502 1023 ,
1511 985 1596 1023 quod
1608 985 1732 1022 utique,

1033 1038 1095 1059 non
1113 1030 1270 1067 quomodo
1285 1030 1437 1067 caeteros,
1453 1030 1539 1060 dixit
1554 1030 1678 1059 tantum
1697 1031 1734 1059 ut

1034 1075 1143 1112 tieret,
1158 1076 1216 1106 sed
1237 1075 1392 1113 pugnavit
1407 1076 1444 1105 ut
1468 1075 1667 1112 acquireret,
1681 1082 1732 1104 oc-

1033 1121 1145 1150 cubuit
1161 1122 1198 1150 ut
1215 1120 1403 1150 redimeret.
1420 1119 1495 1150 Ideo
1511 1121 1544 1149 et
1559 1120 1629 1158 post
1642 1119 1732 1149 labo-

1033 1174 1101 1195 rem
1116 1166 1191 1194 voto
1206 1165 1344 1203 potitus,
1364 1165 1429 1194 ait:
1444 1166 1515 1195 Hoec
1527 1166 1645 1203 requies
1663 1174 1731 1195 ‘mea

1033 1212 1065 1240 in
1092 1211 1237 1240 soecutum
1261 1211 1382 1247 soeculi,
1408 1211 1455 1240 hic
1479 1210 1642 1247 habitabo,
1658 1220 1732 1249 quo-

1033 1257 1116 1286 niam
1137 1257 1210 1294 eleqi
1235 1265 1315 1286 eam.
1330 1256 1368 1285 Et
1390 1256 1484 1286 beata
1507 1256 1559 1285 cui
1583 1256 1728 1286 dicitur:

1035 1304 1114 1332 Veni
1130 1303 1222 1332 electa
1244 1311 1331 1338 mea,
1353 1304 1380 1332 et
1401 1311 1517 1341 ponam
1537 1303 1570 1332 in
1599 1304 1626 1332 te
1647 1303 1730 1332 thro-

1033 1358 1106 1378 num
1119 1357 1232 1378 meum.
1249 1348 1332 1385 Quid
1352 1349 1387 1377 tu
1411 1348 1513 1378 tristis
1533 1356 1567 1377 es
1585 1355 1690 1385 nunc,
1711 1356 1730 1377 ο

1032 1395 1137 1423 anima
1160 1402 1251 1432 mea,
1278 1394 1310 1424 et
1331 1401 1430 1432 quare
1459 1393 1632 1423 conturbas
1657 1393 1730 1422 me?

1033 1441 1166 1469 Putasne
1188 1441 1219 1469 et
1245 1441 1281 1469 tu
1295 1447 1395 1477 penes
1409 1439 1442 1468 te
1457 1439 1605 1468 invenias
1623 1439 1730 1468 locum

1032 1485 1186 1514 Domino?
1207 1486 1245 1514 Et
1265 1485 1339 1522 quis
1357 1484 1450 1514 nobis
1475 1484 1562 1514 locus
1583 1484 1618 1513 in
1638 1484 1729 1513 nobis

1032 1530 1107 1560 huic
1133 1531 1268 1560 idoneus
1290 1530 1417 1567 gloriae,
1433 1529 1597 1559 sufficiens
1613 1529 1731 1566 majos-

1032 1575 1246 1605 tati3Utinam
1256 1576 1309 1605 vel
1323 1583 1449 1604 merear
1458 1575 1589 1604 adorare
1602 1575 1636 1604 111
1647 1576 1728 1611 1000,

1031 1621 1086 1650 11111
1111 1621 1272 1651 steterunt
1299 1621 1400 1658 pedes
1424 1620 1506 1657 ejus.
1532 1620 1610 1656 Quis
1637 1620 1730 1650 dabit

1030 1667 1110 1696 1111111
1127 1669 1241 1697 saltem
1256 1666 1403 1704 vestigiis
1423 1666 1588 1695 adhaerere
1612 1667 1729 1695 sanctae

1030 1712 1211 1750 cujuspiam
1234 1712 1367 1749 animae,
1383 1719 1478 1749 quam
1501 1710 1600 1750 elegit
1621 1711 1654 1740 111
1675 1712 1729 1740 1111-

1031 1757 1221 1787 bitationem
1233 1756 1314 1787 sibi?
1327 1757 1447 1786 Tamen
1463 1757 1490 1786 51
1512 1756 1687 1794 dignetur
1679 1766 1729 1785 111-

1032 1803 1164 1833 fundere
1178 1804 1210 1833 et
1225 1811 1330 1832 meam
1344 1803 1483 1832 animam
1500 1802 1652 1832 unctione
1666 1803 1728 1831 mi-

1030 1849 1214 1879 sericordiae
1246 1857 1330 1885 sua‘,
1354 1848 1450 1885 atque
1481 1847 1527 1877 ita
1553 1848 1727 1878 extendere

1030 1895 1114 1925 sicut
1129 1895 1247 1933 pellem
1258 1916 1266 1932 ,
1282 1902 1354 1932 quae
1368 1893 1480 1932 utique
1497 1901 1567 1922 cum
1579 1894 1726 1931 ungitur,

1031 1940 1202 1973 dilatatur,
1219 1941 1378 1978 quatenus
1403 1940 1435 1968 et
1457 1947 1513 1977 ego
1541 1938 1647 1968 dicere
1671 1947 1727 1967 va-

1030 1985 1136 2023 leam,
1165 1987 1259 2016 Viam
1288 1986 1504 2015 mandatorum
1530 1986 1650 2014 tuorum
1673 1993 1728 2013 cu-

1030 2034 1135 2069 curri,
1151 2041 1219 2061 cum
1241 2032 1377 2061 dilatasti
1396 2040 1449 2060 cor
1471 2039 1591 2068 meum3
1615 2031 1727 2067 potero

1031 2078 1129 2107 etiam
1139 2078 1208 2115 ipse
1218 2077 1361 2107 fortassis
1372 2076 1541 2106 ostendere
1552 2076 1584 2105 in
1592 2076 1726 2113 meipso,

1031 2124 1091 2154 etsi
1115 2131 1178 2152 non
1206 2122 1408 2152 coenaculum
1431 2121 1550 2159 grande
1575 2121 1725 2157 stratum,

1030 2169 1086 2198 ubi
1113 2168 1214 2206 possit
1236 2167 1426 2197 recumbere
1455 2174 1527 2195 cum
1555 2165 1726 2204 Discipulis

1030 2215 1096 2243 suis
1107 2222 1116 2251 3
1129 2215 1271 2243 attamen
1282 2213 1335 2242 ubi
1349 2212 1462 2241 saltem
1473 2211 1610 2240 reclinet
1621 2211 1724 2248 caput.

1030 2261 1052 2288 Α
1069 2261 1160 2296 longe
1186 2258 1324 2296 suspicio
1348 2258 1420 2287 illos
1437 2260 1525 2287 certe
1548 2256 1724 2293 beatos,de

1030 2306 1148 2343 quibus
1163 2304 1281 2334 dicitur
1298 2312 1305 2332 :
1321 2305 1362 2333 Et
1373 2303 1551 2333 inhabitabo
1572 2304 1604 2332 in
1624 2303 1683 2338 eis,
1698 2301 1724 2331 et

1029 2351 1227 2381 deambulabo
1240 2351 1271 2379 in
1286 2350 1356 2380 illis.

1070 2397 1119 2426 10.
1146 2396 1170 2424 Ο
1199 2395 1317 2433 quanta
1346 2394 1395 2424 illi
1421 2394 1536 2423 animae
1564 2391 1696 2422 latitudo
1713 2412 1722 2429 ,

1029 2443 1147 2479 quanta
1160 2442 1191 2471 01
1211 2441 1399 2470 meritorum
1413 2438 1640 2477 praerogativa,
1654 2445 1722 2475 quae

1029 2487 1171 2517 divinam
1188 2487 1221 2516 in
1240 2494 1273 2516 se
1286 2485 1506 2524 praesenttam,
1523 2485 1555 2514 ct
1568 2484 1660 2521 digna
1676 2483 1725 2512 in-

1030 2540 1049 2561 x
1053 2534 1162 2563 enitur
1176 2533 1341 2570 suscipere
1351 2553 1360 2569 ,
1373 2532 1405 2561 et
1420 2529 1579 2561 sufficiens
1589 2536 1700 2566 capere
1713 2527 1721 2556 t

1029 2579 1111 2615 Quid
1138 2578 1210 2614 ilia,
1241 2577 1291 2606 cui
1323 2577 1356 2607 et
1385 2571 1722 2614 spatiosarsuppetunt

1031 2623 1300 2661 deambulatoria,
1316 2622 1355 2652 ad
1375 2629 1454 2660 opus
1466 2618 1594 2659 quidem
1609 2616 1722 2654 majes-
