1846 3078
576 224 621 250 IN
646 221 846 251 CANTICA
868 220 1018 248 SERMO
1043 222 1165 250 LXIV.

164 279 246 318 sius,
267 279 463 317 fortiusque,
479 277 598 316 passim
625 277 666 307 ad
689 276 861 306 extraneos

164 325 248 355 etad
262 332 384 355 omnes.
396 323 494 353 Caute
510 323 653 353 omnino.
667 323 749 352 Saue
766 321 862 351 timet

163 370 391 408 propheticum
407 368 575 398 incurrere
591 368 819 404 maledictum,
834 366 859 396 si

163 423 236 453 quae
255 414 291 444 in
315 413 502 444 abscondito
528 414 656 451 accepit
679 413 859 450 frumenta,

162 460 335 490 abscondat
349 460 384 490 in
409 459 537 499 populis
555 468 562 488 :
581 459 614 489 et
629 459 742 489 contra
755 459 861 488 Evan-

162 505 284 545 gelium
308 505 435 542 facere,
459 506 523 535 nisi
546 514 618 543 quae
641 505 675 534 in
696 511 774 533 aure
802 511 861 533 au-

162 550 265 589 divit,
277 551 504 589 praedicaverit
517 549 726 588 supertecta.
739 548 861 587 Vulpes

162 595 228 632 est,
243 597 339 634 atque
355 596 411 625 illa
434 595 541 634 priore
558 603 597 625 eo
611 594 775 632 nocivior,
797 601 860 632 quo

161 641 319 671 occultior
332 641 481 672 veniens.
497 639 560 670 Sed
585 639 676 678 capio
699 638 761 669 tibi
775 646 858 669 eam.

160 685 287 716 Primus
297 687 420 725 Moyses
435 686 514 716 dicit
527 695 535 714 ε
548 687 619 716 Non
633 685 739 715 arabis
752 685 785 714 in
793 686 860 722 pri-

161 733 310 769 moqenito
324 732 414 762 bovis.
424 732 491 760 Hoc
501 731 616 760 Paulus
627 729 858 767 interpretans,

160 777 233 806 Non
247 777 442 815 neophytam,
458 775 577 813 inquit,
587 784 624 805 ne
639 776 672 804 in
685 775 860 813 superbiam

160 822 269 858 elatus,
280 823 392 852 incidat
403 823 414 851 i
417 830 434 850 n
440 822 591 859 judicium
601 820 726 850 diaboli.
739 820 778 850 Et
788 828 859 850 rur·

1527 225 1585 257 557

895 282 961 305 suae
982 272 1084 313 ipsius
1105 274 1312 306 conscientiae
1333 278 1498 317 dissipatio
1518 282 1587 319 est,

895 320 946 357 et,
971 321 1057 359 quod
1080 320 1115 350 in
1139 320 1210 358 ipso
1235 320 1302 357 est,
1328 325 1455 358 grandis
1479 325 1586 356 vineae

895 365 1008 403 hujus,
1021 373 1116 405 quam
1128 365 1288 403 plantavit
1300 365 1435 397 dextera
1448 369 1587 401 Domini.

894 412 1008 441 vestrae
1031 410 1160 441 scilicet
1184 411 1331 440 omnium
1346 406 1587 451 unanimitatis,

894 455 1083 487 demolitio?
1093 456 1148 486 Vae
1159 455 1283 485 homini
1291 477 1301 493 ,
1317 463 1376 493 per
1388 464 1484 493 quem
1499 466 1589 487 scan-

893 501 1002 531 dalum
1026 501 1139 533 venit!
1160 502 1221 541 Qui
1245 501 1516 538 scandalizaverit,
1538 503 1584 531 iu-

892 547 980 585 quit,
996 557 1094 578 unum
1115 549 1150 578 de
1175 547 1222 577 his
1243 547 1383 585 pusillis;
1401 546 1518 575 durum
1543 549 1590 578 est

892 593 977 630 quod
988 594 1145 632 sequitur.
1155 592 1281 630 Quanto
1292 591 1422 622 duriora
1433 592 1590 628 meretur,

892 638 948 675 qui
962 639 1084 668 tantam
1094 660 1103 676 ,
1121 639 1153 668 et
1168 639 1235 668 tam
1250 637 1392 667 sanctam
1407 635 1591 666 multitudi-

892 691 968 712 nem
984 683 1198 714 scandalizat?
1212 684 1378 714 Judicium
1392 690 1522 722 prorsus
1534 682 1592 712 du-

892 728 1058 759 rissimum
1073 729 1217 767 portabit
1230 729 1428 768 quicumque
1453 728 1504 759 est
1519 727 1590 758 ille.

891 774 955 804 Sed
969 775 1038 805 haec
1052 775 1146 806 alias.

931 821 962 851 6.
978 822 1068 852 Nunc
1083 830 1162 852 vero
1178 821 1387 852 intendamus
1399 819 1470 858 his,
1487 828 1558 859 quae
1573 828 1592 849 a

161 874 232 895 sum
247 875 255 895 τ
270 867 332 896 Nec
351 867 513 905 qaisquam
520 887 531 903 ‚
554 865 679 903 inquit,
695 866 788 896 sumit
801 865 860 896 sibi
875 872 878 892 1
891 866 1014 904 Sponso
1029 867 1185 897 dicuntur
1205 875 1303 905 super
1316 866 1443 905 pusillis
1458 865 1492 896 et
1506 866 1593 895 astu-

160 912 324 949 honorem,
349 913 401 943 sed
425 913 479 950 qai
501 914 630 943 vocatur
653 921 674 942 a
696 913 761 942 Deo
781 914 860 943 tam-
892 912 932 942 tis
942 912 993 943 his
1000 913 1196 943 animalibus
1205 911 1458 943 demolientibus
1467 911 1592 941 vineas.

160 966 255 995 quam
267 958 387 988 Aaron.
403 958 486 987 Item
501 958 570 996 ipse
583 966 591 986 :
609 959 765 997 Quomodo
778 967 860 996 proe—
874 967 877 997 1
890 958 1019 988 Pusillis
1033 958 1175 988 dixerim
1185 979 1194 995 ,
1207 965 1272 987 non
1286 956 1429 994 malitia,
1443 956 1501 986 sed
1515 956 1592 985 sub-

160 1004 306 1034 dicabunt
315 1025 326 1041 ,
341 1004 404 1041 ait,
418 1004 480 1034 ‘nisi
491 1005 656 1034 mittantur
668 1002 681 1032 ἒ
692 1003 731 1033 Et
741 1003 860 1033 scimus
875 998 878 1018 ¹
891 1002 1023 1034 tilitate.
1040 1003 1189 1033 Astutum
1213 1002 1375 1041 siquidem
1389 1001 1507 1031 natura
1529 1001 1591 1031 hoc

160 1049 309 1079 monachi
326 1049 468 1079 officium
484 1057 552 1079 esse
567 1057 632 1078 non
652 1048 787 1087 docere,
802 1049 859 1078 sed

160 1094 285 1132 lugere.
311 1095 360 1124 Ex
384 1095 436 1124 his
460 1094 689 1132 similibusque
714 1094 860 1125 collectis

160 1139 243 1169 mihi
267 1140 344 1170 texo
368 1140 458 1176 rete,
475 1140 508 1169 et
533 1139 625 1177 capio
650 1140 859 1178 vulpem,ne

160 1185 355 1215 demoliatur
365 1185 507 1215 vineam.
518 1185 565 1213 Ex
572 1184 624 1214 his
632 1193 749 1223 nempe
760 1185 859 1215 claret

160 1231 194 1259 et
207 1232 335 1260 certum
350 1231 416 1268 est,
431 1229 517 1268 quod
537 1229 667 1267 publice
682 1229 859 1268 praedicare

158 1284 220 1307 1100
234 1276 391 1306 monacho
406 1275 576 1313 convenit,
588 1283 648 1305 nec
660 1275 785 1306 novitio
801 1285 859 1306 ex-

158 1322 266 1361 pedit,
279 1330 339 1352 nec
351 1329 416 1352 non
427 1321 525 1352 misso
536 1321 626 1351 licet.
638 1322 734 1351 Porro
750 1321 860 1351 contra

160 1367 230 1396 haec
254 1366 317 1396 tria
340 1366 474 1403 venire,
499 1367 619 1404 quanta
652 1366 859 1396 conscientiae

160 1412 327 1442 demolitio
344 1411 415 1443 est?
429 1413 508 1450 Ergo
524 1411 680 1450 quicquid
704 1412 770 1442 tale
793 1412 860 1441 ani·
874 1385 877 1437 i

160 1465 212 1486 mo
228 1458 438 1495 suggeratur,
454 1457 524 1486 sive
545 1456 589 1486 sit
604 1455 687 1485 illud
700 1455 757 1485 tua
772 1457 859 1494 cogi·
874 1481 875 1500 ¹

159 1503 257 1541 tatio,
274 1503 342 1532 sive
365 1502 522 1531 immissio
544 1510 602 1540 per
624 1501 774 1539 angelum
790 1502 875 1538 ma-J

159 1549 245 1586 lum,
261 1548 402 1578 dolosam
427 1555 561 1585 agnosce
587 1547 810 1586 vulpeculam,
826 1547 875 1586 idj

162 1594 209 1624 est
230 1595 349 1624 malum
366 1593 425 1623 sub
440 1593 550 1632 specie
565 1593 655 1622 boni.
872 1597 875 1639 ἐ

200 1639 230 1669 lt.
246 1640 310 1670 Sed
324 1640 433 1678 aspice
448 1639 557 1668 aliam.
573 1638 716 1676 Quantos
731 1647 775 1669 ex
790 1647 859 1669 mo-
873 1642 875 1684 ζ

158 1686 311 1715 nasteriis
335 1685 453 1723 spiritu
468 1684 633 1714 ferventes
657 1685 760 1715 eremi
785 1685 859 1715 soli-

158 1731 238 1761 tudo
263 1731 424 1769 suscepit,
440 1731 474 1760 et
499 1730 555 1760 aut
579 1729 759 1769 tepefactos
781 1723 875 1761 evo-t

158 1776 259 1814 muit,
274 1776 330 1806 aut
349 1776 456 1806 tenuit
478 1776 588 1806 contra
613 1776 714 1805 eremi
734 1776 857 1815 legem,
873 1772 874 1791 ¹

159 1829 223 1851 11011
249 1822 342 1851 1110110
368 1821 536 1860 1011115505,
561 1821 619 1852 sed
635 1821 735 1852 etiam
757 1822 857 1852 disso-

158 1867 266 1897 lutos?
281 1867 393 1906 sicque
418 1867 570 1906 apparuit
590 1867 796 1906 vulpeculam
811 1867 874 1906 tif-f

158 1913 276 1952 fuisse,
291 1913 348 1943 ubi
365 1913 455 1944 tanta
478 1913 564 1944 facta
580 1913 629 1944 est
644 1913 782 1944 vastatio
806 1914 858 1944 vi-

157 1967 246 1997 neae,
262 1959 296 1989 id
312 1960 361 1990 est
381 1960 458 1990 vitae
483 1960 516 1990 et
533 1959 739 1990 conscientiae
754 1960 858 1990 homi-

156 2005 208 2035 nis
243 2004 487 2035 detrimentum.
511 2004 695 2043 cogitabat,
720 2005 748 2034 si
772 2006 858 2035 solus

158 2051 307 2089 degeret,
332 2051 435 2081 multo
451 2059 485 2081 se
512 2051 707 2089 copiosiores
732 2050 857 2081 fructus

155 2096 292 2134 spiritus
316 2096 566 2135 percepturum,
592 2096 714 2134 quippe
740 2095 796 2135 qui
822 2097 856 2126 in

158 2143 320 2172 communi
332 2142 401 2172 vita
412 2142 539 2172 tantum
551 2141 731 2180 spiritualis
745 2142 855 2180 gratiae
871 2144 874 2172 l

155 2186 271 2217 fuisset
292 2188 459 2225 expertus.
482 2188 521 2217 Et
536 2187 620 2217 bona
644 2186 714 2217 visa
737 2188 786 2217 est
799 2195 855 2217 sua

156 2232 308 2270 cogitatio
319 2233 382 2262 sibi
395 2241 404 2262 ι
421 2232 479 2263 5011
489 2232 538 2263 101
553 2233 662 2263 exitus
677 2232 854 2272 indicavit,

156 2278 259 2315 magis
284 2279 432 2309 eamdem
456 2279 507 2309 illi
532 2279 761 2317 cogitationem
784 2280 855 2310 vul-

157 2331 233 2362 pem
249 2324 482 2354 demolientem
497 2324 611 2354 fuisse.

198 2370 228 2398 5.
244 2369 328 2406 Quid
341 2369 424 2398 illud
439 2369 523 2406 quod
542 2377 600 2399 nos
615 2377 743 2408 quoque
757 2368 855 2400 toties

157 2414 191 2445 in
204 2415 295 2444 domo
308 2414 368 2444 isla
378 2436 386 2451 ,
400 2414 434 2444 et
446 2415 510 2443 tam
526 2413 668 2452 graviter
678 2415 854 2453 inquietat,

155 2461 333 2491 notabilem
343 2460 455 2498 loquor
465 2459 693 2498 quorumdam,
705 2460 761 2498 qui
772 2460 856 2490 inter

156 2515 214 2537 nos
229 2507 320 2545 suut,
342 2506 663 2544 superstitiosamque
689 2506 856 2536 abstinen-

156 2554 236 2582 tiam
247 2574 255 2590 ,
272 2561 314 2582 ex
329 2560 393 2590 qua
407 2561 441 2581 se
457 2551 623 2589 omnibus,
639 2551 769 2589 sibique
786 2560 856 2581 om-

874 1440 878 1472 l

891 1056 992 1086 genus
1004 1049 1054 1079 est
1067 1048 1257 1085 animantis,
1269 1047 1521 1086 promptumque
1536 1046 1592 1076 ad-

890 1094 1022 1123 modum
1047 1094 1088 1123 ad
1113 1094 1297 1124 nocendum
1322 1094 1357 1123 in
1382 1093 1509 1123 occulto
1533 1094 1593 1123 :ct

891 1139 1022 1169 videtur
1030 1139 1113 1169 mihi
1122 1139 1412 1177 congruentissime
1422 1138 1591 1177 designare

890 1185 1104 1215 subtilissima
1118 1185 1267 1223 quaedam
1282 1184 1365 1214 vitia
1389 1184 1499 1222 specie
1520 1183 1592 1222 pal-

890 1230 966 1260 liata
977 1231 1137 1261 virtutum
1147 1252 1156 1268 ,
1167 1230 1315 1269 qualium
1326 1230 1440 1268 utique
1455 1229 1590 1259 sormam

889 1276 1064 1314 praemissis
1075 1276 1115 1306 ad
1125 1276 1278 1306 notitiam
1291 1275 1450 1313 exemplis
1459 1297 1467 1312 ,
1478 1274 1591 1313 paucis

890 1322 987 1360 licet,
1001 1322 1069 1359 J‘am
1091 1322 1329 1360 aliquantisper
1350 1320 1511 1359 expressi.
1526 1321 1591 1349 Nec

890 1367 979 1397 enim
1002 1367 1099 1398 aliter
1121 1375 1240 1397 nocere
1255 1367 1398 1405 queunt,
1415 1366 1479 1395 11151
1504 1365 1590 1403 quod

890 1421 924 1443 se
938 1413 1076 1443 virtutes
1099 1413 1259 1443 virtutum
1282 1411 1421 1450 quadam
1436 1410 1589 1440 similitu-

890 1458 964 1487 dine
990 1457 1204 1487 mentiuntur.
1221 1457 1303 1486 Sunt
1328 1456 1438 1486 autem
1454 1455 1511 1485 aut
1535 1463 1587 1485 co-

889 1504 1061 1541 gitationes
1086 1503 1256 1533 hominum
1280 1509 1392 1539 vanae,
1412 1501 1469 1531 aut
1498 1499 1591 1532 factae

890 1549 1105 1579 immissiones
1138 1556 1198 1587 per
1224 1548 1354 1586 angelos
1388 1546 1506 1584 malos,
1529 1554 1589 1576 an-

889 1595 976 1633 gelos
1000 1595 1138 1631 satanae,
1153 1593 1211 1632 qui
1240 1601 1276 1623 se
1302 1591 1532 1629 transfigurant
1553 1591 1590 1620 111

889 1641 1025 1678 Angelos
1052 1639 1154 1676 lucis,
1182 1638 1334 1677 parantes
1362 1638 1490 1675 saqz‘ttas
1517 1645 1590 1667 suas

889 1686 920 1715 in
938 1685 1107 1724 pharetra,
1122 1684 1184 1713 hoc
1199 1683 1249 1713 est
1268 1683 1302 1712 in
1324 1682 1468 1718 occulto,
1491 1683 1524 1710 at
1538 1690 1592 1711 sa-

889 1733 994 1770 qitlent
1018 1733 1050 1761 in
1082 1730 1208 1761 obscuro
1242 1730 1343 1758 rectos
1370 1729 1470 1757 corde.
1496 1726 1588 1755 Unde

890 1777 922 1806 et
946 1777 1080 1815 pusillas
1096 1783 1150 1806 eas
1165 1775 1298 1814 propter
1322 1774 1383 1803 hoc
1404 1780 1478 1802 reor
1499 1771 1586 1801 dici.

872 1817 974 1861 quod
996 1830 1069 1853 cum
1094 1821 1212 1851 caetera
1237 1819 1320 1849 vitia
1343 1818 1481 1857 quadam
1498 1817 1590 1855 quasi

889 1867 1091 1906 corpulentia
1105 1865 1155 1896 sui
1171 1864 1342 1895 manifesta
1357 1871 1390 1893 se
1405 1862 1586 1901 praebeant,

872 1908 950 1943 'hoc
984 1920 1086 1950 genus
1118 1918 1176 1950 pro
1210 1910 1262 1940 sui
1295 1907 1478 1939 subtilitate
1504 1906 1589 1935 haud

872 1963 873 1974 ¹
889 1959 983 1988 facile
996 1957 1137 1996 agnosci,
1147 1956 1179 1986 et
1191 1955 1264 1985 ideo
1276 1962 1337 1984 nee
1352 1952 1460 1983 caveri
1473 1951 1586 1990 possit,

888 2005 951 2034 nisi
963 2003 1132 2034 dumtaxat
1143 2010 1160 2031 a
1171 2000 1326 2040 perfectis
1341 2000 1376 2029 et
1387 1996 1589 2033 exercitatis,

890 2051 924 2079 et
940 2049 997 2088 qui
1014 2048 1157 2078 habeant
1173 2045 1375 2076 illuminatos
1393 2044 1501 2074 oculos
1521 2050 1589 2072 cor-

871 2086 873 2105 ³
889 2096 936 2125 dis
952 2095 992 2125 ad
1003 2093 1235 2125 discretionem
1246 2092 1323 2121 boni
1335 2091 1369 2121 et
1378 2089 1473 2127 mali,
1486 2087 1590 2117 maxi-

871 2130 873 2141 *
889 2149 1006 2180 meque
1021 2140 1062 2170 ad
1078 2138 1309 2170 discretionem
1325 2135 1517 2175 spirituum,
1533 2132 1590 2171 qui

889 2196 963 2217 cum
980 2185 1131 2225 Apostolo
1146 2184 1271 2223 possint
1285 2183 1395 2213 dicere
1405 2203 1414 2220 ,
1435 2180 1512 2219 quia
1525 2187 1589 2208 non

889 2235 1067 2271 sqnoramus
1082 2232 1212 2262 astutias
1235 2230 1372 2264 satanae,
1388 2235 1483 2265 neque
1508 2226 1591 2263 coyt*-

889 2280 1018 2309 tationes
1033 2277 1108 2314 ejus.
1125 2276 1164 2305 Et
1178 2274 1254 2305 vide
1276 2281 1318 2304 ne
1333 2272 1416 2302 forte
1440 2271 1481 2301 ob
1496 2271 1556 2300 hoc
1571 2278 1589 2298 a

888 2331 1002 2362 sponso
1025 2321 1222 2360 jubeantur,
1239 2323 1304 2350 no'n
1326 2317 1459 2358 quidem
1481 2317 1589 2346 exter-

890 2368 1026 2406 minari,
1039 2369 1092 2398 vel
1107 2367 1211 2405 abigi,
1225 2366 1278 2396 vel
1291 2363 1413 2401 occidi,
1427 2362 1482 2392 sed
1497 2361 1586 2398 capi:

889 2414 975 2453 quod
989 2412 1145 2444 videlicet
1169 2409 1356 2448 hujusmodi
1381 2406 1584 2454 spirituales,

891 2461 1077 2498 dolosasque
1093 2457 1247 2488 bestiolas
1262 2454 1349 2485 omni
1364 2451 1530 2489 vigilantia
1554 2449 1586 2498 et

891 2506 1017 2536 cautela
1041 2503 1211 2535 observari
1233 2499 1378 2539 oporteat
1403 2496 1436 2526 et
1461 2501 1586 2543 exami-

891 2551 979 2589 nari,
996 2551 1089 2581 etsie
1107 2549 1195 2587 capi,
1220 2547 1253 2576 id
1269 2546 1318 2575 cst
1334 2538 1584 2578 comprehendi,

156 2605 216 2628 1105
240 2598 389 2627 molestos
416 2596 579 2627 reddunt?
601 2597 764 2634 Quomodo
790 2605 854 2627 11011
893 2584 1584 2636 11135111111151111.1713001111]111011111101101115,

158 2643 226 2674 liaec
252 2643 319 2683 ipsa
346 2643 504 2674 discordia
531 2644 596 2672 1.·111
623 2643 799 2682 generalis,
823 2644 875 2673 01ἱ
893 2652 963 2673 cum
990 2642 1077 2672 fraus
1100 2639 1261 2679 aperitur,
1287 2642 1358 2665 cum
1383 2630 1586 2662 convincitur
