1830 3073
489 226 544 254 DE
566 222 778 254 DIVERSIS
798 220 949 249 SERMO
976 220 1080 248 XLH.

89 278 195 318 tentia
220 283 348 321 eduxit,
373 281 559 313 obedientia
581 280 616 310 in
636 277 784 310 omnibus

92 332 250 369 deduxit,
283 328 441 368 patientia
482 326 639 364 armavit,
669 323 784 354 caritas

90 379 197 409 verbis
211 377 244 407 et
256 374 420 405 miraculis
432 371 664 403 manifestavit.
673 369 785 400 Absint

90 422 200 461 procul
234 420 453 458 negotiatores
486 419 580 449 terrae
617 416 783 451 Theman,

88 466 241 499 recedant
264 466 324 495 filii
345 467 450 504 Agar,
479 464 536 503 qui
561 460 786 501 exquisierunt

88 512 310 552 prudentiam3
336 511 528 549 elongentur
541 517 559 539 a
573 516 625 538 me
640 507 785 545 gigantes

89 566 107 588 a
131 557 247 587 saeculo
269 556 449 593 nominati,
465 555 521 593 qui
542 554 581 584 ab
597 553 694 583 initio
716 552 786 582 fue-

87 602 167 633 runt
190 603 313 633 statura
330 609 446 641 magna
459 623 469 639 ,
484 599 624 630 scientes
648 599 783 628 bellum.

87 648 156 678 Non
180 648 238 678 hos
254 648 355 686 elegit
369 647 542 683 Dominus,
565 652 672 683 neque
700 644 785 675 viam

87 693 269 732 disciplinae
284 692 491 729 meruerunt,
512 691 685 730 propterea
710 698 787 729 per-

89 740 199 770 ierunt
224 748 232 769 :
262 739 318 769 sed
347 739 438 768 dedit
463 746 535 768 eam
562 738 660 767 Jacob
685 745 786 776 puero

87 793 164 823 suo,
181 786 214 815 et
234 785 333 815 lsrael
353 784 472 814 dilecto
496 792 565 814 suo.
582 783 786 813 Abscondisti

89 831 177 861 enim
197 831 284 869 haec,
310 830 466 867 Domine,
492 838 510 860 a
532 828 733 868 sapientibus
755 830 788 859 et

87 877 317 916 prudentibus,
334 876 516 915 gigantibus
542 875 575 905 et
590 874 767 904 nominatis
778 896 786 912 ‚

87 922 144 961 (1111
161 923 268 961 magni
282 922 358 952 facti
374 922 449 952 sunt
463 921 618 952 videlicet
638 920 672 950 in
687 920 788 950 oculis

88 969 174 1006 suis,
192 969 224 998 et
239 968 392 998 revelasti
413 975 451 997 ea
471 967 617 1006 parqus
634 967 667 997 et
682 967 789 996 humi-

86 1014 177 1044 libus
192 1014 268 1044 tuis.
285 1014 441 1043 Libenter
453 1013 630 1052 amplector
641 1013 789 1051 negotia-

88 1061 212 1091 tionem
225 1061 312 1089 tuam
322 1081 330 1097 ‚
343 1060 418 1097 quia
426 1059 594 1097 negotium
606 1066 714 1088 meum
728 1058 787 1088 est.

89 1107 163 1136 llaec
179 1105 388 1135 mercimonia
403 1114 475 1135 cum
491 1113 614 1135 summa
630 1105 789 1134 suavitate

89 1152 231 1181 ruminat
243 1151 350 1180 anima
365 1159 448 1180 mea.
464 1151 532 1180 Non
551 1151 655 1180 solum
679 1151 789 1180 autem

89 1196 254 1232 ruminat,
271 1195 328 1225 sed
343 1196 375 1224 et
390 1196 522 1225 revocat
537 1195 790 1224 ruminationem

89 1242 178 1270 11111111
196 1253 201 1270 :
220 1241 296 1279 quia
311 1241 344 1270 et
359 1240 513 1278 intelligit
528 1248 599 1277 quae
615 1240 740 1277 diligit,
757 1240 790 1269 et

90 1287 294 1316 commendat
321 1286 489 1316 memoriae
514 1294 586 1323 quae
615 1286 727 1323 elegit.
753 1287 789 1315 111

90 1333 141 1363 1115
162 1332 436 1371 negotiationibus
459 1332 611 1370 praecipis
633 1340 702 1361 esse
723 1332 791 1361 ani-

89 1387 176 1408 mam
190 1387 313 1416 meam,
336 1379 372 1408 ut
397 1378 452 1408 fiat
475 1378 568 1407 navis
583 1377 739 1408 institoris
751 1378 790 1408 de

91 1425 185 1463 longe
202 1426 330 1463 portans
345 1432 464 1463 panem
476 1432 582 1454 suum.
598 1424 792 1461 Negotiabor

90 1471 194 1501 donec
226 1471 355 1509 venias,
382 1469 529 1501 venienti
562 1470 655 1500 laetus
680 1478 790 1500 occur-

91 1525 178 1555 ram,
201 1516 234 1547 et
255 1517 380 1546 utinam
408 1516 537 1546 audiam
563 1524 572 1545 z
597 1517 683 1554 Euqe
710 1524 808 1546 serve

92 1563 179 1593 boue.
193 1563 252 1592 Tui
277 1564 351 1593 sunt
366 1562 439 1592 coeli
455 1562 488 1591 et
503 1563 558 1591 tua
577 1563 625 1591 est
639 1562 742 1599 terra3
761 1562 792 1590 111

92 1608 279 1647 regionibus
294 1608 358 1638 tuis
385 1608 574 1646 negotiabor
595 1615 745 1645 securuS,
762 1608 792 1637 te

93 1653 514 1685 5011111111311611511111111616
533 1653 649 1683 ducem
663 1674 671 1690 ‚
691 1652 724 1682 in
737 1656 809 1691 pc-1

93 1701 206 1731 riculis
221 1700 437 1738 protectorem
451 1720 460 1737 ,
482 1699 665 1729 consortem
687 1699 721 1729 in
736 1700 795 1729 tri·
808 1722 810 1733 >

92 1747 272 1777 bulatione.

135 1793 165 1821 2.
183 1791 342 1829 Regiones
357 1791 420 1820 tuae
436 1790 580 1828 quinque
601 1791 694 1828 sunt,
717 1799 796 1829 quas

95 1837 320 1875 perambulant
332 1836 372 1866 ad
387 1836 617 1874 negotiandum
633 1836 796 1866 institores

94 1882 142 1911 1111
158 1904 166 1919 ,
182 1882 237 1911 ubi
260 1883 292 1911 te
313 1883 461 1919 quaerunt
477 1882 589 1911 dilecti
605 1882 672 1919 tui,
696 1883 729 1912 et
744 1883 797 1912 111-

95 1928 229 1957 veniunt
243 1927 338 1956 electi
352 1927 411 1956 tui.
422 1927 527 1955 Prima
539 1926 628 1964 regio
645 1928 693 1957 est
708 1928 796 1966 regio

93 1973 378 2002 dissimilitudinis
390 1972 512 2002 NobiIIs
527 1972 583 2001 illa
601 1973 747 2003 creatura
764 1975 795 2004 in

93 2019 224 2057 regione
238 2017 465 2048 similitudinis
480 2017 634 2047 fabricata
644 2039 652 2055 ,
667 2018 743 2055 quia
757 2019 795 2048 ad

95 2065 269 2102 imaginem
294 2063 354 2093 Dei
379 2063 462 2092 facta
476 2072 484 2100 3
512 2071 585 2092 cum
613 2063 648 2092 in
674 2063 795 2093 honore

95 2111 201 2149 esset,
223 2118 287 2140 11011
312 2109 496 2147 intellexit,
519 2109 552 2139 et
577 2109 616 2139 de
642 2109 796 2140 similitu-

96 2156 174 2186 dine
213 2156 254 2185 ad
287 2155 587 2185 dissimilitudinem
613 2154 794 2186 descendit.

95 2204 205 2241 Magna
226 2211 356 2240 prorsus
373 2201 601 2232 dissimilitudo
613 2223 622 2239 ,
647 2202 686 2232 de
703 2211 796 2240 para-

95 2249 164 2279 diso
179 2249 219 2278 ad
233 2249 414 2286 infernum,
433 2249 472 2278 de
488 2248 602 2286 angelo
618 2248 796 2285 adjumen-

94 2297 165 2326 tum
176 2317 185 2333 ,
201 2295 240 2326 (16
255 2297 322 2325 Deo
337 2295 377 2325 ad
392 2293 575 2324 diabolum!
595 2295 795 2324 Exsecranda

96 2342 265 2372 conversio
275 2363 284 2379 ,
300 2341 435 2379 gloriam
451 2340 486 2369 in
500 2339 682 2378 miseriam,
695 2340 796 2370 vitam

96 2389 131 2418 in
147 2388 299 2424 mortem,
314 2394 429 2425 pacem
442 2386 476 2415 in
487 2393 626 2424 pugnam
640 2386 797 2423 perpetua

98 2432 287 2472 captivitate
314 2431 524 2461 convertere!
547 2431 715 2460 Maledicta
741 2431 798 2461 (16-

98 2479 235 2515 56611510,
250 2478 289 2507 (16
305 2477 430 2507 divitiis
444 2477 484 2506 ad
498 2476 725 2514 paupertatem
735 2498 744 2515 ‚
757 2477 797 2506 (16

98 2526 250 2555 libertate
267 2523 306 2553 ad
333 2523 525 2553 servitutem
537 2543 546 2559 ,
573 2522 607 2551 et
629 2522 669 2551 de
684 2522 797 2560 requie

100 2572 140 2601 ad
157 2571 299 2600 laborem
315 2568 512 2599 descendere
527 2567 534 2596 !
547 2566 656 2597 Miseri
671 2575 728 2597 nos
739 2589 748 2605 ,
765 2568 798 2598 et

101 2616 331 2646 miserabiliter
355 2615 425 2644 nati
447 2622 455 2642 :
479 2613 598 2652 quibus
623 2612 733 2642 datum
750 2614 799 2644 est

102 2661 190 2693 nasci
212 2661 245 2691 in
259 2668 396 2691 moerore
411 2681 420 2698 ,
436 2659 548 2691 vivore
564 2658 598 2689 in
620 2658 748 2697 labore,
766 2659 799 2689 in

1477 220 1517 251 89

819 275 927 306 dolore
940 275 1034 305 mori.
1051 275 1099 304 De
1124 273 1295 312 peccatore
1312 275 1516 313 peccatores,

819 321 858 351 de
872 320 1021 350 debitore
1035 319 1218 355 debitores,
1231 318 1271 348 de
1286 321 1433 356 corrupto
1449 329 1519 351 cor-

818 366 926 406 rupti,
939 366 980 397 de
996 363 1129 396 subacto
1141 364 1266 395 subacti
1280 386 1289 402 ,
1305 365 1406 402 geniti
1422 366 1455 395 et
1467 375 1519 404 ge-

819 413 971 443 nerantes
996 420 1118 442 sumus.
1141 411 1227 440 Gens
1248 410 1436 449 peccatrix,
1464 419 1520 448 po-

818 459 914 497 pulus
936 458 1042 498 gravis
1066 456 1258 495 iniquitate,
1284 463 1395 485 semen
1419 455 1521 492 pessi-

819 513 928 542 mum,
947 504 1008 534 filii
1024 502 1200 540 scelerati,
1226 501 1383 532 addentes
1397 509 1522 539 praeva-

818 551 1022 581 ricationem.
1037 551 1120 580 Ecce
1134 548 1227 587 quasi
1251 555 1318 577 non
1337 547 1437 577 simus
1450 568 1459 583 ,
1476 545 1523 575 sic

819 605 929 627 sumus
942 604 1049 627 coram
1061 604 1099 626 eo
1109 617 1117 633 ,
1127 594 1218 634 quasi
1229 593 1371 624 nihilum
1383 593 1416 622 et
1427 592 1522 621 inane

819 643 960 682 reputati
974 665 984 681 ,
1012 642 1166 681 putantes
1193 648 1252 670 nos
1276 638 1403 677 aliquid
1429 645 1499 668 esse
1513 658 1524 675 ‚

821 698 894 720 cum
910 689 996 719 nihil
1024 688 1136 719 simus.
1153 685 1323 717 Vulnerati
1343 692 1453 715 sumus
1473 684 1526 713 in-

819 735 1005 773 gredientes
1030 734 1208 771 mundum,
1238 729 1458 762 conversando
1490 729 1525 758 in

819 782 939 812 mundo
950 803 959 819 ,
978 780 1130 811 exeundo
1155 779 1196 809 de
1219 777 1340 808 mundo
1356 785 1364 806 :
1381 784 1398 806 a
1413 773 1525 814 planta

819 828 912 866 pedis
926 835 1029 866 usque
1042 827 1082 857 ad
1093 826 1252 857 verticem
1266 831 1331 854 non
1344 822 1392 852 est
1406 820 1526 851 sanitas

820 875 855 904 in
868 875 974 905 nobis.
987 873 1129 904 Noverat
1143 873 1212 903 haec
1220 871 1278 901 ille
1294 867 1526 900 sublimisPro·

820 921 921 959 pheta
933 941 943 958 ,
965 919 1023 958 qui
1051 919 1172 950 statum
1202 918 1354 947 humanae
1383 911 1524 943 miseriae

822 966 994 1004 deplorans
1006 987 1016 1004 ,
1044 965 1080 995 in
1108 965 1177 994 haec
1205 962 1309 993 verba
1337 957 1485 999 prorupit
1515 966 1524 986 :

822 1013 921 1042 Grave
937 1013 1049 1051 juqum
1074 1012 1118 1041 est
1141 1018 1231 1048 super
1249 1009 1327 1046 filios
1348 1006 1422 1037 Aaae
1438 1014 1458 1034 a
1480 1003 1527 1033 die

821 1060 922 1089 excitus
943 1060 977 1088 de
997 1059 1102 1088 ventre
1126 1056 1237 1086 niatris
1251 1061 1358 1084 eorum
1381 1059 1475 1089 usque
1493 1050 1526 1079 in

821 1105 900 1134 diem
919 1103 1083 1142 sepulturae
1098 1103 1130 1131 in
1144 1102 1277 1130 matrem
1292 1098 1444 1128 omnium.

861 1151 892 1180 5.
922 1150 958 1179 In
986 1150 1048 1179 hac
1082 1143 1357 1177 dissimilitudinis
1392 1141 1525 1180 regione

822 1196 900 1234 quid
917 1195 1122 1233 negotiamur
1133 1191 1270 1222 Domine
1283 1186 1527 1225 Deus3Asp1cio

822 1249 924 1280 genus
939 1241 1120 1270 humanum
1137 1238 1176 1266 ab
1192 1236 1266 1265 ortu
1281 1234 1357 1265 50115
1371 1239 1472 1270 usque
1487 1230 1528 1260 ad

823 1295 972 1317 occasum
987 1285 1086 1322 hujus
1101 1283 1213 1312 mundi
1227 1280 1388 1310 nundinas
1399 1284 1528 1315 peram-

823 1334 936 1363 bulare
951 1340 959 1369 3
990 1331 1069 1360 alios
1098 1328 1232 1359 divitias
1254 1332 1399 1365 quaerere
1410 1345 1420 1361 .‚
1448 1322 1528 1352 alios

823 1378 1001 1409 honoribus
1017 1376 1144 1406 inhiare
1155 1397 1163 1411 ,
1180 1374 1260 1403 31105
1276 1369 1426 1401 favoralis
1442 1375 1528 1397 aurae

823 1425 984 1455 suavitate
1000 1421 1133 1460 raptari.
1147 1420 1211 1450 Sed
1227 1418 1307 1457 quid
1328 1417 1367 1447 de
1383 1412 1530 1445 divitiis?

822 1472 933 1500 Nonne
955 1477 1029 1499 eum
1054 1467 1165 1496 labore
1188 1464 1421 1503 acquiruntur,
1454 1467 1528 1489 cum

823 1517 939 1546 timore
962 1513 1188 1553 possidentur,
1213 1519 1287 1540 cum
1302 1509 1411 1539 dolore
1432 1505 1529 1536 amit-

824 1560 956 1592 tuntur?
971 1558 1181 1589 Thesaurizas
1196 1557 1228 1586 et
1242 1557 1369 1595 ignoras
1384 1553 1437 1583 cui
1453 1559 1529 1582 con-

825 1607 973 1647 gregabis
989 1614 1038 1635 ea.
1052 1604 1134 1634 tide
1146 1604 1301 1642 quantum
1313 1601 1459 1630 laborem
1471 1604 1528 1635 pro

825 1653 982 1693 perituris
1009 1650 1133 1681 divitiis
1157 1646 1371 1686 assumpsisti.
1400 1642 1530 1673 Transis

826 1700 928 1729 maria
939 1721 948 1737 ,
971 1698 1004 1728 et
1030 1697 1131 1727 alium
1146 1695 1207 1725 tibi
1222 1694 1335 1724 orbem
1351 1690 1457 1730 aperis
1471 1697 1530 1718 na-

826 1744 982 1782 vigando,
1013 1741 1192 1772 secundum
1209 1737 1400 1777 Sapientem
1426 1734 1530 1764 tribus

828 1790 937 1827 digitis
953 1788 1075 1817 distans
1090 1794 1107 1815 3
1122 1786 1243 1821 morte3
1269 1783 1407 1821 patriam
1426 1779 1529 1817 fugis,

828 1834 985 1873 rel'inquis
996 1832 1148 1871 parentes
1157 1853 1166 1868 ,
1179 1828 1348 1859 divelleris
1362 1827 1402 1856 ab
1413 1831 1530 1861 uxore,

829 1883 910 1912 [ilios
937 1879 1061 1916 nescis,
1089 1878 1121 1907 et
1146 1875 1292 1906 omnium
1315 1869 1532 1903 necessitudi-

828 1936 904 1958 num
923 1926 1044 1956 ohlitus
1057 1946 1066 1961 ,
1087 1922 1206 1961 quaeris
1230 1922 1269 1950 ut
1293 1919 1459 1958 acquiras,
1477 1924 1531 1946 ac-

828 1973 929 2012 quiris
961 1972 998 2001 ut
1032 1969 1166 2008 perdas,
1197 1966 1308 2005 perdis
1342 1966 1380 1995 ut
1409 1963 1530 1993 doleas.

828 2020 902 2050 Filii
915 2019 1092 2052 11011111111111,
1108 2022 1263 2053 usquequo
1281 2008 1486 2050 pravicorde?
1497 2009 1532 2037 ut

829 2064 1033 2103 (11111111ἱ1191115
1046 2062 1235 2095 vanitatem,
1255 2061 1282 2088 et
1297 2057 1433 2096 quoeritis
1446 2061 1532 2084 men-

828 2109 980 2140 (111611111ιὲ
1003 2109 1080 2145 Quae
1106 2107 1154 2137 est
1184 2106 1244 2135 ista
1269 2101 1451 2138 dementia,
1470 2099 1531 2129 filii

828 2157 929 2186 Adam
942 2178 951 2193 a
982 2153 1119 2184 circuire
1147 2152 1246 2181 maria
1258 2172 1266 2188 ,
1303 2146 1532 2186 perambulare

828 2204 931 2233 terras
944 2223 953 2238 ,
970 2199 1040 2238 rapi
1057 2199 1150 2229 extra
1172 2195 1347 2231 mundum,
1364 2193 1398 2222 in
1412 2191 1532 2222 labori-

829 2250 889 2279 bus
907 2245 1059 2286 plurimis
1072 2267 1080 2283 ,
1097 2244 1132 2274 in
1146 2242 1268 2281 vigiliis
1288 2239 1420 2277 multis,
1435 2238 1469 2268 in
1483 2237 1532 2274 je-

827 2294 929 2333 juniis
946 2291 1070 2323 crebris
1082 2313 1092 2329 ,
1104 2291 1138 2319 in
1150 2288 1308 2319 mortibus
1323 2282 1533 2323 frequenter?

830 2343 910 2371 Ecce
926 2339 1037 2377 quales
1052 2336 1191 2367 divitiae.
1207 2334 1271 2365 Sed
1285 2332 1365 2372 quid
1379 2331 1420 2361 de
1431 2331 1532 2360 hono-

830 2386 984 2416 ribus‘ssn
993 2383 1125 2414 sublimi
1137 2383 1207 2412 loco
1222 2379 1344 2419 positus
1356 2386 1402 2414 es,
1415 2376 1532 2406 ducem

830 2434 863 2463 te
880 2429 1134 2462 constituerunt.
1150 2427 1234 2457 Vide
1254 2425 1281 2456 si
1299 2432 1366 2455 non
1385 2422 1533 2460 judican-

832 2477 891 2507 dus
907 2485 942 2507 es
966 2475 1005 2505 ab
1021 2473 1172 2504 omnibus
1183 2494 1193 2511 ,
1210 2471 1250 2501 ab
1272 2468 1422 2500 omnibus
1441 2473 1533 2504 spec-

832 2522 948 2552 tandus
957 2543 966 2559 ,
978 2521 1018 2550 ab
1030 2519 1179 2550 omnibus
1186 2515 1385 2548 lacerandus.
1394 2512 1426 2542 Si
1438 2511 1533 2540 miles

833 2577 885 2605 es,
912 2567 1056 2597 excubas
1081 2566 1157 2595 ante
1173 2563 1289 2593 limina
1302 2557 1459 2598 principis
1471 2577 1481 2593 ‚
1496 2556 1532 2585 ut

833 2613 1051 2652 principatum
1068 2610 1232 2648 acquiras,
1248 2607 1281 2636 et
1296 2604 1415 2635 ferrato
1430 2601 1531 2632 vesti-

834 2660 884 2690 tus
900 2658 1041 2695 amictu,
1063 2657 1194 2695 propior
1222 2662 1257 2682 cs
1279 2649 1407 2682 vulneri
1433 2654 1531 2686 quain
