1846 3078
668 297 992 338 PARABOLAE

385 404 420 437 S.
452 402 735 437 BERNARDO
765 401 935 437 VULGO
966 400 1278 436 ADSCRIPTAE.

293 567 569 600 PARABOLA
601 568 635 599 Ι.

307 644 347 667 De
361 643 459 673 Pugna
470 644 620 674 spirituali.

157 706 187 736 1.
202 707 274 735 Rex
290 705 382 735 dives
397 706 430 734 et
446 706 627 743 praepotens
643 706 730 735 Deus
746 713 816 735 om-

117 752 267 790 nipotens
291 751 395 780 filium
422 750 484 780 sibi
519 750 599 780 fecit
630 751 815 788 hominem,

116 806 212 835 quem
238 796 421 834 creaverat,
436 795 489 826 cui
514 795 600 825 sicut
616 803 718 833 puero
733 795 818 825 deli-

116 843 187 872 cato
203 842 389 880 paedagogos
411 840 574 878 delegavit
588 841 708 879 Legem
719 862 728 880 ,
744 841 818 871 Pro-

116 887 248 925 phetas,
262 889 459 925 caeterosque
485 887 610 916 tutores
635 887 670 917 et
692 887 818 917 actores

114 941 217 971 usque
233 933 273 962 ad
292 932 488 970 praefinitum
508 932 638 970 tempus
653 931 724 969 ejus
739 940 817 962 con-

114 978 349 1008 summationis.
366 977 525 1008 Instruxit
541 986 616 1007 eum
630 978 663 1007 et
676 978 815 1016 monuit,

115 1023 283 1053 dominum
318 1031 394 1053 eum
426 1023 567 1061 paradisi
593 1023 816 1062 constituens3

116 1077 290 1107 omnesque
310 1069 478 1099 thesauros
501 1069 612 1106 gloriae
636 1077 702 1099 suae
719 1069 750 1100 ei
766 1078 817 1100 os-

117 1115 254 1145 tendens
269 1115 302 1145 et
315 1114 565 1153 repromittens,
582 1114 609 1144 si
625 1123 659 1145 se
674 1123 741 1145 non
759 1115 817 1146 de-

117 1161 249 1191 sereret.
266 1161 304 1190 Et
318 1169 359 1190 ne
374 1160 454 1199 quid
474 1160 602 1191 deesset
616 1161 710 1191 bonis
726 1162 814 1200 ejus,

116 1205 216 1235 etiam
231 1206 369 1236 liberum
382 1205 552 1235 arbitrium
565 1206 596 1235 ei
613 1206 768 1246 indulsit,
781 1209 818 1238 ut

118 1251 236 1280 bonum
272 1251 343 1287 ejus
368 1251 452 1280 esset
484 1251 725 1290 voluntarium,
751 1261 816 1282 non

117 1298 273 1327 coactum.
285 1297 424 1334 Accepta
440 1296 572 1327 licentia
587 1297 662 1327 boni
679 1298 713 1328 et
725 1300 816 1337 mali,

118 1341 216 1380 coepit
231 1350 306 1371 eum
322 1342 441 1371 taedere
457 1342 615 1372 bonorum
635 1351 783 1382 suorum,
800 1353 817 1375 a

119 1387 379 1425 concupiscentia
405 1387 529 1417 sciendi
555 1388 678 1418 bonum
702 1389 735 1418 et
752 1398 818 1419 ma-

118 1434 196 1462 lum.
216 1434 368 1471 Egressus
388 1432 488 1471 igitur
503 1433 543 1463 de
558 1434 708 1471 paradiso
724 1435 817 1465 bonae

116 1478 344 1516 conscientiae,
374 1486 460 1508 nova
483 1486 632 1516 quaerens
656 1487 729 1516 quae
759 1488 817 1509 ne-

115 1523 255 1562 sciebat,
269 1524 419 1562 quinulla
431 1523 536 1553 adhuc
551 1524 613 1553 nisi
624 1524 707 1554 bona
720 1533 818 1555 nove—

116 1570 183 1606 ταῖς
205 1570 347 1608 paternis
363 1569 489 1607 legibus
505 1570 538 1599 et
559 1569 742 1608 paedagogis
764 1579 818 1601 re-

117 1615 221 1654 lictis,
247 1615 456 1645 manducavit
487 1615 527 1645 de
557 1615 645 1652 ligno
668 1616 816 1646 scientiae

116 1660 192 1690 boni
209 1662 242 1691 et
265 1661 342 1690 mali
358 1661 469 1690 contra
483 1660 624 1690 vetitum
639 1660 742 1691 Patris
757 1670 765 1690 :
782 1663 815 1691 et

116 1707 317 1737 abscondens
332 1714 366 1736 se
382 1706 500 1743 miser,
513 1705 547 1735 et
561 1705 688 1744 fugiens
702 1714 720 1736 a
735 1706 817 1737 facie

116 1753 266 1790 Domini,
291 1752 392 1791 coepit
417 1752 527 1790 vagari
551 1760 634 1790 puer
659 1752 819 1791 insipiens

116 1806 175 1836 per
200 1798 327 1828 montes
350 1797 550 1835 altitudinis,
567 1805 626 1835 per
647 1798 749 1828 valles
765 1807 819 1828 cu·

116 1843 271 1873 riositatis
280 1865 289 1881 ,
302 1852 362 1881 per
373 1851 502 1881 campos
517 1843 661 1874 licentiae
670 1866 679 1882 ,
691 1852 750 1882 per
761 1852 819 1874 ne-

116 1897 203 1919 mora
218 1890 358 1920 luxuriae
368 1911 377 1927 ,
389 1897 449 1928 per
463 1889 598 1927 paludes
610 1890 814 1928 voluptatum

116 1935 314 1974 carnalium,
330 1944 387 1975 per
402 1935 524 1965 fluctus
544 1943 697 1965 curarum
719 1945 820 1967 saecu-

116 1980 244 2011 larium.

156 2027 187 2056 2.
205 2026 325 2057 Videns
341 2027 451 2057 autem
467 2026 619 2065 antiquus
634 2028 742 2066 praedo
758 2028 817 2058 las—

115 2073 225 2103 civum
241 2081 381 2111 puerum
396 2073 465 2103 sine
491 2073 625 2103 custode
636 2096 645 2111 ,
662 2075 731 2104 sine
747 2083 819 2104 rec·

115 2120 202 2156 tore,
219 2119 330 2157 procul
346 2127 363 2148 a
383 2118 476 2148 domo
496 2119 600 2149 Patris
622 2120 794 2158 vagantem
811 2129 818 2157 ;

114 2165 265 2202 accessit,
290 2166 324 2194 et
345 2165 476 2203 pomula
505 2165 561 2194 illa
583 2165 817 2196 inobedientiae

115 2218 214 2240 manu
235 2210 327 2240 malae
343 2211 562 2248 persuasionis
584 2211 615 2240 ei
630 2211 817 2250 porrigens,

114 2257 284 2295 postquam
300 2256 340 2286 ab
356 2265 394 2286 eo
410 2265 600 2287 consensum
615 2258 749 2295 elicuit,
767 2266 819 2296 ag-

114 2309 242 2340 gressus
257 2302 306 2332 est
329 2302 504 2340 miserum,
521 2303 555 2333 et
570 2304 605 2333 in
627 2304 749 2334 terram
763 2304 817 2343 ,id

115 2347 165 2377 est
180 2347 214 2377 in
230 2347 361 2378 terrena
377 2355 454 2378 eum
467 2348 646 2387 desideria,
663 2350 816 2388 praecipi—

115 2393 207 2431 tans,
222 2393 405 2432 pedesque,
429 2393 463 2423 id
478 2395 526 2424 est
540 2395 660 2425 mentis
675 2395 818 2424 affectio-

115 2447 192 2477 nes,
213 2447 254 2468 ne
270 2440 433 2477 resurgat,
450 2439 635 2470 fortissimis
660 2440 690 2470 ei
717 2449 817 2471 saecu-

114 2483 194 2514 laris
209 2484 479 2523 concupiscentiae
502 2484 643 2515 vinculis
663 2485 815 2524 alligans,

114 2537 295 2569 manusque
314 2530 528 2569 operationis,
551 2531 584 2561 et
604 2531 714 2561 oculos
727 2539 817 2561 men·

115 2576 177 2614 tis,
193 2576 281 2606 misit
296 2584 372 2606 eum
388 2575 422 2606 in
445 2576 555 2606 navim
576 2577 669 2606 malae
693 2577 816 2607 securi-

117 2622 211 2662 tatis,
227 2622 261 2655 et
281 2621 380 2653 flante
396 2621 612 2653 vehementer
626 2622 725 2654 vento
741 2623 817 2654 adu·

851 566 997 605 lationis,
1010 564 1192 596 transvexit
1204 574 1279 596 eum
1297 566 1329 596 in
1343 565 1548 604 longinquam

851 613 1016 650 regionem
1032 612 1320 642 dissimilitudinis.
1336 612 1479 641 Veniens
1494 612 1549 640 illc

851 658 884 686 in
905 657 1070 696 regionem
1094 666 1159 688 non
1182 665 1292 695 suam,
1308 657 1434 687 venalis
1449 656 1552 686 factus

850 703 900 732 est
939 704 1108 741 omnibus,
1144 704 1200 742 qui
1238 702 1553 742 praetergrediuntur

850 748 949 778 viam.
975 749 1080 779 Discit
1104 757 1217 787 porcos
1243 757 1393 787 pascere,
1419 748 1553 786 siliquas

850 802 1019 832 porcorum
1035 795 1229 824 manducare
1257 803 1264 824 z
1281 794 1419 824 dediscit
1444 793 1552 824 omnia

850 848 922 878 quae
937 840 1115 879 didicerat,
1129 842 1162 871 et
1177 841 1274 871 discit
1289 849 1361 879 quae
1372 839 1553 877 nesciebat,

851 886 984 915 servilia
1008 886 1137 916 scilicet
1160 893 1270 924 opera.
1292 887 1493 924 vinctusque
1518 884 1553 914 in

851 931 1085 970 desperationis
1110 941 1260 970 carcere,
1275 932 1333 962 ubi
1359 932 1393 962 in
1410 931 1553 962 circuitu

852 978 945 1016 impii
959 978 1145 1016 ambulant,
1159 979 1193 1008 in
1207 979 1291 1008 mola
1306 978 1417 1016 impiae
1433 976 1553 1007 circui-

851 1023 948 1054 tionis
961 1024 1085 1062 cogitur
1096 1024 1217 1054 molere
1230 1023 1451 1054 emolumenta
1458 1022 1552 1052 malae

851 1069 1069 1099 conscientiae.
1082 1070 1141 1098 Pro
1157 1068 1268 1098 dolor!

890 1115 920 1144 5.
938 1116 975 1145 Et
990 1114 1047 1144 ubi
1068 1114 1161 1144 modo
1184 1115 1233 1144 est
1251 1115 1346 1145 Pater
1361 1114 1418 1144 ille
1433 1113 1552 1153 poten-

850 1160 994 1191 tissimus
1008 1161 1041 1191 et
1062 1160 1269 1190 dulcissimus
1281 1161 1376 1198 atque
1392 1160 1553 1190 liberalis-

850 1207 951 1237 simus
961 1206 973 1235 ἓ
985 1206 1146 1244 Numquid
1161 1207 1268 1244 potest
1282 1206 1431 1237 oblivisci
1448 1205 1553 1236 filium

851 1253 935 1283 uteri
952 1251 1026 1282 sui?
1043 1252 1155 1290 Absit,
1179 1252 1276 1283 absit.
1291 1253 1359 1282 Non
1386 1251 1553 1282 oblivisci-

850 1299 921 1336 tur,
945 1298 1004 1328 sed
1025 1298 1217 1336 miseretur,
1244 1298 1394 1328 condolet
1417 1298 1451 1328 et
1479 1305 1553 1327 con-

849 1345 998 1383 queritur
1020 1344 1059 1373 de
1075 1344 1223 1374 absentia
1238 1345 1271 1374 et
1286 1343 1470 1381 perditione
1491 1342 1553 1373 filii

850 1389 912 1418 sui.
930 1388 1060 1418 Mandat
1085 1388 1219 1426 amicis,
1244 1387 1402 1418 sollicitat
1425 1396 1552 1425 servos,

850 1441 1025 1472 omnesque
1063 1433 1200 1463 suscitat
1234 1433 1276 1463 ad
1316 1432 1554 1472 requirendum

850 1487 936 1509 eum.
954 1480 1042 1509 Unus
1064 1487 1231 1508 servorum
1246 1479 1371 1517 Timor,
1388 1479 1428 1508 ad
1449 1479 1554 1518 impe-

849 1524 933 1553 rium
950 1523 1099 1562 Domini,
1112 1523 1171 1553 filii
1184 1523 1315 1562 fugitivi
1328 1524 1467 1563 vestigia
1482 1533 1554 1563 pro-

849 1577 1004 1608 sequens,
1026 1569 1060 1599 in
1085 1569 1243 1608 profundo
1260 1570 1400 1600 carceris
1425 1571 1554 1601 invenit

849 1615 953 1644 filium
985 1614 1099 1652 Regis,
1124 1615 1310 1645 carnalibus
1344 1615 1553 1653 peccatorum

850 1660 998 1690 sordibus
1023 1660 1182 1698 obsitum,
1204 1660 1345 1690 vinculis
1370 1661 1404 1690 et
1429 1661 1553 1690 catenis

849 1707 942 1735 malae
965 1705 1212 1735 consuetudinis
1227 1706 1380 1744 ligatum,
1397 1706 1552 1736 miserum

851 1752 883 1781 et
908 1752 1090 1789 amentem,
1116 1751 1151 1781 in
1176 1751 1318 1781 miseriis
1343 1760 1492 1782 securum
1519 1753 1553 1782 et

850 1797 1010 1828 ridentem
1028 1806 1035 1826 z
1052 1805 1148 1835 quem
1173 1797 1283 1827 verbis
1300 1797 1334 1826 et
1358 1797 1552 1827 verberibus

850 1851 966 1882 urgens
979 1844 1015 1873 ut
1030 1843 1138 1873 exiret
1150 1843 1182 1872 et
1197 1843 1338 1881 rediret,
1351 1843 1440 1872 tanta
1457 1842 1551 1872 mise-

851 1897 921 1918 rum
937 1888 1125 1918 confusione
1148 1888 1286 1926 dejecit,
1302 1889 1338 1918 ut
1352 1888 1438 1917 sicut
1453 1889 1550 1918 morti

848 1934 913 1971 jam
939 1934 1067 1964 vicinus
1089 1934 1232 1972 jaceret,
1260 1935 1293 1964 et
1313 1934 1495 1964 adhaereret
1516 1934 1551 1963 in

851 1981 936 2010 terra
961 1981 1078 2010 venter
1100 1979 1181 2016 ejus.
1198 1980 1349 2018 Egressus
1374 1988 1391 2009 e
1414 1979 1552 2018 vestigio

851 2027 950 2064 alius,
986 2026 1036 2055 cui
1079 2034 1199 2056 nomen
1238 2026 1334 2064 Spes,
1370 2026 1551 2064 vidensque

850 2072 953 2102 filium
967 2072 1064 2111 Regis
1079 2080 1096 2101 a
1112 2072 1229 2101 timore
1249 2079 1312 2101 non
1329 2072 1479 2109 erutum,
1495 2072 1551 2101 sed

850 2118 1000 2148 obrutum
1012 2126 1019 2155 3
1033 2126 1097 2148 non
1110 2118 1255 2155 adjutum
1265 2139 1273 2155 ,
1287 2118 1344 2147 sed
1359 2117 1525 2155 deiectum
1540 2126 1548 2145 t

850 2164 985 2194 accessit
1016 2164 1154 2201 leniter,
1181 2164 1214 2193 et
1237 2163 1397 2194 suscitans
1421 2171 1440 2193 a
1465 2163 1552 2193 terra

850 2209 997 2248 inopem,
1015 2210 1047 2240 et
1062 2210 1101 2240 de
1124 2211 1263 2240 stercore
1287 2210 1413 2247 erigens
1427 2217 1552 2248 paupe—

850 2264 938 2294 rem,
960 2257 1136 2294 levansque
1163 2256 1260 2294 caput
1281 2256 1370 2293 ems,
1392 2256 1426 2286 et
1440 2256 1551 2285 coacta

851 2302 885 2332 in
910 2310 1011 2332 unum
1042 2301 1270 2332 consolationis
1294 2302 1406 2340 veste,
1439 2301 1551 2331 oculos

851 2347 921 2385 ejus
937 2347 1108 2386 detergens
1124 2347 1157 2377 et
1168 2347 1285 2377 faciem
1299 2356 1307 2377 τ
1321 2347 1408 2384 Heu,
1425 2346 1548 2384 inquit,

850 2393 962 2432 quanti
987 2393 1182 2423 mercenarii
1198 2393 1232 2423 in
1257 2393 1351 2423 domo
1375 2392 1476 2421 Pati-Is
1501 2390 1549 2419 tui

850 2439 1016 2470 abundant
1037 2439 1194 2478 panibus,
1212 2440 1248 2469 tu
1263 2440 1370 2469 autem
1395 2436 1448 2466 hic
1464 2436 1548 2465 sanie

851 2485 957 2523 peris!
974 2485 1093 2524 Surge,
1109 2485 1260 2521 obsecro,
1277 2484 1310 2513 et
1331 2482 1412 2512 vade
1433 2481 1473 2510 ad
1491 2481 1548 2509 Pa-

853 2531 934 2561 trem
959 2531 1071 2569 tuum,
1089 2531 1122 2561 et
1145 2530 1196 2560 dic
1217 2530 1271 2559 ei:
1295 2529 1406 2564 Pater,
1429 2526 1479 2555 fac
1494 2533 1547 2555 me
1576 2555 1595 2568 ἢ

851 2577 933 2607 sicut
956 2585 1057 2607 unum
1074 2585 1116 2608 ex
1131 2573 1341 2605 mercenariis
1356 2572 1433 2603 tuis.
1456 2573 1546 2601 Tunc

852 2623 909 2655 ille
924 2623 1055 2655 tandem
1078 2622 1135 2654 vix
1151 2621 1190 2652 ad
1209 2628 1243 2651 se
1259 2618 1420 2650 modicum
1434 2625 1546 2649 rever-
