1846 3078
524 220 572 249 IN
595 219 796 250 CANTmA
818 218 970 249 SERMO
996 221 1132 251 LXXV.

111 272 281 312 frumenti,
295 274 372 305 etde
382 274 472 313 petra
485 274 572 305 melle
586 276 737 305 saturavit
749 283 809 305 eos.

110 319 219 357 Quos?
237 320 361 350 Inimici
377 320 506 350 Domini
528 321 648 350 mentiti
672 322 745 350 sunt
771 321 810 350 ei.

112 367 198 403 Quos
211 365 308 395 melle
324 364 446 394 cibavit
461 364 495 394 et
507 365 614 403 adipe,
629 364 665 395 hi
681 365 812 395 mentiti

112 411 188 441 sunt
212 411 242 440 ei
265 409 342 439 facti
365 409 488 440 inimici
511 419 519 439 :
541 411 617 449 quia
638 411 811 441 veritatem

111 455 223 495 gratiae
237 463 301 485 non
314 455 508 491 junxerunt.
530 456 578 486 De
600 457 719 494 quibus
733 456 811 485 alibi

110 501 230 531 habes:
246 501 320 530 Filii
330 502 424 530 alieni
437 503 557 532 mentiti
568 504 640 532 sunt
656 502 742 538 mihi,
756 502 814 538 filii

111 547 206 577 alieni
218 542 378 575 {meter-ati
392 549 477 583 sunl,
491 548 519 576 et
531 548 777 576 claudicaverunt
792 556 809 576 a

109 592 222 622 semitis
246 592 320 621 suis.
346 591 466 627 Quidni
489 591 726 630 claudicarent,
747 600 811 621 uno

109 637 194 675 pede
209 637 320 674 gratiae
336 638 481 667 contenti
492 659 501 674 ,
518 638 550 666 et
565 646 628 666 non
646 646 812 676 apponen-

109 683 160 712 tes
180 681 376 712 veritatem?
395 683 464 711 Erit
487 682 587 720 igitur
608 684 738 720 tempus
756 691 812 712 eo-

109 736 183 757 rum
199 728 232 757 in
248 728 382 765 saecula,
395 728 479 757 sicut
493 729 527 757 et
550 728 709 766 principis
725 728 812 766 ipso-

108 782 182 804 rum
193 796 202 811 ,
215 773 272 812 qui
290 774 323 803 et
334 774 404 812 ipse
417 774 451 802 in
465 774 604 803 veritate
620 781 684 802 non
699 773 809 811 stetit,

108 820 167 849 sed
196 820 259 849 fuit
294 820 436 848 mendax
461 819 500 848 ab
531 819 625 849 initio
636 840 645 856 ,
672 819 810 858 ideoque

107 865 235 895 audivit
249 873 257 893 :
274 866 437 895 Perdidisti
450 866 482 894 in
502 865 606 894 decore
623 867 674 895 tuo
688 867 812 904 sapien-

107 911 197 940 tiam.
220 910 298 940 Nolo
318 910 485 948 decorem,
510 911 567 949 qui
583 910 666 940 mihi
682 911 813 949 sapien-

106 955 187 985 tiam
199 956 304 986 tollat.

149 1001 200 1031 10.
214 1001 338 1038 Quaeris
349 1001 422 1039 quis
433 1001 490 1031 ille
502 1001 570 1031 tam
583 1001 712 1040 noxius,
728 1002 810 1031 tam-

108 1055 172 1084 que
195 1047 398 1085 perniciosus
427 1046 542 1077 decor?
571 1048 668 1077 Tuus.
697 1048 827 1092 Adhuc)

107 1092 193 1122 forte
213 1093 283 1122 sine
300 1093 471 1123 intellectu
493 1092 546 1123 es?
566 1094 699 1123 Planius
720 1093 827 1123 audi.¹

1477 232 1539 263 599

844 273 891 304 An
925 283 1004 306 vero
1038 283 1103 305 non
1142 276 1262 315 perditi
1278 299 1288 317 ,
1322 289 1400 320 quos
1433 287 1538 317 nescit

845 320 932 350 Deus
943 320 956 351 ἓ

883 366 933 396 ll.
951 367 1047 397 Porro
1063 366 1173 397 autem
1195 366 1338 405 virgines
1351 370 1446 404 fatuae
1461 383 1538 413 quas

844 411 976 448 quidem
997 421 1060 442 non
1076 412 1206 443 aliunde
1232 413 1336 444 fatuas
1357 419 1451 456 puto,
1474 422 1539 451 nisi

844 457 917 493 quia
931 457 1078 488 dicentes
1092 467 1126 488 se
1144 466 1213 488 esse
1236 459 1400 497 sapientes
1411 482 1420 497 ,
1435 464 1539 494 stultae

846 501 935 532 tactae
956 505 1049 540 sunt3
1064 504 1126 542 hae,
1143 505 1274 543 inquam
1285 526 1295 543 ,
1312 513 1329 534 a
1344 506 1412 535 Deo
1427 508 1541 538 audire

846 547 964 578 habent
986 558 994 577 :
1013 550 1121 579 Nescio
1145 560 1210 581 vos.
1227 550 1266 580 Et
1292 550 1372 580 item
1387 551 1459 589 illi,
1485 553 1543 589 qui

843 592 977 629 gratiam
993 594 1222 625 miraculorum
1246 595 1285 624 ad
1299 603 1391 625 suam
1406 604 1545 633 usurpa-

845 640 960 668 verunt
987 640 1141 678 gloriam,
1158 641 1375 671 nihilominus
1397 641 1543 671 audituri

843 682 934 720 sunt,
951 684 1026 721 quia
1046 692 1109 713 non
1127 687 1198 715 nori
1211 695 1263 716 vos
1278 696 1288 716 .-
1304 688 1342 716 ut
1355 686 1479 724 liquido
1499 694 1543 716 ex

843 727 892 756 his
908 728 1075 767 clarescat,
1088 731 1222 767 gratiam
1234 739 1298 760 non
1306 732 1469 770 prodesse,
1484 731 1543 762 ubi

842 772 960 802 veritas
970 781 1034 802 non
1045 776 1093 804 est
1105 775 1139 804 in
1148 775 1328 806 intentione
1338 786 1347 814 ς
1360 777 1417 807 sed
1429 778 1542 808 obesse

841 819 952 856 magis.
970 820 1007 849 Et
1022 820 1154 857 quidem
1169 830 1269 859 penes
1285 822 1442 860 Sponsum
1453 824 1544 853 ulra-

841 872 903 900 que
931 873 994 894 res.
1018 866 1166 904 Denique
1189 869 1291 905 qratia
1306 871 1334 898 et
1351 870 1465 899 veritas
1488 878 1544 907 per

840 911 944 939 Jesum
961 911 1116 941 Christum
1141 912 1226 950 facta
1246 915 1310 950 est,
1335 914 1381 944 ait
1402 915 1544 947 Joannes

785 968 794 976 ·
841 956 993 993 Baptista.
1011 957 1043 986 Si
1065 965 1141 996 ergo
1163 966 1235 988 cum
1257 968 1320 988 una
1343 960 1457 998 quavis
1483 961 1542 990 ha-

841 1009 913 1030 rum
935 1002 1005 1031 sine
1027 1004 1128 1033 altera
1154 1005 1333 1042 pulsaverit:
1357 1006 1398 1035 ad
1422 1007 1541 1036 ostium

840 1055 947 1076 meum
972 1048 1130 1079 Dominus
1161 1050 1253 1080 Jesus
1278 1051 1421 1082 Christus
1451 1051 1540 1091 (ipse

841 1093 887 1121 est
898 1093 985 1121 enim
995 1094 1054 1123 Dei
1067 1095 1221 1133 Yerbum,
1236 1096 1350 1126 animae
1362 1105 1496 1134 sponsus
1509 1096 1539 1137 :)

107 1139 273 1177 Privatus,
290 1139 450 1176 proprius.
472 1139 539 1168 Non
562 1140 729 1176 culpamus
753 1139 811 1169 do-
824 1152 827 1183 ἱ
841 1137 974 1168 intrabit
987 1147 1061 1169 sane
1076 1149 1139 1170 non
1151 1142 1313 1179 tamquam
1325 1151 1472 1181 sponsus,
1483 1144 1540 1173 sed

108 1191 201 1221 num,
217 1184 273 1214 sed
288 1192 396 1214 usum.
413 1185 563 1222 Denique
579 1185 605 1213 si
619 1184 808 1223 advertisti,
824 1187 826 1198 ²

108 1237 174 1260 non
194 1230 229 1258 in
246 1229 380 1267 decore,
397 1229 454 1259 sed
469 1231 500 1259 in
514 1239 568 1260 suo
584 1231 689 1260 decore
704 1230 809 1261 dictus
824 1218 826 1243 Ι

109 1277 160 1305 est
180 1275 238 1306 ille
258 1276 437 1313 perdidisse
464 1277 670 1314 sapientiam.
691 1277 728 1305 Et
756 1275 809 1314 (ni

107 1320 221 1360 fallor)
245 1330 329 1351 unus
348 1321 463 1359 Angeli
477 1344 486 1359 ,
508 1323 689 1359 animaeque
713 1322 809 1352 decor

106 1367 177 1404 ipsa
200 1368 261 1397 est.
283 1366 368 1403 Quid
394 1367 482 1396 enim
504 1369 558 1397 vel
588 1367 656 1397 haec
677 1368 730 1397 vel
752 1367 825 1409 ille,

107 1412 227 1449 absque
244 1412 426 1449 sapientia,
451 1412 514 1442 nisi
529 1412 618 1442 rudis
638 1412 809 1443 deformis-

107 1466 171 1496 que
187 1458 322 1487 materia
339 1457 406 1486 est?
420 1459 463 1487 Ea
479 1466 553 1496 ergo
572 1459 627 1487 ille
642 1466 706 1487 non
715 1460 808 1490 modo
822 1471 824 1476 ’

841 1184 1002 1222 tamquam
1015 1185 1129 1222 judex.
1146 1187 1235 1217 Absit
1264 1196 1469 1226 nequaquam
1484 1189 1540 1220 fiat

841 1229 910 1258 hoc.
928 1231 996 1259 Non
1015 1232 1116 1261 intret
1131 1233 1163 1261 in
1176 1233 1337 1269 judicium
1352 1243 1426 1264 cum
1444 1244 1539 1266 servo

839 1283 906 1303 suo.
924 1276 1024 1306 Intret
1036 1278 1200 1316 pacificus,
1216 1279 1318 1309 intret
1336 1279 1496 1316 jucundus
1506 1282 1540 1312 et

840 1321 951 1351 hilaris
967 1330 974 1350 :
989 1324 1133 1353 maturus
1146 1325 1254 1354 tamen
1266 1326 1299 1355 et
1309 1326 1413 1355 serius
1424 1326 1539 1366 intret,

839 1367 893 1404 qui
909 1369 1064 1398 severiori
1081 1370 1220 1407 quodam
1233 1372 1380 1401 veritatis
1391 1373 1485 1402 vultu
1504 1373 1538 1403 in

824 1417 825 1421 ’
839 1420 908 1449 me,
926 1413 1003 1442 dum
1019 1414 1226 1445 insolentiam
1241 1417 1409 1455 reprimit,
1421 1418 1538 1455 purget:

838 1458 997 1487 laetitiam.
1012 1460 1116 1489 Intret
1131 1462 1222 1498 quasi
1236 1462 1381 1492 hinnulus
1397 1463 1536 1501 saliens,

106 1503 273 1541 formatus,
289 1503 347 1532 sed
359 1503 393 1532 et
407 1502 563 1533 formosus
576 1503 648 1533 suit.
659 1504 721 1533 Sed
736 1514 808 1542 per·
822 1492 825 1518 ⁸
837 1504 928 1540 quasi
937 1514 1049 1542 caprea
1065 1506 1330 1545 circumspectus,
1344 1508 1399 1545 qui
1410 1509 1538 1546 culpam

105 1548 190 1578 didit
204 1557 294 1586 eam,
311 1557 385 1577 cum
400 1548 480 1578 fecit
501 1558 592 1578 suam
609 1558 616 1578 :
634 1550 669 1579 ut
684 1559 749 1580 non
765 1551 806 1581 sit
822 1549 1066 1581 *dissimulando
1086 1553 1261 1583 transsiliat
1272 1575 1280 1590 ,
1296 1561 1424 1592 poenam
1439 1554 1539 1585 mise-

105 1594 196 1623 aliud
215 1594 251 1623 in
267 1594 383 1623 decore
408 1602 465 1623 suo
477 1616 486 1631 ‚
511 1603 609 1632 quam
629 1595 664 1624 in
680 1604 737 1626 sua
759 1605 806 1626 sa-
821 1596 935 1644 grando
945 1598 1109 1635 respiciat.
1122 1599 1224 1629 Intret
1235 1600 1326 1637 quasi
1338 1599 1538 1631 descendens

104 1639 230 1678 pientia
242 1640 422 1678 perdidisse
437 1640 645 1678 sapientiam.
657 1642 807 1679 Proprie·
822 1651 823 1670 1
836 1640 875 1670 de
892 1643 1054 1673 montibus
1078 1645 1191 1673 Bethcl
1202 1666 1211 1681 ,
1229 1645 1365 1674 festivus
1380 1646 1412 1674 et
1427 1647 1537 1683 splen-

105 1686 199 1715 tasin
215 1693 309 1714 causa
323 1687 383 1714 est.
399 1686 492 1722 Quod
507 1686 569 1715 sibi
590 1687 718 1724 sapiens
730 1687 804 1726 fuit,
836 1686 940 1723 didus,
955 1689 988 1717 et
1006 1689 1096 1726 quasi
1112 1690 1291 1727 procedens
1304 1698 1320 1719 a
1335 1691 1446 1728 Patre,
1461 1700 1536 1720 sua-

104 1730 191 1769 quod
205 1738 266 1759 non
283 1730 373 1760 dedit
389 1731 525 1768 gloriam
538 1732 605 1761 Deo
616 1753 625 1769 ,
641 1733 727 1770 quod
740 1742 803 1763 non
822 1730 884 1761 {vis
906 1733 938 1761 et
951 1733 1050 1771 mitiS,
1067 1735 1123 1772 qui
1140 1743 1205 1764 non
1217 1735 1411 1773 dedIgnetur
1426 1735 1488 1765 dici
1503 1736 1536 1765 et

103 1776 219 1807 retulit
234 1776 369 1814 gratiam
385 1786 441 1815 pro
450 1777 564 1815 gratia,
580 1778 667 1816 quod
678 1787 741 1808 non
757 1788 806 1809 se-
821 1774 823 1778 ⁴
836 1776 905 1806 fieri
921 1786 1054 1815 sponsus
1069 1780 1184 1809 animae
1199 1781 1372 1818 quaerentis
1391 1789 1444 1818 se,
1460 1789 1535 1810 cum

105 1823 247 1852 cundum
260 1822 431 1852 veritatem
444 1823 623 1853 ambulavit
635 1824 669 1854 in
682 1833 732 1863 ea,
749 1826 804 1855 sed
821 1815 875 1857 isit
890 1832 987 1861 super
1002 1826 1112 1855 omnia
1126 1826 1213 1856 Deus
1227 1826 1420 1857 benedictus
1431 1827 1465 1856 in
1476 1835 1535 1857 sae-

105 1868 145 1898 ad
160 1876 251 1898 suam
267 1876 336 1897 eam
360 1869 491 1899 retorsit
512 1870 719 1900 voluntatem
735 1880 743 1900 :
761 1872 805 1900 is-
819 1860 920 1907 teula,
936 1877 1044 1899 amen.

101 1914 161 1944 tud
180 1914 228 1944 est
243 1922 301 1943 cur
316 1921 388 1943 eam
410 1914 574 1953 perdidit,
596 1916 696 1946 immo
717 1917 803 1947 istud
819 1897 824 1950 i

104 1960 154 1989 est
173 1959 258 1998 quod
274 1967 344 1989 eam
370 1960 523 1998 perdidit.
540 1961 668 1991 Etenim
683 1962 730 1993 sic
745 1963 803 1992 ha-

102 2004 193 2042 bere,
210 2004 346 2042 perdere
367 2006 426 2035 est.
447 2007 488 2035 Et
504 2008 532 2036 si
552 2006 713 2037 Abraham
726 2030 737 2044 ‚
752 2008 803 2038 in—

102 2050 185 2088 quit,
201 2059 240 2080 ex
263 2051 402 2088 operibus
412 2052 598 2088 justificatus
619 2054 684 2089 est,
712 2053 802 2085 habet

101 2096 254 2134 ylariani,
277 2096 328 2125 sed
344 2104 407 2125 non
426 2097 507 2134 apud
527 2098 639 2126 Deum.
658 2098 696 2127 Et:
713 2107 771 2137 ego
791 2107 800 2130 :

100 2141 168 2171 Non
180 2148 238 2178 ego
254 2140 287 2170 in
305 2141 385 2178 tuto,
397 2140 544 2179 inquam.
560 2143 704 2172 Pssnmm
713 2144 803 2182 quic-

100 2186 179 2224 quid
194 2186 297 2216 haheo
312 2195 377 2216 non
393 2187 479 2224 apud
501 2187 616 2218 Deum.
630 2189 707 2218 Nam
723 2191 802 2228 quid

99 2232 166 2261 tam
181 2231 359 2269 perditum,
375 2240 471 2270 quam
487 2233 573 2270 quod
589 2234 681 2263 extra
697 2235 800 2265 Deum

102 2276 246 2306 exsulat?
259 2277 342 2313 Quid
359 2286 456 2315 mors,
472 2279 535 2308 nisi
548 2279 690 2317 privatio
702 2281 801 2311 vitae?

99 2321 147 2351 Ita
169 2329 267 2350 MfflL
295 2329 477 2361 PERDlTio,
505 2324 570 2354 nisi
598 2325 752 2356 alienatio
781 2336 800 2358 a

99 2367 167 2397 Deo
182 2368 243 2396 est.
261 2368 316 2398 Voe
329 2369 381 2405 qui
398 2370 548 2406 sapientes
565 2372 634 2400 estis
654 2372 687 2400 in
707 2374 800 2404 oculis

98 2414 218 2449 vestris,
233 2415 261 2443 et
273 2422 378 2443 coram
390 2415 608 2453 vobismetipsis
619 2418 800 2455 prudentes!

99 2459 147 2489 De
169 2459 262 2489 vobis
285 2459 404 2489 dicitur
427 2468 435 2488 ι
456 2462 592 2491 Perdam
616 2464 799 2501 sapientiam

99 2506 295 2543 sapientium,
306 2507 334 2535 et
344 2507 539 2544 prudentiam
547 2509 741 2544 pmclentium
751 2521 800 2541 re-

97 2551 246 2589 probabo.
265 2551 480 2582 Perdiderunt
495 2554 686 2592 sapientiam
696 2577 706 2593 ,
721 2557 798 2594 quia

99 2603 157 2625 sua
183 2596 346 2634 sapientia
370 2597 516 2635 perdidit
537 2607 603 2629 eos.
628 2600 712 2636 Quid
733 2609 796 2631 non

98 2642 331 2682 perdiderunt,
355 2642 412 2683 qui
427 2644 460 2675 et
482 2644 544 2683 ipsi
558 2645 679 2684 perditi
703 2647 798 2678 sunt?

1006 1962 1175 1995 SERMO
1206 1964 1360 1998 LXXV.

834 2036 906 2059 Deus
919 2037 1091 2067 quaerendus
1107 2039 1145 2060 est
1161 2036 1253 2061 debito
1271 2039 1413 2068 tempore,
1431 2038 1534 2069 modo,

863 2074 888 2095 et
903 2074 972 2097 loco.
986 2073 1018 2096 Et
1031 2073 1108 2103 quod
1126 2080 1204 2097 nunc
1221 2073 1253 2096 sit
1272 2075 1438 2104 acceptabile
1457 2078 1534 2099 lem-

862 2115 928 2139 pus,
942 2109 970 2132 in
986 2116 1042 2138 quo
1056 2110 1174 2139 quisque
1189 2116 1239 2139 per
1256 2110 1329 2133 bona
1347 2117 1430 2140 opera
1446 2112 1532 2141 potest

862 2144 911 2167 sibi
922 2145 1052 2168 invenire
1063 2145 1156 2169 Deum
1166 2161 1174 2175 ‚
1186 2151 1216 2169 ac
1226 2152 1307 2169 suam
1326 2147 1437 2177 operari
1453 2147 1532 2171 salu-

863 2182 929 2202 tem.

873 2240 902 2269 l.
925 2242 963 2270 In
988 2240 1094 2271 lectulo
1117 2249 1186 2271 meo
1210 2243 1332 2280 quoesivi
1349 2251 1405 2280 per
1431 2245 1534 2274 noctes

833 2294 919 2323 quem
938 2286 1033 2323 diliqz't
1049 2287 1156 2315 anima
1173 2295 1254 2316 mea.
1269 2287 1338 2316 Non
1353 2288 1403 2317 est
1421 2296 1531 2318 rever-

833 2340 884 2361 sus
903 2332 1044 2369 Sponsus
1069 2331 1110 2361 ad
1124 2340 1238 2361 vocem
1253 2333 1287 2363 et
1300 2334 1413 2363 votum
1433 2342 1530 2364 revo-

833 2378 946 2407 cantis.
962 2377 1088 2414 Quare?
1112 2378 1154 2407 Ut
1168 2378 1366 2408 desiderium
1387 2380 1526 2417 crescat,

835 2423 868 2452 ut
892 2423 1046 2460 probetur
1077 2423 1211 2453 affectus
1223 2444 1234 2459 ‚
1274 2425 1310 2453 ut
1334 2424 1528 2453 exerceatur

833 2467 950 2497 amoris
963 2468 1142 2505 negotium.
1155 2468 1237 2498 Sane
1251 2476 1325 2505 ergo
1342 2467 1526 2496 dissimula-

834 2513 876 2542 tio
894 2513 953 2551 est,
968 2521 1032 2543 non
1047 2513 1238 2551 indignatio.
1251 2513 1313 2542 Sed
1329 2512 1475 2549 superest
1491 2513 1526 2543 ut

832 2560 1004 2598 quaeratur,
1016 2559 1043 2589 si
1059 2559 1141 2589 forte
1159 2558 1338 2597 reperiatur
1352 2556 1523 2596 quaesitus,

832 2604 888 2642 qui
901 2606 1031 2635 vocatus
1042 2613 1105 2635 non
1113 2605 1216 2641 venit,
1229 2603 1356 2633 dicente
1368 2602 1522 2633 Domino:

833 2650 937 2680 Omnis
953 2652 1006 2688 qui
1017 2651 1137 2690 quoerit,
1150 2649 1270 2679 uzi-enit.
1281 2647 1378 2677 Porro
1388 2647 1523 2678 verbum
