1846 3078
550 250 594 278 IN
614 249 810 278 CANTICA
834 248 981 277 SERMo
1001 249 1128 278 Lxlu.

1494 255 1553 285 :3553

125 304 262 344 gundum
289 304 406 335 mentis
432 304 551 342 aciem,
581 314 676 343 quam
709 304 826 335 Christi
864 304 962 334 tatis?
982 305 1044 333 Cur
1059 312 1138 342 opus
1158 302 1241 334 lucis
1254 304 1328 336 ante
1343 305 1448 338 lucem
1474 316 1559 348 prae..

129 354 299 381 vulnerum
315 351 426 381 sedula
442 351 628 381 meditatio?
641 353 759 380 Verum
773 350 827 379 do-

126 405 186 426 nec
206 396 338 435 purgata
354 397 387 426 et
402 396 514 426 sanata
538 397 683 434 perfecte
706 396 824 434 fucrit,

127 449 194 471 non
218 441 314 472 video
343 442 484 479 qualiter
510 442 559 471 illi
594 442 699 480 aptari
725 441 827 480 possit

125 486 211 524 quod
225 486 361 517 dicitur:
372 488 497 518 Ostende
512 487 590 517 mihi
602 488 713 525 facicm
726 488 824 522 tuam,

125 534 209 562 sonet
225 541 285 561 τοι
298 535 351 562 lua
365 535 396 562 in
415 533 544 563 auribus
555 534 640 563 meis.
662 532 826 569 Quomodo

125 577 266 615 denique
283 579 398 608 faciem
411 587 500 608 suam
515 577 686 608 ostendere
697 577 825 614 audeat,

125 623 178 652 vel
203 623 312 652 levare
333 632 447 653 vocem
468 631 577 661 suam,
592 622 647 652 cui
670 623 704 652 et
723 623 825 652 latere

126 667 302 698 indicitur?
324 669 533 705 Abscondere,
553 667 678 706 inquit,
693 668 727 697 in
743 667 826 705 fossa

125 712 230 742 humo.
243 714 348 750 Quare
359 713 372 742 ἒ
383 713 464 750 Quia
477 721 541 742 non
552 713 719 750 estpulcra
728 711 824 749 facie,

127 765 188 788 nec
202 757 297 796 digna
312 767 382 796 quae
395 758 555 788 videatur.
572 758 641 786 Non
656 757 719 786 erit
730 756 825 794 digna

125 803 243 842 videri,
254 803 408 841 quamdiu
422 811 486 832 non
498 803 560 832 erit
571 802 683 833 videre
696 802 822 832 idonea.

124 849 203 878 Cum
224 850 333 878 autem
352 856 411 886 per
439 848 711 878 inhabitationem
734 847 824 877 fossae

125 893 213 923 humi
230 894 262 922 in
279 893 418 923 sanando
430 894 521 923 oculo
533 893 681 923 interiori
697 894 824 923 tantum

126 937 319 976 profecerit,
336 938 373 968 ut
393 939 539 968 revelata
561 938 643 968 facie
664 938 823 976 speculari

124 984 258 1020 gloriam
273 985 333 1014 Dei
347 984 379 1014 et
395 984 462 1023 ipsa
475 983 592 1023 possit:
605 985 682 1014 tunc
693 984 824 1014 demum

122 1037 194 1067 quae
209 1030 350 1068 videbit,
367 1029 563 1060 fiducialiter
576 1030 642 1067 jam
655 1030 823 1069 loquetur,

123 1082 203 1104 voce
219 1075 252 1105 et
266 1075 348 1105 facie
363 1076 506 1113 placens.
521 1075 679 1105 PLACEAT
691 1084 823 1106 necesse

124 1121 173 1151 est
187 1121 297 1158 facies,
314 1130 383 1159 quae
396 1121 430 1150 in
442 1121 502 1151 Dei
518 1122 698 1151 claritatem
714 1122 824 1152 inten-

124 1167 202 1196 dere
215 1166 333 1205 potest.
349 1167 459 1205 Neque
474 1167 561 1196 enim
577 1166 611 1196 id
627 1167 746 1204 posset,
759 1167 822 1197 nisi

123 1213 209 1242 clara
224 1213 293 1250 ipsa
307 1220 437 1250 quoque
453 1213 539 1242 esset
553 1214 587 1243 et
598 1221 694 1251 pura,
710 1213 822 1251 utique

122 1258 348 1288 transformata
363 1258 397 1287 in
416 1258 565 1288 eamdem
583 1267 680 1297 quam
696 1260 822 1298 conspi-

123 1302 169 1332 cit
191 1302 346 1331 claritatis
368 1301 554 1340 imaginem.
581 1303 732 1341 Alioquin
753 1303 822 1341 ipsa

121 1347 386 1378 dissimilitudine
398 1348 559 1387 resiliret,
572 1348 700 1379 insolito
711 1358 824 1379 rever-

122 1393 235 1422 berata
255 1392 391 1431 fulgore.
414 1394 493 1431 Ergo
510 1402 586 1422 cum
607 1402 686 1431 pura
708 1402 821 1432 puram

122 1438 394 1476 intueripotuerit
407 1438 580 1469 veritatem
590 1461 599 1477 ,
614 1440 690 1470 tunc
705 1439 821 1470 faciem

122 1484 224 1522 ipsius
249 1484 390 1521 Sponsus
414 1484 526 1513 videre
552 1484 684 1523 cupiet,
710 1493 821 1516 conse-

121 1530 259 1568 quenter
274 1531 307 1559 et
321 1537 435 1559 vocem
449 1529 517 1566 ejus
533 1529 657 1560 audire.

160 1576 191 1605 8.
204 1576 283 1605 Nam.
297 1576 454 1613 quantum
467 1575 515 1604 illi
529 1576 658 1613 placeat
672 1584 744 1607 cum
759 1586 822 1617 pu-

120 1621 217 1651 ritate
238 1621 370 1659 quidem
391 1621 510 1650 mentis
525 1621 712 1658 praedicatio
730 1624 821 1653 veri-

121 1667 207 1704 tatis,
216 1666 359 1697 ostendit
371 1674 444 1696 cum
456 1667 594 1696 subinde
608 1667 730 1698 infert:
750 1670 821 1699 Voac

121 1714 202 1742 mzim
227 1714 280 1742 lua
297 1712 403 1741 dulcis.
420 1711 500 1748 Quia
517 1712 605 1741 enim
620 1720 684 1742 non
695 1713 819 1750 placeat

122 1766 186 1787 vox
223 1758 249 1787 si
278 1757 453 1795 displiceat
477 1756 594 1794 faeles,
624 1757 821 1788 demonstrat

120 1811 193 1832 cum
214 1803 290 1833 ilico
306 1802 434 1833 subdit:
451 1804 493 1832 Et
513 1803 606 1841 facies
625 1805 678 1833 lua
699 1805 820 1835 decora.

119 1849 205 1886 Quid
218 1850 353 1878 internae
368 1848 465 1878 decor
477 1848 590 1885 faciei,
602 1848 665 1878 ulsi
679 1849 822 1887 puritas?>

122 1896 156 1924 {n
178 1895 329 1933 pluribus
351 1894 420 1924 haee
440 1894 562 1932 absque
584 1895 822 1932 praedicationis

120 1949 198 1971 voce
210 1941 427 1978 complacuit,
440 1940 495 1969 illa
511 1940 631 1978 absque
645 1940 704 1970 ista
717 1941 751 1970 in
763 1950 822 1972 ne-

118 1988 219 2017 mine.
237 1987 375 2025 Impuris
389 1995 453 2016 non
468 1995 502 2016 se
517 1986 659 2016 ostendit
673 1987 819 2027 Veritas,

119 2041 182 2062 non
201 2040 234 2062 se
256 2032 359 2062 credit
379 2032 558 2070 Sapientia.
575 2032 660 2070 Quid
679 2040 753 2071 ergo
778 2035 820 2064 lo-

118 2079 263 2117 quuntur
276 2086 372 2116 quam
386 2086 451 2107 non
465 2077 640 2108 viderunt?
655 2080 742 2118 Quod
763 2081 821 2110 sci-

119 2133 204 2160 mus,
222 2124 346 2162 inquit,
366 2124 539 2162 loquimur,
559 2126 587 2154 et
602 2133 670 2162 (μα’.
691 2126 820 2156 vidimus

118 2171 278 2199 testamur.
304 2170 317 2197 1
347 2177 422 2207 ergo
450 2169 485 2198 tu
498 2191 507 2207 ,
537 2169 572 2199 et
600 2169 684 2199 aude
708 2170 819 2200 testari

117 2215 204 2252 quod
225 2222 289 2244 non
305 2214 435 2252 vidisti,
460 2216 493 2245 et
514 2214 603 2253 loqui
624 2214 710 2253 quod
729 2215 820 2254 igno-

117 2268 179 2289 ras.
195 2260 318 2297 Quaeris
329 2268 427 2298 quem
441 2260 546 2291 dicam
558 2260 743 2300 impurum?
757 2262 819 2299 QUI

117 2312 249 2335 LAUDES
264 2306 403 2343 requirit
417 2306 592 2344 humanas,
611 2307 667 2345 qui
684 2315 748 2337 non
761 2315 820 2345 po-

118 2351 166 2380 nit
178 2351 246 2380 sine
262 2350 394 2388 sumptu
405 2351 617 2389 Evangelium
629 2373 638 2389 ,
650 2352 707 2390 qui
720 2360 820 2382 evan-

119 2396 237 2434 gelizat
251 2396 288 2425 ut
307 2395 480 2425 manducet
494 2417 503 2433 ,
516 2396 571 2434 qui
587 2399 745 2434 quaestum
760 2405 820 2427 aes-

118 2441 213 2470 timat
227 2440 383 2478 pietatem
397 2462 406 2478 ,
421 2440 477 2479 qui
493 2449 558 2470 non
574 2442 713 2480 requirit
735 2442 818 2472 fruc-

117 2488 206 2525 tum,
221 2486 277 2516 sed
293 2486 414 2516 datum.
438 2488 559 2524 Impuri
575 2487 652 2517 sunt
666 2488 747 2518 tales
761 2497 770 2526 ς
787 2489 820 2518 et

117 2539 192 2560 cum
207 2539 271 2560 non
292 2531 434 2561 habeant
448 2532 535 2561 unde
551 2532 687 2562 videant
701 2533 820 2563 verita-

117 2578 185 2605 tem
230 2579 362 2614 propter
403 2577 629 2616 impuritatem
647 2600 656 2615 ,

115 2622 225 2650 tamen
240 2622 325 2651 unde
339 2622 429 2652 illam
442 2624 625 2661 loquantur.
642 2623 724 2660 Quid
736 2633 819 2662 prae—

117 2675 255 2705 propere
272 2668 390 2706 agitis?
404 2669 466 2698 Cur
479 2669 586 2699 lucem
604 2677 667 2699 non
683 2678 818 2707 exspec-

698 2579 823 2618 liabentv

859 348 1006 380 sumitis?
1027 350 1153 379 vanum
1177 349 1226 379 est.
1245 350 1335 380 vobis
1354 352 1426 382 ante
1448 354 1554 383 lucem

859 402 1002 431 surgere.
1021 395 1092 424 Lux
1108 394 1157 424 est
1177 394 1302 433 puritas
1313 416 1323 432 ,
1339 395 1398 425 lux
1418 398 1532 428 caritas
1545 421 1554 437 ,

860 448 931 477 quae
958 448 1025 470 non
1052 440 1169 478 quaerit
1193 448 1265 478 quae
1291 448 1348 470 sua
1372 441 1458 471 sunt.
1482 443 1557 472 Ilaec

859 485 1037 523 praecedat,
1053 486 1086 516 et
1101 494 1160 525 pes
1174 486 1293 524 linguae
1308 486 1343 515 in
1359 486 1483 515 incerto
1494 495 1558 517 non

858 531 999 568 ponitur.
1010 531 1155 570 Superbo
1167 532 1260 562 oculo
1268 531 1387 562 veritas
1394 538 1459 561 non
1466 532 1561 560 vide-

859 577 927 614 tur,
942 576 1068 606 sincero
1084 576 1188 615 patet.
1204 577 1273 606 Non
1288 577 1338 606 est
1352 574 1438 615 quod
1452 582 1485 604 se
1500 584 1559 605 ve-

858 621 936 651 ritas
949 618 1287 659 denegetintuendam
1301 629 1384 660 puro
1399 619 1486 650 cordi
1500 641 1509 657 ,
1522 628 1559 649 ac

857 674 916 703 per
929 666 990 695 hoc
1005 674 1066 696 nec
1088 666 1313 704 eloquendam.
1327 665 1488 697 Peccatori
1504 675 1562 695 αιι-

858 713 915 741 tem
937 713 1008 741 dicit
1027 714 1111 742 Deus
1126 721 1136 742 .·
1153 713 1256 751 Quare
1278 714 1312 742 tu
1325 721 1457 742 enarras
1465 711 1561 749 justi-

857 758 915 787 cias
929 766 1032 795 meas,
1045 759 1073 787 et
1085 759 1215 788 assumis
1230 759 1443 788 testamentum
1457 765 1561 787 meum

856 812 909 841 per
927 812 960 833 os
981 803 1091 833 tuum?
1113 803 1206 833 Multi
1228 803 1371 841 puritate
1389 802 1536 840 neglecta
1551 822 1564 839 ‚

857 848 931 878 ante
944 849 1051 887 loqui,
1064 857 1161 887 quam
1173 848 1286 878 videre
1299 847 1406 879 conati
1417 848 1511 887 sunt,
1525 849 1560 877 et

856 896 912 925 aut
932 895 1076 933 graviter
1096 895 1290 925 erraverunt
1311 894 1495 924 nescientes
1518 894 1559 922 de

856 940 973 977 quibus
994 940 1226 978 loquerentur,
1250 947 1358 978 neque
1381 939 1420 969 de
1442 939 1560 977 quibus

857 985 1053 1015 affirmarent
1081 993 1090 1015 z
1117 985 1176 1015 aut
1202 986 1344 1024 turpiter
1369 984 1558 1021 viluerunt,

857 1031 933 1060 dum
960 1031 1016 1069 qui
1042 1031 1121 1061 alios
1147 1031 1320 1069 docerent,
1349 1030 1473 1069 seipsos
1491 1038 1559 1059 non

856 1076 1050 1106 docuissent.
1079 1077 1105 1106 A
1135 1084 1199 1114 quo
1225 1085 1283 1106 nos
1316 1076 1446 1114 gemino
1471 1075 1558 1104 malo

857 1129 984 1160 semper
996 1121 1156 1153 custodiat
1166 1123 1317 1152 exoratus
1329 1122 1447 1152 avobis
1455 1121 1558 1158 Spon-

856 1176 909 1197 sus
933 1168 1086 1198 Ecclesiae
1114 1169 1208 1198 Jesus
1232 1168 1377 1198 Christus
1401 1166 1558 1197 Dominus

856 1214 983 1252 noster,
999 1215 1054 1252 qui
1083 1215 1131 1244 est
1149 1223 1246 1253 super
1261 1214 1368 1245 omnia
1389 1214 1476 1244 Deus
1496 1212 1556 1241 be-

856 1260 1004 1291 nedictus
1018 1260 1053 1290 in
1068 1261 1184 1290 saecula
1195 1282 1205 1299 ,
1221 1268 1328 1290 amen.

1033 1388 1203 1422 SERMO
1232 1387 1376 1421 LXIII.

855 1467 894 1490 De
907 1465 987 1489 vinea
998 1466 1059 1489 viro
1071 1465 1116 1495 pio
1129 1466 1155 1488 et
1171 1463 1294 1494 sapienti,
1304 1463 1335 1487 id
1344 1465 1381 1486 est
1392 1467 1441 1485 sua
1452 1460 1558 1490 cuique

886 1502 942 1525 vita
951 1518 958 1531 ‚
967 1509 1015 1525 seu
1024 1503 1119 1524 mente
1127 1503 1152 1524 et
1162 1499 1338 1527 conscientia,
1345 1498 1415 1522 serio
1425 1496 1540 1521 colenda
1550 1503 1557 1523 ς

884 1539 910 1560 et
931 1535 1088 1559 ‹ie-duobus
1113 1535 1245 1565 vulpium
1268 1533 1436 1564 generibus,
1454 1531 1560 1556 scilicet

884 1572 1080 1595 adulatoribus
1097 1573 1123 1594 et
1136 1570 1357 1597 detractoribu53
1370 1570 1396 1592 et
1412 1568 1446 1591 de
1463 1569 1557 1590 tenta-

885 1608 1009 1631 tionibus
1020 1606 1230 1630 monachorum
1242 1605 1429 1629 novitiorum.

896 1669 924 1697 l.
951 1668 1055 1706 Capite
1072 1667 1159 1697 nobis
1176 1666 1280 1705 vulpes
1299 1664 1444 1704 parvulas
1456 1684 1466 1699 ,
1489 1672 1558 1701 quse

854 1714 1059 1742 demoliuntur
1080 1713 1186 1742 vineas
1205 1721 1214 1741 .·
1234 1720 1310 1741 nam
1332 1712 1424 1741 vinea
1448 1710 1557 1739 nostra

853 1759 969 1795 floruit.
980 1758 1096 1796 Liquet
1106 1757 1191 1795 quod
1199 1764 1264 1786 nou
1278 1755 1378 1786 otiose
1390 1755 1431 1784 ad
1445 1754 1557 1784 vineas

855 1803 937 1833 itum
952 1803 1013 1839 sit,
1029 1802 1156 1840 quando
1172 1802 1218 1832 ibi
1235 1801 1377 1831 inventae
1396 1800 1473 1831 sunt
1487 1800 1557 1829 vul-

855 1857 912 1886 pes
936 1848 1150 1878 demolientes
1179 1855 1245 1878 eas.
1271 1847 1396 1877 Littera
1423 1845 1557 1884 quidem

856 1893 952 1924 istud.
970 1893 1108 1932 Spiritus
1124 1894 1232 1923 autem
1247 1893 1346 1931 quid?
1356 1891 1438 1922 Ante
1448 1891 1558 1922 omnia

854 1949 931 1970 sane
942 1961 952 1978 ,
967 1941 1004 1969 ut
1026 1947 1232 1969 communem
1249 1939 1283 1969 et
1296 1938 1452 1968 usitatum
1465 1937 1558 1967 litte—

855 1995 896 2015 1·ae
912 1994 1041 2016 sensum
1055 1985 1094 2015 ab
1107 1985 1168 2015 hac
1184 1984 1414 2022 explanatione
1426 1982 1557 2021 penitus

854 2040 1062 2070 respuamus,
1087 2030 1200 2068 utpote
1228 2030 1377 2067 ineptum
1400 2028 1434 2058 et
1454 2028 1557 2058 insul-

854 2086 923 2107 sum
934 2077 1193 2115 ,indignumque
1209 2076 1305 2114 plane
1318 2097 1328 2112 ,
1344 2074 1401 2113 qui
1417 2073 1557 2111 recipia-

854 2123 906 2152 tur
931 2123 965 2152 in
988 2123 1148 2160 scriptura
1169 2121 1237 2150 tam
1257 2121 1365 2151 sancta
1379 2142 1389 2158 ,
1414 2120 1482 2149 tani
1502 2127 1559 2148 au<

854 2168 1011 2198 theutica.
1037 2168 1104 2198 Nisi
1124 2167 1197 2206 quis
1215 2166 1298 2196 sorte
1321 2166 1367 2196 ita
1391 2172 1504 2195 vecors
1525 2165 1559 2194 et

853 2215 960 2243 animo
972 2214 1107 2244 stolidus
1117 2213 1177 2251 sit,
1188 2213 1226 2242 ut
1240 2220 1297 2251 pro
1312 2219 1426 2249 magno
1439 2210 1560 2241 habeat

853 2259 1006 2290 didicisse
1029 2267 1072 2289 ex
1097 2266 1155 2297 ea,
1177 2258 1278 2288 instar
1299 2257 1440 2287 filiorum
1461 2257 1559 2293 hujus

853 2305 985 2343 saeculi,
1009 2312 1120 2335 curam
1136 2312 1251 2343 gerere
1265 2305 1470 2334 terrenarum
1486 2312 1559 2341 pos-

853 2352 1043 2389 sessionum,
1052 2351 1213 2381 custodire
1226 2350 1260 2380 et
1268 2349 1436 2380 defensare
1444 2349 1557 2379 vineas

854 2398 893 2426 ab
908 2397 1150 2427 incursantibus
1165 2395 1281 2426 bestiis
1293 2417 1303 2434 ,
1317 2403 1359 2425 ne
1376 2395 1457 2424 forte
1479 2402 1556 2422 con-

853 2443 956 2481 tingat
970 2443 1120 2473 amittere
1133 2442 1273 2472 fructum
1285 2441 1354 2472 vini
1365 2463 1373 2478 ,
1388 2441 1421 2469 iu
1433 2446 1494 2476 quo
1507 2439 1557 2467 cst

853 2489 1002 2527 luxuria3
1019 2488 1180 2527 simulque
1195 2487 1310 2526 pereat
1326 2493 1422 2524 opera
1445 2484 1478 2513 et
1492 2483 1556 2511 im-

852 2538 964 2572 pensa.
997 2534 1125 2564 Grande
1155 2533 1281 2563 scilicet
1315 2531 1467 2560 damnum
1479 2550 1488 2565 ,
1518 2528 1555 2557 ut

852 2580 1023 2618 propterea
1044 2580 1165 2609 librum
1178 2577 1325 2608 sanctum
1340 2575 1428 2604 tanto
1445 2573 1555 2603 studio

854 2625 885 2654 et
895 2625 983 2655 tanta
994 2633 1068 2654 cum
1079 2622 1286 2654 veneratione
1300 2621 1456 2657 legamus,
1468 2619 1555 2656 quod

852 2671 1007 2701 docemur
1024 2670 1056 2700 in
1067 2678 1105 2700 eo
1122 2677 1138 2698 a
1154 2667 1306 2706 vulpibus
1322 2665 1433 2694 vineas
1448 2665 1553 2694 custo-

1360 2712 1394 2738 :¹5
