1846 3078
231 202 290 232 [⁴¹42

229 257 374 289 cundum
387 255 587 297 Apostolum,
599 259 706 289 omnia
719 258 825 293 credit,
836 255 868 285 id
881 255 930 285 est

231 312 295 334 non
311 305 360 335 est
384 304 579 343 suspiciosa;
597 305 704 334 omnia
724 304 847 341 sperat,
865 308 929 330 non

231 351 281 380 est
294 351 400 389 pigra,
413 351 517 381 omnia
530 351 647 387 suffert,
658 356 721 378 non
735 346 930 383 murmurat3

231 396 336 426 omnia
350 396 489 432 sustinet,
505 403 570 425 non
586 395 634 424 est
649 392 835 430 impatiens.
849 392 930 421 Ecce

230 448 366 479 novem,
379 449 451 479 quae
472 441 530 479 qui
557 439 703 478 perfecte
719 437 818 467 habet
829 458 840 474 ,
856 445 932 474 per—

231 485 335 517 fectus
350 488 410 524 est,
427 487 459 517 et
471 485 651 516 secundum
666 491 784 513 novem
799 482 929 512 ordines

230 532 424 571 Angelorum
449 532 537 569 degit
552 530 585 559 in
607 530 705 559 terra.
727 528 820 559 Unde
849 529 932 566 Apo-

230 579 352 608 stolus:
369 580 484 608 Nostra
512 576 698 606 comen-satio
721 576 755 605 in
779 574 861 604 coelis
876 576 930 604 est.

229 624 268 653 Et
283 625 318 653 ut
333 624 377 653 ita
392 623 516 660 dicam,
532 621 636 658 majus
652 620 811 650 meritum
833 619 933 649 habet

230 670 325 699 horno
338 670 447 699 taliter
460 668 586 704 vivens,
599 666 844 705 quamAngelus
853 686 862 695 .
872 665 933 695 Ho-

231 715 309 744 mini
319 715 408 744 enim
417 712 739 750 estvirtutis,Angelo
750 711 931 749 dignitatis.

270 761 319 790 39.
337 760 453 790 Sancta
465 760 573 789 anima
589 766 721 788 carnem
732 765 824 788 suam
839 765 857 787 a
873 765 934 795 pu-

232 806 355 835 tredine
381 805 537 835 vitiorum
560 803 757 841 mortificat,
771 803 848 833 dum
865 811 935 832 om-

230 860 287 881 nes
302 852 486 889 voluptates
501 849 614 879 mundi
626 857 684 887 per
698 848 933 879 continentiam

230 897 367 934 abnegat
383 907 390 926 :
403 898 436 927 et
450 899 526 926 tunc
546 895 641 934 quasi
655 894 822 932 myrrham
834 893 934 923 mori-

231 947 301 973 turo
318 943 441 981 corpori
459 942 611 978 adhibet,
629 940 667 970 ut
687 938 933 978 postjudicium

229 998 247 1017 a
274 988 479 1026 corruptione
507 988 627 1017 aeterua
649 985 781 1015 maneat
805 991 933 1013 sanum.

230 1037 308 1065 Cum
322 1043 399 1064 vero
416 1034 453 1063 ad
473 1032 618 1063 coelestia
635 1030 751 1068 maJOri
773 1028 934 1059 desiderio

232 1090 265 1111 se
279 1080 440 1118 accendit,
455 1082 487 1110 et
500 1087 517 1108 a
533 1077 638 1108 cordis
654 1076 806 1107 cubiculo
821 1083 933 1104 omnes

232 1127 411 1165 superfluas
433 1125 645 1164 cogitationes
669 1121 836 1152 ferventer
856 1120 936 1158 abji-

233 1174 297 1211 ρης
313 1173 404 1211 quasi
420 1171 624 1203 thuribulum
641 1177 695 1199 cor
709 1175 804 1198 suum
826 1174 935 1197 coram

235 1221 300 1249 Deo
316 1219 405 1257 tacit,
422 1218 530 1256 inquo
546 1216 624 1246 dum
647 1222 707 1254 per
721 1213 934 1243 dilectionem

235 1266 371 1295 virtutes
395 1260 694 1302 congregat,quasi
721 1259 877 1290 carbones
901 1258 935 1288 in

234 1311 400 1341 thuribulo
416 1308 600 1347 coaptat,in
616 1315 679 1346 quo
690 1306 830 1344 seipsam
845 1312 936 1334 mens

235 1359 268 1387 in
280 1358 455 1395 conspectu
473 1355 533 1385 Dei
559 1355 634 1392 igne
656 1351 803 1383 caritatis
822 1350 937 1380 incen-

235 1403 301 1433 dat.
319 1403 469 1440 Dumque
485 1400 650 1431 ferventes
663 1398 696 1428 et
711 1396 849 1427 mundas
863 1404 937 1426 ora-

234 1449 339 1478 tiones
354 1447 393 1477 ad
419 1448 524 1476 Deum
545 1444 686 1481 emittit,
701 1442 792 1480 quasi
812 1442 937 1472 fumum

234 1495 414 1523 aromatum
437 1500 480 1522 ex
500 1490 668 1521 thuribulo
684 1488 816 1525 educit,
832 1489 868 1517 ut
883 1496 936 1517 co-

235 1547 302 1569 ram
318 1538 436 1568 dilecto
452 1545 551 1568 suave
565 1535 721 1572 redoleat,
733 1532 938 1571 etproximos

235 1592 379 1622 quosque
408 1583 449 1612 ad
479 1582 550 1619 ejus
577 1588 723 1611 amorem
757 1587 816 1616 per
852 1578 938 1608 bona

236 1638 333 1669 opera
349 1629 510 1659 concitare
525 1635 591 1657 non
607 1625 750 1655 desinat.

275 1675 326 1706 [ιθ.
343 1676 414 1705 Non
442 1682 548 1713 coques
575 1673 696 1702 lzoedum
720 1671 753 1700 in
776 1670 852 1700 tacte
873 1677 940 1699 ma-

237 1724 303 1752 tris.
326 1720 464 1757 Haedus,
496 1718 668 1757 peccator,
697 1716 816 1753 mater,
839 1714 938 1753 primi

235 1767 406 1807 parentes,
433 1773 475 1796 ex
499 1764 619 1802 quibus
640 1769 754 1792 omnes
776 1760 939 1799 procreati

235 1821 364 1850 sumus3
379 1813 449 1849 lac,
465 1811 546 1841 vitia
560 1818 632 1848 quae
646 1808 686 1838 de
699 1807 851 1846 originali
863 1814 942 1845 pec-

237 1860 307 1890 cato
329 1858 502 1888 venerunt.
531 1857 603 1886 Νοη
631 1862 738 1893 coques
762 1853 884 1883 lcaedum
908 1853 941 1882 in

236 1907 312 1935 lacte
328 1905 436 1934 matris
450 1910 525 1938 suoe,
543 1901 577 1931 id
589 1901 712 1930 estnon
725 1898 849 1929 sinatur
864 1905 942 1936 pec-

236 1952 324 1981 cator
336 1957 436 1987 usque
451 1947 492 1978 ad
506 1947 594 1977 diem
608 1945 721 1976 mortis
735 1939 845 1974 suaein
862 1951 942 1981 pec-

238 1997 318 2026 catis
337 2001 548 2034 permanere,
572 1992 630 2022 sed
654 1992 729 2021 ante
746 1990 887 2019 mortem
901 1989 941 2020 ad

238 2044 319 2072 bona
334 2049 433 2079 opera
447 2040 636 2074 revocetur,
656 2045 698 2067 ne
713 2036 837 2075 pereat.

273 2086 323 2117 [tl.
344 2089 418 2117 Tres
432 2087 502 2117 sunt
519 2086 572 2123 qui
595 2083 800 2114 testimonium
817 2081 893 2110 dant
908 2080 939 2110 in

238 2136 333 2169 terra,
350 2134 486 2170 spirtius,
499 2140 594 2169 aqua,
610 2131 637 2159 et
648 2128 784 2166 sanquis.
798 2125 942 2155 Veniens

238 2179 392 2208 Dominus
403 2175 682 2207 circumcisionem
696 2173 801 2203 etalia
816 2171 943 2209 baptis·

238 2225 326 2254 mata
356 2223 434 2253 fecit
469 2226 595 2252 cessare·
610 2219 836 2258 :Baptismum
864 2225 941 2247 vero

239 2269 398 2306 instituit,
424 2269 455 2297 in
477 2276 539 2306 quo
564 2267 628 2297 tria
652 2265 828 2304 praedicta,
850 2263 941 2302 quasi

240 2314 461 2347 testimonium
495 2311 747 2342 Christianitatis
782 2311 817 2339 in
854 2310 941 2339 terra

239 2361 347 2391 dantia
371 2359 498 2397 operari
526 2359 640 2388 voluit.
671 2357 755 2387 Audi
782 2354 941 2394 quomodo

239 2406 367 2444 sanguis
380 2404 499 2436 Christi
520 2403 616 2441 tacit,
631 2403 664 2434 et
679 2403 808 2442 signum
829 2402 880 2431 est
908 2399 944 2430 ut

546 204 577 232 8.
600 203 835 232 nERNARm
859 201 1057 231 ABBATls
1079 203 1359 233 SENTEN'PLL.

963 255 1140 286 moriamur
1153 259 1285 295 peccato
1298 281 1308 297 ,
1327 258 1507 290 secundum
1532 259 1665 298 Aposto-

963 301 1031 331 lum
1044 310 1052 331 :
1065 303 1116 332 An
1131 304 1280 341 iqnoratis
1304 307 1379 343 quia
1392 306 1573 344 quicumque
1589 306 1666 345 bap-

964 347 1053 377 tizati
1076 357 1181 379 sumus
1209 350 1242 378 in
1256 350 1376 380 Christo
1401 352 1486 387 Jesu,
1509 351 1542 380 in
1569 353 1668 381 morte

964 393 1057 430 ipsius
1073 393 1222 433 baptizati
1235 395 1471 434 sumus?Aqua‚
1487 404 1558 434 quae
1575 395 1666 434 quasi

964 438 1103 476 quodam
1116 440 1240 469 tumulo
1249 448 1364 478 corpus
1375 441 1526 479 includit,
1539 442 1668 480 siguum

966 484 1015 514 est
1041 486 1078 515 ut
1101 485 1186 514 ultra
1212 494 1277 515 non
1297 486 1478 516 serviamus
1507 489 1662 525 peccato:

966 531 1141 568 Consepulti
1152 532 1234 561 enim
1244 540 1350 562 sumus
1365 541 1434 562 cum
1444 533 1510 571 ipso
1520 542 1575 571 per
1590 532 1669 571 bap-

966 576 1089 606 tismum
1103 578 1136 607 in
1159 579 1302 607 mortem.
1319 577 1461 616 Spiritus
1478 577 1623 608 vivificat
1635 578 1669 607 et

967 622 1055 660 facit,
1071 623 1107 653 ut
1121 624 1178 661 qui
1195 623 1229 653 in
1254 624 1311 653 illo
1328 631 1484 662 aquarum
1507 623 1669 653 elemento

966 668 1157 707 sepelimur,
1178 670 1325 700 renovati
1347 678 1408 708 per
1432 670 1540 708 ipsum
1565 669 1670 707 Spiri-

967 714 1036 744 tum
1053 723 1278 754 resurgamus,
1299 718 1334 746 ut
1355 717 1506 754 quomodo
1529 715 1670 745 surrexit

968 760 1106 791 Christus
1130 771 1149 791 a
1176 763 1307 792 mortuis
1325 771 1380 800 per
1394 763 1526 801 qloriam
1542 761 1650 791 Patris
1659 780 1672 797 ‚

968 807 1009 836 ita
1025 808 1054 836 et
1067 815 1124 837 nos
1141 808 1172 836 in
1184 809 1318 837 novitate
1329 809 1398 838 vitoe
1414 807 1616 837 ambulemus.
1631 806 1671 836 Et

969 851 1002 880 hi
1026 852 1092 882 tres
1116 852 1193 890 quia
1221 861 1324 882 unum
1349 853 1542 890 operantur,
1567 859 1670 881 unum

967 897 1060 934 sunt,
1086 896 1171 927 sicut
1195 897 1276 927 dicit
1301 898 1477 927 Johannes.
1505 897 1610 926 Unum
1635 895 1669 925 in

968 941 1134 978 mysterio,
1146 950 1210 971 non
1225 942 1260 971 in
1272 943 1399 972 natura.
1416 942 1549 979 Sanguis
1568 941 1668 979 igitur

969 985 1059 1016 testis
1073 987 1185 1016 mortis
1198 1008 1208 1024 ,
1224 995 1305 1025 aqua
1320 987 1495 1025 sepulturae
1507 1009 1517 1025 ‚
1530 986 1670 1024 Spiritus

969 1031 1056 1062 vitae.
1071 1033 1207 1070 Sanguis
1222 1033 1346 1070 spectat
1359 1032 1400 1062 ad
1418 1033 1575 1070 pretium,
1587 1039 1669 1070 aqua

969 1077 1009 1107 ad
1024 1077 1201 1116 lavacrum,
1217 1079 1357 1117 Spiritus
1368 1080 1513 1109 mentem
1521 1077 1668 1108 renovat.

968 1123 1102 1161 Sanguis
1117 1124 1246 1153 Domini
1261 1132 1318 1154 nos
1331 1124 1484 1161 redemit,
1500 1123 1582 1154 sacri
1597 1123 1670 1152 ton-

969 1169 1010 1199 tis
1024 1169 1110 1200 unda
1125 1178 1183 1199 nos
1197 1169 1324 1207 abluit,
1337 1169 1476 1208 Spiritus
1495 1178 1554 1208 per
1570 1169 1670 1207 adop-

971 1215 1094 1245 tionem
1108 1215 1191 1246 filios
1201 1216 1261 1245 Dei
1275 1224 1332 1245 nos
1346 1215 1438 1245 facit.

1007 1261 1059 1291 42.
1077 1263 1199 1301 Quarta
1221 1263 1327 1300 viqz'lia
1349 1262 1432 1291 venit
1447 1261 1487 1292 ad
1500 1257 1573 1298 eos(
1589 1258 1672 1297 Apo-

968 1306 1256 1347 stolos)ambulans
1269 1317 1361 1344 super
1369 1316 1465 1337 mare.
1478 1305 1585 1335 Prima
1597 1305 1671 1335 dor-

970 1353 1062 1384 mitio
1079 1354 1128 1384 est
1150 1353 1248 1384 timor
1271 1355 1469 1390 nocturnus,
1489 1351 1617 1382 scilicet
1631 1350 1671 1381 de

970 1398 1135 1436 adversis3
1152 1398 1353 1436 subsequens
1374 1397 1486 1435 vigilia
1496 1419 1506 1435 ,
1519 1404 1580 1434 per
1594 1404 1672 1434 pru-

971 1445 1125 1474 dentiam.
1139 1444 1289 1474 Secunda
1305 1443 1468 1480 dormitio,
1485 1442 1602 1481 sagitta
1616 1450 1672 1471 vo-

972 1490 1040 1519 lans
1055 1498 1115 1528 per
1129 1489 1229 1526 diem,
1245 1489 1280 1519 id
1304 1492 1353 1520 est
1368 1488 1504 1519 tentatio
1523 1496 1583 1526 per
1594 1495 1670 1525 pro-

971 1541 1082 1571 sperat,
1095 1533 1209 1571 vigilia
1219 1554 1228 1570 ,
1242 1541 1300 1571 per
1312 1532 1549 1562 fortitudinem,
1563 1531 1672 1560 Tertia

972 1577 1143 1615 dormitio,
1170 1578 1338 1616 negotium
1373 1576 1605 1615 perambulans
1638 1575 1673 1604 in

973 1623 1134 1661 tenebris,
1159 1623 1285 1653 scilicet
1306 1630 1388 1652 vana
1410 1619 1672 1660 gloria3vigilia,

972 1668 1109 1705 justitia.
1134 1668 1255 1705 Quarta
1280 1668 1431 1698 dormitio
1445 1688 1454 1704 ,
1476 1667 1624 1696 incursus
1641 1666 1675 1695 et

973 1714 1166 1744 daemonium
1182 1712 1399 1742 meridianum
1412 1734 1421 1750 ,
1439 1712 1472 1741 id
1487 1712 1536 1742 est
1548 1711 1671 1740 intem-

974 1759 1132 1798 perantia.
1148 1760 1236 1798 Tunc
1260 1758 1354 1789 venit
1374 1758 1415 1788 ad
1431 1766 1486 1788 eos
1505 1756 1674 1794 Dominus,

973 1805 1140 1834 ambulans
1160 1812 1256 1842 supra
1271 1812 1372 1833 mare.
1388 1802 1545 1832 Dominus
1567 1809 1674 1839 supra,

973 1851 1029 1880 sed
1039 1852 1153 1880 Petrus
1165 1850 1332 1887 mergitur.
1342 1849 1449 1878 Primo
1461 1848 1594 1887 putatur
1606 1855 1677 1878 esse

975 1897 1181 1935 phantasma,
1206 1895 1264 1926 sed
1288 1895 1362 1934 post
1388 1894 1584 1933 agnoscitur.
1611 1892 1676 1923 Alii

974 1942 1150 1980 tepidiores
1162 1963 1171 1979 ,
1188 1941 1245 1972 sed
1268 1942 1378 1971 tamen
1403 1940 1533 1977 fideles,
1552 1937 1678 1978 magni-

974 1988 1070 2018 ficant
1085 1987 1260 2018 DomInum
1277 1987 1310 2016 in
1325 1987 1458 2016 talibus.

1013 2033 1065 2063 [ὦ.
1081 2033 1213 2072 Septem
1234 2033 1357 2063 debent
1372 2040 1441 2062 esse
1457 2031 1491 2060 in
1515 2029 1674 2060 oratione.

975 2079 1082 2109 Oratio
1106 2079 1197 2109 enim
1220 2079 1319 2108 debet
1343 2086 1412 2108 esse
1436 2077 1561 2114 fidelis,
1582 2075 1677 2113 juxta

976 2125 1079 2156 illud:
1097 2126 1251 2165 Quidquid
1273 2127 1397 2155 orantes
1407 2125 1528 2163 petitis,
1545 2123 1676 2159 credite,

975 2173 1050 2211 quia
1083 2172 1252 2210 accipietis,
1282 2173 1310 2201 et
1337 2171 1388 2208 fiet
1421 2170 1516 2200 vobis.
1550 2167 1677 2198 Deinde

976 2217 1095 2248 munda
1107 2239 1116 2255 ,
1127 2217 1222 2254 juxta
1238 2217 1428 2254 exemplum
1450 2215 1584 2245 Abrahae
1596 2236 1604 2251 ,
1619 2213 1678 2252 qui

976 2270 1051 2292 aves
1067 2262 1107 2292 de
1119 2260 1275 2291 sacrificio
1284 2259 1447 2297 abigebat.
1455 2259 1564 2288 Tertio
1578 2258 1678 2295 iusta,

976 2309 1090 2346 quarto
1110 2307 1237 2338 assidua
1250 2328 1259 2344 ,
1275 2306 1392 2345 quinto
1416 2305 1570 2342 humilis,
1585 2303 1680 2333 sexto

977 2353 1118 2391 fervens,
1134 2353 1203 2383 haec
1218 2353 1281 2383 duo
1296 2352 1420 2384 habens
1434 2351 1468 2382 in
1485 2358 1583 2390 grano
1591 2349 1681 2380 sina-

978 2399 1045 2438 pis3
1060 2398 1200 2438 septimo
1215 2398 1343 2430 devota.
