1810 3073
290 225 348 256 463

288 282 395 312 forsan
411 282 451 313 de
466 281 517 315 his
529 305 539 322 ‚
554 281 614 324 qui
625 286 854 324 cognoscentes
865 286 967 315 Deum
979 307 989 322 ,

288 336 354 358 non
383 330 545 368 tamquam
573 332 679 361 Deum
707 331 988 369 glorificaverunt,

289 382 355 404 non
379 375 500 414 legitur
515 377 602 415 quod
617 377 742 415 Spiritu
763 377 873 405 sancto
895 384 990 406 reve-

286 418 376 450 lante
399 424 630 460 cognoscerent
646 431 654 450 :
671 422 747 460 quia
762 429 837 451 cum
857 429 991 458 cognos-

287 468 401 497 cerent
412 489 421 505 ,
452 476 516 497 non
542 468 748 497 amaverunt.
785 467 838 496 Sic
868 467 989 505 quippe

285 510 388 542 habes
403 521 411 542 :
427 515 511 544 Deus
519 515 599 543 enim
612 514 669 543 illis
685 513 836 542 revelarit.
853 513 917 542 Nec
933 512 990 542 ad-

283 555 436 593 junctum
453 559 518 595 est,
543 567 603 596 per
624 558 783 595 Spiritum
806 566 901 587 suum
920 567 928 587 τ
945 566 988 588 ne

285 601 349 631 sibi
359 611 481 641 sponsae
490 603 634 632 osculum
643 611 674 631 m
680 605 770 632 entes
780 602 888 640 impiae
897 611 990 633 usur-

285 649 419 685 parent,
445 656 516 685 quae
539 649 700 677 contentae
724 656 761 678 ea
782 657 854 686 quae
875 648 987 687 inflat,

285 699 357 720 eam
373 701 444 729 quae
463 692 600 722 aedificat
615 693 816 723 nescierunt.
839 694 988 733 Denique

284 736 355 774 ipse
371 738 541 775 Apostolus
557 738 643 768 dicat
658 747 717 777 per
733 739 812 777 quid
829 748 988 777 cognove-

282 783 372 812 runt.
388 785 450 813 Per
463 793 514 821 ea,
530 784 646 822 inquit,
664 794 730 823 quoe
745 786 830 823 fucta
844 788 927 824 sunt,
939 788 989 816 in-

284 829 404 859 tellecta
424 833 658 868 conspexerunt.
676 831 768 861 [nde
795 832 827 862 et
843 833 986 870 constat,

283 875 360 913 quia
374 884 434 905 nec
457 876 602 913 perfecte
625 878 868 915 coguoverunt,
890 887 988 916 quem

284 921 421 951 minime
447 922 646 952 dilexerunt.
678 923 711 952 Si
740 924 831 952 enim
860 924 987 963 integre

284 967 523 1004 cognovissent,
536 968 713 998 bonitatem
727 977 790 1006 qua
804 977 862 1007 pro
875 978 988 1000 eorum

283 1012 507 1050 redemptione
524 1014 557 1042 in
570 1022 666 1044 carne
682 1014 771 1044 nasci
787 1017 819 1045 et
835 1015 917 1045 mori
933 1024 990 1045 vo-

283 1058 367 1096 luit,
395 1067 460 1089 non
489 1059 702 1097 ignorassent.
732 1061 816 1091 Audi
845 1061 987 1101 denique

765 231 796 259 S.
817 231 1052 259 BERNARDI
1072 231 1264 262 ABBATls

1024 284 1057 314 et
1073 285 1255 318 devotionis
1272 287 1515 326 pinguedinem
1532 291 1584 321 Est
1599 291 1720 331 quippe

1022 330 1164 368 Spiritus
1192 333 1362 370 sapientiae
1384 336 1417 364 et
1439 335 1646 373 intellectus,
1652 338 1723 376 qui

1023 376 1126 405 instar
1137 377 1207 414 apis
1222 386 1330 407 ceram
1346 382 1506 417 portantis
1519 383 1550 412 et
1565 383 1648 421 mel,
1663 383 1724 413 lia-⁴

1022 421 1078 450 bet
1103 422 1233 452 omnIno
1259 425 1292 454 et
1318 425 1404 455 unde
1430 428 1584 457 accendat
1608 424 1719 458 lumen

1021 466 1169 497 scientiae
1183 489 1192 504 ,
1219 468 1253 498 et
1280 469 1367 499 unde
1396 469 1547 502 infundat
1573 482 1723 512 saporem

1021 513 1143 549 gratiae.
1165 514 1286 544 Neuter
1302 523 1376 553 ergo
1398 525 1431 546 se
1447 519 1592 548 osculum
1607 527 1721 557 perce-

1022 558 1106 595 pisse
1121 559 1238 597 putet,
1254 560 1324 590 sive
1336 562 1392 599 qui
1407 563 1581 594 veritatem
1597 564 1720 594 intelli-

1021 602 1078 640 git,
1095 611 1155 633 nec
1171 604 1295 642 diligit3
1311 606 1380 636 sive
1395 607 1449 644 qui
1462 607 1580 646 diligit,
1594 608 1722 638 necin-

1022 648 1150 687 telligit.
1174 650 1257 679 Sane
1273 651 1307 680 in
1332 653 1441 682 osculo
1466 653 1527 683 isto
1551 662 1612 683 nec
1632 661 1722 683 error

1022 693 1126 723 locum
1149 695 1266 733 habet,
1292 705 1353 727 nec
1377 698 1482 736 tepor.
1506 699 1720 736 Quamobrem

1020 741 1156 777 geminae
1172 742 1282 779 gratiae
1294 745 1487 774 sacrosancti
1504 745 1604 774 osculi
1619 745 1720 775 susci-

1020 785 1145 822 piendae
1168 788 1260 824 paret
1278 796 1295 817 e
1318 789 1449 825 regione
1475 789 1538 819 duo
1560 789 1645 819 labia
1663 797 1720 820 sua

1019 839 1090 868 quae
1107 840 1221 869 sponsa
1239 834 1299 871 est,
1314 834 1538 872 intelligentiae
1547 836 1720 873 rationem,

1019 877 1188 915 sapientiae
1204 880 1408 909 voluntatem
1422 903 1430 918 ,
1447 882 1482 910 ut
1499 881 1538 910 de
1553 882 1651 919 pleno
1669 889 1721 911 os-

1020 924 1091 953 culo
1105 924 1245 962 glorians
1260 927 1424 956 mereatur
1439 927 1551 956 audire
1569 936 1576 955 :
1594 927 1723 964 Diffusa

1019 971 1062 998 est
1077 972 1179 1007 qratia
1194 972 1225 999 in
1242 971 1329 1001 labiis
1354 973 1413 1001 tnz's
1425 993 1434 1008 ‚
1454 974 1616 1011 propterea
1631 973 1721 1002 bene-

1019 1015 1098 1044 dixit
1114 1017 1140 1044 te
1162 1017 1244 1045 Deus
1258 1017 1291 1045 in
1310 1019 1471 1046 (eternum.
1492 1017 1604 1055 ltaque
1625 1018 1720 1047 Pater

1021 1059 1138 1088 Filium
1153 1061 1320 1099 osculans,
1336 1063 1525 1099 plenissime
1540 1063 1590 1092 illi
1603 1071 1720 1092 arcana

281 1102 363 1139 quid
376 1103 423 1133 eis
437 1103 477 1134 de
494 1104 561 1134 Deo
573 1106 754 1135 revelatum
767 1105 866 1136 fuerit
880 1116 887 1135 ι
902 1108 989 1137 Sem·
1002 1116 1005 1142 p
1020 1112 1084 1134 suae
1096 1105 1280 1135 divinitatis
1291 1108 1436 1144 eructat,
1453 1109 1486 1136 et
1500 1107 1600 1144 spirat
1612 1107 1721 1137 suavi-

279 1149 415 1186 pilerna,
430 1149 487 1187 ait,
501 1152 598 1181 virtus
611 1152 674 1190 ejzts
686 1154 714 1182 ct
725 1153 876 1182 (livinitus.
890 1153 988 1183 Vides
1001 1148 1004 1163 ⁴
1019 1150 1120 1180 tatem
1128 1152 1258 1189 amoris,
1267 1152 1430 1190 Scriptura
1440 1153 1498 1182 hoc
1507 1153 1720 1191 significante,

282 1196 360 1233 quia
372 1197 459 1235 quod
473 1198 695 1237 sublimitatis,
707 1200 794 1238 quod
810 1200 989 1238 majestatis
1020 1205 1093 1226 cum
1116 1198 1162 1227 ait
1178 1207 1185 1226 :
1202 1200 1275 1228 Dies
1299 1200 1359 1228 diei
1378 1201 1496 1229 eructat
1508 1199 1645 1229 verbum.
1662 1200 1719 1230 Cui

283 1243 345 1272 est.
361 1243 395 1272 in
409 1245 663 1294 praesumptione
679 1246 826 1284 spiritus,
841 1248 958 1277 nonD
955 1247 987 1285 ·i‚
1002 1231 1004 1292 ξ
1020 1251 1095 1272 sane
1111 1244 1310 1282 sempiterno
1331 1244 1608 1283 singulariterque
1624 1246 1720 1277 beato

285 1287 345 1317 sed
367 1289 417 1318 sui
433 1290 543 1320 rimati
567 1291 650 1321 sint:
668 1292 753 1330 quod
770 1294 880 1322 autem
900 1293 1004 1323 mitis
1002 1290 1231 1342 complexui,
1253 1291 1335 1319 nulli
1353 1291 1506 1329 omnino,
1522 1291 1581 1321 ut
1571 1300 1638 1328 jam
1653 1292 1720 1323 dic-

283 1334 327 1364 sit
340 1336 371 1364 et
386 1335 522 1366 humilis
535 1338 651 1375 corde,
668 1346 734 1367 non
750 1338 1004 1369 intellexerint.
1002 1326 1088 1363 tum
1110 1336 1176 1372 est,
1203 1337 1358 1365 creaturae
1381 1313 1538 1366 interf-‘5388
1566 1337 1719 1377 donatur,

283 1380 348 1410 Nec
365 1381 499 1419 mirum,
513 1383 589 1421 quia
604 1384 637 1413 et
649 1384 745 1421 caput
757 1391 870 1412 eorum
885 1384 989 1414 Bene-
1019 1380 1085 1409 solo
1105 1381 1275 1418 utriusque
1292 1381 1415 1419 SpirItu
1438 1382 1521 1411 teste
1537 1390 1574 1412 ac
1592 1384 1719 1414 conscio

283 1427 375 1455 moth
390 1427 473 1457 nihil
489 1428 627 1464 humile,
643 1429 700 1458 sed
717 1428 815 1466 (sicut
830 1430 869 1459 de
886 1438 923 1459 ρο
939 1431 1003 1470 10-
1018 1427 1140 1456 mutuae
1166 1426 1341 1465 agnitionis
1363 1428 1397 1457 et
1421 1427 1619 1458 dilectionis.
1646 1431 1720 1468 Quis

281 1470 390 1511 gitur)
408 1482 496 1504 omne
518 1474 646 1503 sublime
669 1475 855 1511 v1·‹1ee.Quo
879 1471 1003 1507 contra
1018 1481 1099 1502 emm
1114 1474 1251 1511 coqnosit
1273 1482 1394 1502 sensum
1418 1475 1564 1511 Domini,
1585 1476 1640 1505 aul
1654 1476 1720 1514 quis

281 1516 387 1547 David
399 1527 462 1548 non
479 1519 686 1549 ambulabat'
679 1528 712 1549 1n
727 1521 851 1558 magnis
860 1530 986 1560 ,neque

282 1562 318 1591 in
341 1564 547 1595 mirabilibus
569 1574 666 1604 super
690 1574 749 1604 se,
765 1575 808 1596 ne
829 1562 1003 1599 scrutator·

282 1609 460 1646 majestatis
476 1612 715 1649 opprimeretur
729 1620 747 1642 a
763 1613 876 1651 gloria

324 1654 355 1685 6.
382 1657 445 1687 Vos
461 1666 612 1695 quoque,
631 1659 668 1688 ut
685 1659 778 1688 caute
801 1658 836 1688 in
863 1657 988 1688 arcanis

282 1701 556 1740 sensibuspedem
566 1704 686 1742 figatis.
697 1705 988 1734 mementotesem-

281 1753 342 1783 per
353 1768 362 1784 ,
378 1748 465 1785 quod
486 1748 622 1786 Sapiens
649 1734 801 1779 admonet
816 1758 824 1778 t
841 1751 963 1792 Altiora
976 1773 986 1788 ,

282 1793 408 1831 inquit,
424 1795 452 1823 te
473 1803 511 1823 ‘ne
523 1796 695 1832 qtcoesieris,
711 1797 739 1824 et
755 1796 886 1833 fortiora
902 1797 930 1826 ie
951 1805 988 1826 ne

282 1841 437 1869 scrutatus
459 1840 567 1878 fucris.
585 1842 621 1870 In
643 1841 759 1879 spiritu
772 1842 937 1872 ambulate
953 1843 987 1872 in

283 1884 360 1922 illis,
375 1885 408 1914 et
417 1893 481 1915 non
494 1886 527 1915 in
540 1895 637 1917 sensu
653 1887 795 1925 proprio.
805 1887 986 1919 noenum

282 1928 424 1967 Spiritus
435 1939 499 1961 non
512 1933 732 1962 curiositatem
743 1934 849 1971 acuit,
866 1934 922 1964 sed
937 1943 988 1964 ca-

282 1975 414 2006 ritatem
423 1978 583 2008 accendit.
594 1979 707 2008 Merito
715 1979 851 2017 proinde
859 1988 983 2019 sponsa,

283 2029 381 2059 quem
395 2022 502 2060 diligit
524 2024 630 2053 anima
646 2033 702 2054 sua
720 2025 906 2064 inquirens,
922 2034 1003 2060 non,

283 2075 318 2097 se
333 2076 399 2098 suae
415 2069 523 2099 carnis
543 2070 694 2100 sensibus
711 2071 835 2108 credit,
850 2080 915 2101 non
931 2081 987 2101 cu-

282 2113 440 2143 riositatis
456 2114 605 2145 humanae
630 2116 785 2147 inanibus
807 2118 988 2148 ratiociniis

284 2162 464 2197 acquiescit
487 2170 496 2191 τ

284 2205 439 2242 Spiritum
462 2208 610 2237 sanctum
632 2208 781 2246 invocat,
810 2218 869 2247 per
889 2218 986 2248 quem

284 2251 423 2288 accipiat
446 2252 542 2281 simul
567 2254 599 2282 et
621 2253 766 2284 scicntiae
790 2255 937 2292 gustum,
955 2258 987 2286 et

284 2296 395 2334 gratiae
412 2297 670 2329 condimentum.
686 2301 724 2330 Et
738 2300 821 2330 bene
838 2301 985 2339 scientia,

284 2350 356 2379 quae
369 2342 402 2371 in
417 2343 525 2371 osculo
540 2343 643 2381 datur,
661 2353 733 2374 cum
750 2354 858 2375 amore
870 2346 987 2383 recipi-

285 2388 358 2416 tur:
373 2387 448 2425 quia
461 2388 579 2417 amoris
591 2389 747 2419 indicium
764 2392 909 2421 osculum
925 2392 985 2422 est.

287 2432 446 2462 ScffiNTIA
459 2440 533 2470 ergo
549 2442 620 2470 quae
635 2435 740 2473 inflat,
757 2445 831 2466 cum
846 2437 916 2467 sine
933 2446 987 2468 ca—

287 2478 383 2508 ritate
399 2478 458 2516 sit,
482 2487 546 2508 non
562 2481 711 2517 procedit
732 2489 773 2510 ex
789 2483 908 2512 osculo.
923 2483 986 2513 Sed

285 2532 347 2555 nec
366 2525 421 2562 qui
437 2524 542 2554 zelum
565 2525 623 2553 Dei
648 2525 786 2564 habent,
808 2528 840 2556 et
855 2536 919 2557 non
935 2537 986 2559 se-

287 2569 428 2600 cundum
443 2570 609 2600 scientiam
619 2591 629 2606 ,
642 2570 703 2600 sibi
720 2571 882 2601 ullatenus
897 2581 987 2602 arro—

523 2162 580 2191 sed
597 2162 681 2200 petit
697 2164 842 2193 osculum
855 2186 865 2202 ,
890 2163 923 2193 id
940 2166 1002 2203 est¹

1000 1510 1210 1548 consiliarius
1221 1519 1285 1556 ejus
1298 1519 1371 1556 suit.
1366 1518 1378 1538 ἓ

1058 1565 1087 1593 7.
1114 1564 1177 1593 Sed
1205 1563 1292 1593 dicat
1318 1563 1399 1592 mihi
1422 1563 1555 1594 fortasse
1580 1563 1717 1603 aliquis·

1000 1622 1003 1637 ι
1017 1610 1089 1640 Tibi
1104 1618 1177 1647 ergo
1193 1609 1282 1639 unde
1298 1609 1459 1646 innotuit,
1472 1610 1558 1647 quod
1573 1611 1655 1640 nulli
1671 1611 1723 1640 fa-,

1000 1641 1096 1686 teris
1109 1655 1267 1686 creditum
1280 1654 1455 1684 creaturae?
1470 1655 1618 1685 Profecto
1640 1656 1720 1686 Uni-

1002 1702 1003 1717 ¹
1018 1702 1146 1739 genitus
1175 1701 1231 1739 qui
1259 1701 1309 1730 est
1337 1701 1371 1730 in
1398 1701 1473 1730 sinu
1502 1701 1623 1739 Patris,
1648 1701 1720 1739 ipso

1019 1747 1199 1785 enarravit,
1211 1747 1352 1776 dixerim
1361 1768 1370 1784 ‚
1382 1755 1446 1776 non
1458 1746 1539 1776 mihi
1554 1747 1671 1777 misero
1687 1748 1721 1777 et

1018 1795 1148 1832 indigno
1158 1816 1167 1831 ,
1185 1793 1240 1823 sed
1250 1794 1345 1832 plane
1356 1793 1496 1822 Johanni
1512 1793 1615 1822 amico
1626 1801 1722 1831 spon—

1018 1841 1062 1878 si,
1079 1841 1171 1878 cujus
1195 1840 1265 1869 haec
1287 1839 1387 1869 verba
1415 1838 1508 1876 sunt3
1523 1846 1590 1868 non
1616 1839 1718 1869 solum

1017 1888 1138 1924 autem,
1151 1886 1248 1916 sedet
1262 1884 1400 1914 Johanni
1415 1884 1639 1922 Evangelistae,
1655 1883 1712 1915 uti-

1017 1941 1080 1971 que
1115 1931 1274 1969 discipulo
1302 1938 1400 1968 quem
1427 1930 1586 1968 diligebat
1612 1930 1718 1960 Jesus.

1016 1978 1138 2008 Placita
1164 1978 1250 2007 enim
1267 1976 1330 2006 fuit
1344 1977 1411 2005 Deo
1435 1976 1469 2005 et
1491 1975 1598 2005 anima
1617 1975 1716 2014 illius,

1018 2025 1114 2063 digna
1129 2032 1260 2062 prorsus
1282 2022 1413 2052 nomine
1435 2023 1468 2052 et
1483 2021 1557 2051 dote
1582 2029 1716 2059 sponsae,

1017 2071 1114 2109 digna
1138 2070 1246 2108 sponsi
1262 2068 1467 2106 amplexibus
1480 2089 1490 2105 ,
1514 2066 1610 2103 digna
1624 2066 1719 2096 deni-

1017 2124 1079 2154 que
1095 2124 1166 2154 quae
1184 2114 1392 2144 recumberet
1407 2121 1504 2151 super
1519 2113 1632 2150 pectus
1654 2112 1720 2141 Do-

1017 2161 1108 2191 mini.
1120 2160 1403 2191 HausitJohannes
1411 2159 1450 2188 de
1459 2158 1533 2187 sinu
1541 2157 1721 2196 Unigeniti,

1017 2207 1103 2245 quod
1119 2207 1157 2236 de
1167 2208 1302 2245 paterno
1314 2206 1465 2234 hauserat
1478 2204 1545 2233 ille.
1556 2205 1620 2234 Nec
1635 2204 1721 2233 solus

1017 2253 1086 2291 ipse
1099 2254 1226 2289 tamen,
1241 2251 1298 2282 sed
1313 2252 1346 2280 et
1357 2258 1486 2287 omnes,
1498 2250 1616 2288 quibus
1629 2249 1721 2279 idem

1000 2301 1001 2338 J
1018 2299 1126 2329 aiebat
1140 2298 1247 2335 magni
1263 2296 1389 2327 consilii
1402 2296 1563 2334 Angelus:
1579 2296 1641 2326 Vos
1653 2294 1724 2324 dixi

1017 2355 1066 2375 am
1073 2346 1143 2381 icos,
1167 2345 1241 2382 quia
1256 2344 1361 2373 omnia
1373 2350 1569 2380 quaecumque
1584 2341 1687 2370 audivi
1697 2349 1719 2370 a

999 2385 1001 2404 ³
1019 2393 1111 2421 Patre
1122 2399 1202 2427 meo,
1217 2391 1289 2419 nota
1301 2389 1358 2426 feci
1368 2388 1463 2418 vobis.
1474 2386 1587 2416 Hausit
1595 2387 1628 2416 et
1638 2387 1718 2416 Pau-

1018 2437 1084 2474 luS,
1102 2435 1193 2473 cujus
1218 2433 1425 2471 evangelium
1447 2440 1512 2462 non
1527 2433 1577 2462 est
1601 2431 1640 2460 ab
1659 2431 1717 2461 ho-

1017 2482 1105 2511 mine
1116 2503 1126 2519 ,
1141 2488 1248 2519 neque
1263 2488 1322 2518 per
1340 2478 1505 2509 hominem
1527 2476 1609 2507 illud
1629 2484 1716 2506 acce-

1017 2528 1083 2565 pit,
1098 2527 1154 2557 sed
1167 2535 1226 2566 per
1239 2525 1475 2555 revelationem
1490 2524 1568 2553 Jesu
1585 2522 1713 2553 Christi.

1017 2573 1161 2603 Profecto
1183 2573 1218 2601 hi
1234 2580 1344 2601 omnes
1359 2572 1425 2601 tam
1444 2569 1604 2607 feliciter,
1623 2575 1716 2607 quam

285 2615 462 2654 gentillud.
475 2617 654 2654 Utrumque
662 2615 749 2646 enim
763 2625 880 2646 munus
887 2616 985 2648 simul
1019 2618 1178 2648 veraciter
1189 2615 1297 2647 dicere
1312 2616 1466 2655 possunt:
1481 2616 1656 2654 Uniqenitus
1666 2615 1718 2652 qui

290 2661 351 2691 sert
365 2661 464 2693 osculi
487 2662 605 2702 gratia,
622 2662 655 2694 et
670 2661 843 2700 agnitionis
857 2662 983 2701 lucem,
1019 2666 1062 2695 est
1085 2665 1119 2694 in
1142 2664 1212 2694 sinu
1225 2664 1348 2700 Patris,
1362 2663 1425 2702 ipse
1441 2660 1599 2694 enarra-vit
1617 2659 1715 2691 nobi&
