1846 3078
259 214 318 246 4:26

257 271 316 301 sed
338 269 499 310 trepidam
514 269 549 301 et
571 269 818 301 meticulosam:
843 269 957 308 quarto

257 317 428 347 victoriam
444 316 585 347 validam
611 317 646 346 et
661 316 844 354 sapientem
861 323 869 343 :
886 323 957 353 quae

256 363 365 392 omnia
380 363 414 392 in
428 370 492 392 uno
506 361 656 401 quolibet
678 361 825 398 fugiente
841 360 880 389 de
897 368 956 389 sae-

256 409 329 438 culo
344 408 505 438 invenies.
522 407 628 436 Primo
644 406 733 436 enim
749 406 798 435 est
814 413 912 443 egens
924 406 957 435 et

256 453 413 493 insipiens
428 462 436 482 τ
452 454 565 492 postea
590 459 734 490 praeceps
760 452 794 481 et
819 452 956 480 temera-

254 499 322 530 rius
338 500 372 530 in
396 500 559 539 prosperis
577 506 584 526 ε
602 497 721 527 deinde
746 497 897 535 trepidus
924 498 956 527 et

254 546 470 582 pusillanimis
483 545 515 573 in
531 543 674 574 adversis
688 543 873 581 :postremo
884 551 956 582 pro-

247 590 366 628 vidus,
396 592 430 621 et
458 589 605 619 eruditus
619 610 629 627 ,
661 588 695 619 et
722 588 890 627 perfectus
919 588 954 619 in

255 643 352 674 regno
368 634 526 666 caritatis.

409 733 686 767 PARABOLA
722 734 781 767 H.

438 806 479 830 De
488 805 585 837 Pugna
596 806 744 838 spirituali.

290 869 397 899 INTER
410 868 609 907 Babylonem
623 870 656 900 et
671 870 851 900 Jerusalem
861 871 951 901 nulla

248 923 314 954 pax
337 916 404 953 est,
429 915 487 944 sed
511 923 627 953 guerra
654 915 819 945 continua.
846 917 951 947 Habet

247 968 450 998 unaquaeque
477 961 593 990 civitas
618 969 730 998 regem
758 969 863 991 suum.
880 962 951 991 Rex

246 1006 427 1036 Jerusalem
451 1006 596 1036 Christus
621 1006 778 1037 Dominus
804 1008 870 1045 est,
892 1016 950 1037 rex

247 1051 418 1089 Babylonis
434 1051 595 1081 diabolus.
612 1052 649 1081 Et
665 1060 740 1082 cum
763 1053 900 1082 alterum
918 1052 950 1082 in

244 1095 371 1132 justitia
381 1117 390 1133 ,
403 1096 543 1125 alterum
557 1097 589 1125 in
602 1096 728 1126 malitia
743 1105 878 1135 regnare
894 1097 952 1127 de-

246 1142 364 1180 lectet,
392 1150 451 1172 rex
472 1142 645 1181 Babylonis
671 1151 752 1181 quos
775 1144 884 1181 potest
909 1144 949 1174 de

246 1187 373 1218 civibus
398 1188 578 1218 Jerusalem
602 1197 661 1227 per
677 1189 843 1219 ministros
865 1198 950 1228 suos,

245 1234 372 1264 scilicet
391 1234 524 1272 spiritus
550 1234 756 1272 immundos,
773 1235 949 1274 seducere,

246 1279 282 1309 ut
297 1279 420 1310 servire
443 1288 499 1310 eos
522 1279 620 1310 saciat
643 1280 813 1319 iniquitati
834 1281 950 1311 adini-

244 1325 421 1363 quitatem,
443 1325 478 1355 in
502 1326 704 1364 Babylonem
729 1326 841 1356 trahit.
858 1327 949 1357 Unde

245 1368 321 1399 dum
348 1378 449 1400 unum
472 1370 512 1401 de
528 1370 656 1401 civibus
671 1370 739 1401 suis
755 1371 950 1402 constitutus

244 1416 427 1453 speculator
438 1424 536 1454 super
551 1424 660 1446 muros
671 1416 852 1446 Jerusalem
864 1417 947 1447 trahi

245 1460 413 1497 cerneret,
428 1460 594 1490 nuntiavit
609 1460 692 1498 Regi
714 1461 842 1498 captam
866 1469 949 1499 prae-

244 1501 318 1532 dam
338 1503 373 1532 in
394 1503 592 1541 Babylonem
607 1504 695 1534 duci.
712 1505 785 1533 Rex
799 1512 877 1534 vero
895 1505 950 1534 Je-

243 1548 384 1578 rusalem
417 1547 577 1578 advocans
607 1548 761 1586 spiritum
791 1548 946 1587 Timoris,

242 1593 384 1623 militem
410 1594 445 1623 in
470 1594 591 1624 talibus
617 1595 813 1624 strenuum:
840 1595 947 1634 Vade,

243 1635 368 1676 inquit,
384 1638 475 1676 eripe
500 1638 642 1676 praedam
667 1640 822 1668 nostram.
839 1639 899 1669 Ille
914 1642 947 1669 ut

243 1689 373 1720 semper
398 1682 438 1712 ad
463 1682 571 1712 omnia
603 1683 764 1721 imperata
798 1684 947 1721 paratus,

243 1734 317 1756 cum
338 1727 512 1757 velocitate
537 1727 647 1757 hostes
672 1727 899 1767 persequitur,
917 1731 947 1759 et

240 1770 278 1800 in
303 1771 436 1801 auribus
466 1779 578 1801 eorum
598 1771 703 1802 factus
730 1772 780 1801 est
810 1774 947 1810 repente

242 1824 340 1847 sonus
373 1818 540 1855 tamquam
571 1817 780 1847 advenientis
814 1817 947 1857 spiritus

241 1861 460 1892 vehementis.
476 1862 586 1891 Timor
603 1862 690 1892 enim
707 1870 805 1900 super
827 1870 882 1893 eos
898 1864 947 1893 in-

242 1905 367 1944 tonuit,
392 1907 424 1936 et
439 1906 479 1935 ad
501 1915 617 1936 vocem
633 1907 765 1937 virtutis
781 1907 851 1944 ejus
874 1908 947 1938 hos—

241 1949 324 1980 tium
340 1951 438 1980 robur
462 1959 557 1981 omne
575 1952 774 1981 contremuit
796 1960 803 1981 :
820 1961 899 1990 quos
912 1953 944 1982 in

241 1994 351 2033 fugam
377 2003 548 2025 conversos
581 1996 693 2025 Timor
728 2004 794 2026 non
820 1997 946 2035 longius

241 2042 433 2077 persecutus
448 2040 514 2077 est,
530 2040 587 2070 sed
602 2041 752 2078 ereptum
775 2042 943 2072 concivem

241 2084 420 2114 reducebat
434 2084 475 2113 ad
496 2084 638 2122 propria.
656 2085 778 2114 Verum
803 2094 886 2116 unus
903 2095 943 2116 ex

241 2128 438 2158 adversariis
447 2151 456 2165 ,
468 2128 623 2159 Tristitiae
638 2129 770 2167 spiritus
779 2152 787 2168 ,
799 2138 863 2160 non
877 2133 944 2161 erat

242 2179 317 2201 cum
342 2173 406 2210 eis,
427 2172 556 2210 quando
578 2173 687 2203 Timor
712 2174 857 2204 advenit.
884 2176 943 2205 Hic

242 2223 317 2245 cum
334 2217 485 2246 cerneret
500 2217 604 2247 socios
629 2218 736 2248 subito
762 2218 943 2258 fugientes,

239 2260 282 2290 ab
307 2261 454 2299 insidiis,
481 2262 515 2291 in
540 2263 659 2300 quibus
683 2263 823 2301 latebat,
853 2265 944 2295 ocius

240 2304 419 2334 advolavit.
446 2306 469 2334 A
500 2306 648 2345 Timore,
675 2308 850 2346 inquiunt,
876 2309 942 2338 solo

239 2347 363 2378 factum
393 2350 442 2378 est
472 2349 575 2387 istud,
599 2352 632 2380 et
659 2352 707 2381 est
733 2352 941 2390 opprobrium

240 2392 391 2423 omnibus
411 2392 516 2422 nobis.
533 2395 572 2423 At
594 2394 650 2424 ille
673 2405 681 2424 z
700 2396 745 2424 Ne
767 2396 909 2426 timeatis
924 2405 942 2426 a

238 2437 366 2467 Timore
382 2437 454 2468 isto.
473 2437 544 2467 Scio
562 2439 650 2468 enim
669 2439 748 2477 quid
763 2439 847 2469 facto
862 2449 942 2479 opus

239 2481 294 2512 sit.
312 2482 366 2512 lbo
389 2483 423 2512 et
445 2490 501 2512 ero
517 2481 649 2520 spiritus
669 2484 810 2514 mendax
834 2485 868 2514 in
884 2494 942 2515 an-

239 2526 325 2564 gulis
339 2526 550 2564 semitarum,
567 2527 599 2556 et
614 2527 755 2556 amicum
772 2537 824 2558 me
840 2529 941 2559 simu-

238 2569 313 2600 labo
325 2569 473 2600 Timoris.
488 2570 567 2600 Novi
580 2570 671 2600 enim
685 2570 849 2601 hominem
860 2593 868 2609 ,
881 2581 940 2603 nec

241 2616 290 2646 est
317 2614 480 2654 agendum
507 2622 580 2645 cum
607 2623 646 2645 eo
668 2615 720 2653 vi,
736 2614 792 2646 sed
814 2615 938 2647 fraude.

697 221 728 247 S.
758 219 995 248 BERNARDI
1020 219 1211 249 ABBATIS

994 270 1055 300 Vos
1079 271 1189 302 autem
1212 275 1401 313 exspectate
1425 275 1537 306 finem.
1552 276 1642 307 Fecit
1655 275 1692 306 ut

992 314 1138 354 dixerat,
1156 317 1190 347 et
1204 318 1332 350 viarum
1341 321 1535 360 compendia
1547 321 1691 359 captans,

991 362 1155 398 praecessit
1188 364 1361 395 Timorem.
1378 367 1601 405 Referensque
1626 366 1692 396 iter

991 414 1049 444 per
1063 407 1169 446 viam,
1186 417 1249 447 qua
1270 411 1478 448 gradiebatur
1491 413 1619 450 Timor,
1634 411 1709 441 ob->

992 451 1063 482 vius
1089 453 1121 483 ei
1139 453 1244 485 sactus
1265 456 1331 495 est,
1352 457 1474 497 amica,
1497 458 1555 489 sed
1579 456 1693 496 iniqua

991 505 1063 526 cum
1088 506 1126 529 eo
1151 500 1313 539 colloquia
1340 503 1632 543 commiscens,ita
1656 503 1694 534 ut

990 543 1146 574 seducere
1162 553 1238 575 eum
1263 548 1400 586 coeperit
1415 557 1423 578 ε
1441 550 1475 579 et
1497 550 1607 579 Timor
1629 557 1692 579 ne-

989 588 1075 619 scius
1104 590 1187 622 bono
1221 592 1330 623 animo
1355 594 1564 632 sequebatur.
1588 596 1693 633 Prope

987 633 1052 669 jam
1068 637 1155 674 erat,
1172 637 1209 667 ut
1230 646 1306 668 eum
1332 639 1367 669 in
1387 639 1515 671 foveam
1539 640 1693 679 despera-

989 678 1085 710 tionis
1109 681 1307 721 impelleret.
1338 684 1402 715 Sed
1427 686 1589 724 spectator
1610 685 1693 724 Regi

990 725 1112 757 indicat
1131 728 1211 766 quid
1225 730 1349 767 agatur.
1373 732 1445 762 Rex
1465 732 1573 762 autem
1588 740 1690 762 unum

988 771 1028 802 de
1044 772 1205 805 militibus
1219 775 1301 814 suis,
1319 776 1417 815 Spem
1437 778 1581 815 scilicet,
1604 786 1691 816 prae-

987 817 1075 856 cepit
1095 820 1267 860 accersiri,
1282 831 1381 860 quem
1403 831 1480 853 cum
1496 831 1578 862 equo
1599 822 1692 853 Desi-

986 863 1088 903 derii,
1104 867 1138 896 et
1153 874 1230 897 ense
1245 868 1382 899 Laetitiae
1397 869 1432 898 in
1452 869 1614 899 auxilium
1633 869 1689 907 J‘u-

987 908 1041 938 bet
1063 911 1248 943 accelerare
1272 914 1422 944 Timoris.
1444 915 1567 944 Fidelis
1592 915 1690 945 miles

986 953 1024 983 ad
1039 954 1214 994 imperium
1230 958 1401 996 egrediens
1411 981 1420 997 ,
1433 968 1507 989 cum
1518 961 1689 998 pervenis-

985 1000 1035 1029 set
1049 1001 1088 1030 ad
1112 1001 1240 1040 locum,
1260 1004 1393 1034 vibrans
1410 1013 1521 1035 ensem
1543 1005 1688 1044 laetitiae,

985 1045 1162 1076 Tristitiam
1184 1047 1353 1086 effugavit.
1371 1049 1487 1088 Sicque
1508 1050 1687 1081 liberatum

986 1091 1170 1131 concivem,
1183 1095 1216 1124 et
1228 1094 1415 1132 impositum
1428 1103 1512 1133 equo
1523 1096 1688 1126 Desiderii

985 1138 1189 1177 praecedens,
1210 1140 1361 1171 trahebat
1380 1140 1526 1172 funiculo
1547 1143 1688 1181 promis-

985 1183 1111 1213 sionum
1136 1193 1143 1213 :
1168 1186 1201 1216 et
1229 1186 1339 1216 Timor
1373 1195 1513 1226 sequens
1550 1189 1689 1227 urgebat

985 1228 1067 1259 facto
1082 1229 1210 1269 flagello
1231 1231 1271 1262 de
1288 1231 1444 1263 funiculis
1464 1235 1683 1272 peccatorum.

1024 1274 1055 1304 2.
1072 1275 1142 1306 Ibat
1151 1276 1250 1314 igitur
1261 1277 1466 1308 voluntarius
1478 1287 1580 1318 equus
1589 1301 1598 1317 ,
1610 1279 1688 1310 hinc

984 1319 1156 1358 attractus,
1173 1321 1250 1352 inde
1272 1324 1457 1362 compulsus
1473 1333 1480 1353 :
1499 1324 1604 1354 sedin
1619 1325 1687 1355 tam

984 1365 1096 1403 rapido
1125 1375 1222 1397 cursu
1251 1367 1435 1398 timendum
1462 1369 1494 1399 ei
1517 1368 1625 1399 fuerat
1646 1369 1687 1399 ab

984 1409 1127 1441 incursu.
1158 1412 1249 1442 Unde
1274 1413 1308 1443 et
1333 1413 1537 1451 collegerunt
1563 1414 1687 1445 milites

984 1455 1172 1493 Babylonici
1195 1457 1384 1495 consilium,
1406 1457 1578 1488 dicentes:
1600 1458 1686 1496 Quid

983 1498 1136 1537 facimus,
1160 1500 1236 1538 quia
1262 1500 1309 1531 sic
1333 1501 1466 1540 evadit,
1494 1509 1594 1540 quem
1618 1502 1686 1539 jam

982 1542 1073 1579 quasi
1106 1551 1179 1572 cum
1212 1544 1388 1574 securitate
1419 1545 1687 1583 possidebamus?

982 1586 1147 1623 Quomodo
1168 1588 1299 1626 plausus
1316 1588 1435 1618 inferni
1451 1597 1564 1619 versus
1579 1590 1630 1620 est
1650 1590 1684 1620 in

982 1631 1169 1669 planctum,
1197 1633 1230 1662 et
1256 1640 1316 1670 per
1340 1633 1426 1663 solos
1456 1633 1536 1663 duos
1561 1634 1686 1664 milites

982 1675 1135 1712 gaudium
1156 1677 1205 1706 est
1220 1676 1254 1705 in
1270 1676 1359 1706 coelis
1374 1685 1473 1715 super
1493 1679 1542 1708 sui
1563 1679 1685 1708 libera-

982 1719 1069 1749 tione
1085 1720 1249 1750 concivis?
1263 1721 1428 1758 Quomodo
1448 1721 1550 1760 periit
1570 1731 1686 1753 versu-

981 1764 1026 1793 tia
1047 1764 1215 1794 diabolicae
1238 1764 1381 1794 fraudis?
1396 1766 1484 1796 Unus
1508 1767 1619 1797 autem
1642 1775 1684 1798 ex

982 1810 1028 1840 eis
1045 1811 1171 1840 caeteris
1184 1810 1338 1849 nequior,
1351 1819 1424 1841 cum
1439 1813 1574 1842 sceleris
1587 1813 1685 1850 hujus

981 1855 1091 1894 opifex
1107 1857 1210 1893 esset,
1231 1855 1404 1894 profanum
1427 1857 1565 1894 protulit
1579 1858 1686 1888 consi·

980 1901 1061 1930 lium
1073 1922 1082 1938 ,
1096 1900 1208 1930 dicens
1225 1909 1233 1929 ι
1250 1901 1313 1930 Vos
1329 1900 1465 1931 nescitis
1485 1901 1683 1941 quicquam,

980 1953 1040 1975 nec
1055 1945 1204 1983 cogitatis
1214 1967 1222 1983 ,
1237 1945 1314 1983 quia
1329 1945 1423 1975 modo
1434 1946 1474 1975 ad
1487 1946 1682 1984 capiendum

981 1991 1106 2021 facilior
1139 1992 1202 2029 sit3
1237 1992 1270 2021 et
1295 1991 1321 2021 si
1355 1992 1486 2029 captus,
1517 1992 1683 2024 difficilius

980 2035 1062 2071 eripi
1084 2035 1198 2073 possit.
1214 2035 1278 2065 Vos
1300 2034 1400 2074 igitur
1426 2042 1444 2064 a
1460 2036 1554 2074 longe
1569 2045 1683 2075 prose-

978 2080 1129 2118 quimini.
1160 2081 1224 2118 Ego
1252 2088 1306 2110 me
1342 2080 1377 2109 in
1412 2081 1564 2118 angelum
1598 2082 1683 2113 lucis

979 2125 1186 2163 transfiguro,
1201 2125 1239 2155 ut
1264 2124 1391 2163 ignaros
1413 2124 1492 2163 viae,
1513 2126 1679 2164 tamquam

978 2169 1118 2198 advenas
1130 2170 1163 2198 et
1175 2169 1382 2206 peregrinos,
1395 2168 1531 2198 docendi
1547 2170 1681 2200 simula-

977 2213 1067 2242 tione
1085 2212 1258 2250 decipiam.
1275 2213 1367 2242 Hunc
1383 2212 1483 2250 igitur
1498 2213 1531 2242 in
1547 2214 1679 2244 modum

977 2258 1090 2288 fraude
1107 2258 1281 2295 disposita,
1298 2258 1377 2295 Regi
1400 2259 1508 2288 nostro
1529 2261 1680 2297 specula-

977 2304 1026 2332 tor
1050 2303 1240 2339 annuntiat,
1268 2303 1384 2333 venire
1411 2302 1544 2340 quidem
1572 2304 1680 2334 homi-

976 2356 1051 2377 nem
1080 2355 1162 2385 equo
1191 2347 1384 2385 impositum
1416 2346 1590 2385 desiderii,
1615 2350 1674 2380 sed

976 2394 1145 2431 plusquam
1168 2394 1315 2431 oporteat
1330 2401 1524 2432 properare,
1540 2401 1578 2424 eo
1592 2395 1679 2432 quod

976 2439 1103 2469 frenum
1119 2439 1152 2469 et
1166 2439 1245 2469 sella
1257 2439 1398 2468 deesset.
1411 2439 1544 2477 Hostes,
1557 2439 1677 2478 inquit,

975 2485 1102 2522 alonge
1124 2484 1367 2523 prosequuntur
1387 2492 1396 2513 ε
1418 2484 1495 2522 alii,
1511 2484 1677 2523 tamquam

975 2529 1150 2559 inveterati
1171 2528 1347 2566 malorum,
1367 2528 1494 2558 viarum
1523 2536 1677 2567 compen-

974 2573 1027 2603 dia
1043 2573 1184 2612 captant.
1201 2573 1265 2603 Sed
1281 2573 1316 2603 et
1328 2581 1416 2603 nunc
1438 2581 1540 2603 unum
1555 2573 1671 2612 video,

974 2617 1008 2647 in
1038 2626 1103 2657 quo
1137 2626 1300 2648 armorum
1334 2619 1518 2648 nostrorum
1549 2617 1677 2649 relucet
