1846 3078
511 231 557 259 ΙΝ
578 229 780 260 CANTICA
797 228 949 257 SERMO
973 229 1135 257 LXXIII.

112 287 216 320 dictus
230 288 279 320 est
294 297 302 318 ε
319 288 373 319 hic
396 287 506 318 autem
531 286 710 317 secundum
727 283 807 315 ulti—

111 343 195 364 mam
212 343 248 364 ac
263 335 386 365 variam
406 333 658 364 retributionem
673 331 807 361 merito-

110 388 195 410 rum.
213 381 250 411 Et
264 380 345 410 forte
360 380 468 409 sensui
492 379 569 409 huic
590 378 738 408 videatur
752 376 809 406 ad-

111 426 260 464 stipulari
294 426 477 456 extremum
521 424 657 463 capituli
690 423 807 460 hujus,

110 472 196 511 quod
211 471 342 511 quidem
362 480 445 510 pene
461 471 580 501 oblitus
601 470 738 500 fueram.
755 469 808 498 Di-

111 526 187 548 cens
203 526 361 556 namque,
377 519 490 548 Similes
513 519 594 554 esto,
619 517 722 546 detecte
746 516 806 551 nit,

109 572 226 602 capreoe
267 564 453 603 hinnuloque
494 571 670 598 cervorum,
701 560 807 598 addit,

109 616 199 646 snper
213 612 329 639 montes
348 610 463 639 Betltel.
477 609 542 638 Nec
559 607 648 636 enim
664 607 698 635 in
715 606 808 636 domo

108 652 169 682 Dei
187 652 294 692 (quod
310 654 401 683 sonat
425 649 562 691 Bethel)
580 651 656 680 mali
682 651 808 680 montes

109 699 195 727 sunt.
208 699 421 735 Quamobrem
436 698 555 728 saliens
571 697 604 726 in
617 705 672 726 eos
688 696 808 726 hinnu-

110 742 161 772 lus
194 753 259 773 non
285 744 471 781 conculcat,
498 743 554 773 sed
587 742 746 779 laetificat,
772 742 808 771 ut

109 788 274 827 Scriptura
290 789 463 827 impleatur
477 796 548 826 quae
565 787 644 816 dicit
668 795 676 815 ε
691 788 808 817 Montes

108 835 137 863 ct
148 835 236 865 colles
250 835 418 864 cantabunt
433 842 538 863 coram
557 834 621 863 Deo
639 833 754 863 laudes.
771 833 809 862 Et

108 879 240 916 quidem
263 879 339 909 sunt
364 879 507 917 montes,
530 887 608 917 quos
630 879 807 909 secundum

108 924 320 961 EvangeHum
344 925 431 955 tollit
451 924 531 955 fides
556 926 739 962 comparata
765 926 809 955 si-

107 970 203 1009 napi,
222 971 278 1001 sed
293 979 357 1001 non
373 972 448 1001 sunt
458 972 584 1001 montes
605 971 732 1002 Bethel.
755 972 808 1002 Et-

109 1016 196 1046 enim
212 1017 407 1055 quicumque
429 1018 506 1047 sunt
530 1017 661 1056 Bethel,
673 1016 807 1047 minime

109 1070 163 1092 eos
174 1062 261 1092 tollit
276 1063 372 1100 tides,
389 1063 446 1093 sed
461 1063 549 1092 colit.

148 1108 180 1138 8.
196 1108 288 1145 Quod
301 1109 328 1138 si
347 1109 550 1146 principatus
566 1108 599 1139 et
612 1109 807 1147 potestates,

108 1161 236 1183 necnon
266 1155 299 1184 et
323 1155 440 1184 caetera
461 1154 675 1185 nihilominus
696 1155 809 1186 beato-

110 1207 181 1228 rum
209 1200 388 1238 Spirituum
414 1201 561 1238 agmina,
588 1201 807 1239 coelorumque

108 1243 253 1273 Virtutes
267 1245 395 1274 montes
410 1245 485 1274 sunt
499 1244 613 1274 Bethel
625 1267 634 1283 ,
650 1246 687 1275 ut
702 1245 741 1275 de
758 1246 808 1276 his

110 1288 330 1327 intelligamus
354 1290 477 1320 dictum
488 1313 497 1328 ,
513 1292 730 1321 Fundamenta
744 1292 808 1329 ejus

107 1335 139 1363 in
154 1335 309 1366 montibus
320 1338 450 1375 sanct2'33
470 1345 534 1366 non
549 1345 626 1367 sane
642 1337 669 1367 is
685 1338 809 1368 hinnu-

108 1380 157 1409 lus
182 1380 258 1410 vilis
282 1389 319 1410 ac
341 1383 615 1420 contemnendus,
632 1383 687 1421 qui
712 1393 807 1422 supra

107 1425 174 1454 tam
190 1427 389 1457 excellentes
406 1428 530 1457 montes
545 1428 633 1458 visus
648 1430 697 1459 est
711 1438 808 1468 appa-

106 1479 193 1507 rere,
203 1473 288 1501 tanto
300 1473 423 1511 Anqelz's
433 1474 682 1511 mehhrofJectus,
693 1478 807 1513 quanto

106 1517 296 1554 differentius
314 1527 380 1556 proe
397 1520 453 1548 illis
473 1527 584 1548 nomen
607 1519 805 1550 hoeredz'taric.

106 1562 192 1600 Quid
207 1563 312 1600 enim,
326 1564 353 1592 si
368 1564 401 1593 in
416 1564 538 1601 psalmo
551 1564 688 1602 legimus
703 1566 807 1595 mino-

106 1610 213 1638 ratum
241 1609 281 1638 ab
307 1610 459 1648 Angelis?
483 1611 594 1648 Neque
621 1611 709 1640 enim
734 1612 806 1643 ideo

105 1663 171 1685 non
186 1655 319 1693 melior,
335 1656 411 1693 quia
434 1655 556 1692 minor3
574 1663 634 1685 nec
649 1657 807 1686 contraria

106 1701 184 1731 sunt
211 1700 313 1730 locuti
354 1701 520 1738 Apostolus
557 1702 590 1730 et
629 1702 806 1740 Propheta,

107 1746 228 1784 quippe
261 1746 418 1777 hahentes
450 1746 600 1775 eumdem
636 1746 804 1784 Spiritum.

106 1793 186 1821 Nam
202 1791 228 1820 si
240 1791 438 1829 ,dignationis
454 1792 516 1821 suit
530 1792 615 1830 quod
631 1793 807 1824 minoratus

108 1837 176 1874 est,
201 1845 264 1866 non
291 1838 514 1874 necessitatis,
541 1838 624 1867 nihil
650 1839 746 1877 plane
772 1841 806 1870 in

108 1883 169 1912 hoc
196 1883 333 1912 bonitati
359 1883 597 1921 praescribitur,
614 1885 669 1914 sed
686 1886 807 1916 adscri-

108 1929 210 1958 bitur.
243 1929 390 1967 Denique
423 1930 616 1959 minoratum
648 1932 806 1970 Propheta

106 1975 290 2014 perhibuit,
302 1984 366 2005 non
381 1976 538 2005 minorem
549 1999 557 2014 ,
570 1977 719 2006 attollens
735 1987 807 2016 gra-

107 2023 205 2059 tiam,
223 2023 256 2052 et
280 2022 465 2060 propellens
491 2022 656 2058 injuriam.
672 2024 750 2053 Nam
774 2026 807 2055 et

108 2068 330 2098 minoritatem
355 2068 468 2096 natura
486 2069 629 2104 recusat,
647 2069 678 2098 et
701 2069 808 2099 mino-

108 2114 266 2144 rationem
283 2112 416 2142 excusat
431 2121 537 2142 causa.
554 2114 675 2151 Nempe
702 2115 807 2146 mino-

107 2160 195 2190 ratus
211 2160 275 2197 est,
292 2159 367 2196 quia
393 2159 461 2196 ipse
477 2159 580 2188 voluit
596 2167 604 2188 ε
630 2160 807 2193 minoratus

106 2207 155 2237 est
168 2214 223 2236 sua
237 2206 402 2235 voluntate
412 2226 421 2242 ,
435 2205 467 2234 et
480 2207 587 2235 nostra
599 2209 804 2239 necessitate.

106 2253 159 2282 Sic
184 2251 354 2288 minorari,
378 2250 526 2280 misereri
552 2251 626 2281 fuit.
653 2253 806 2290 Quaenam

106 2298 246 2337 perditio
261 2297 329 2326 haec
341 2296 352 2325 ἓ
366 2297 511 2326 Profecto
529 2299 664 2328 accessit
678 2300 805 2340 pietati,

107 2342 261 2382 quicquid
288 2341 447 2378 majestati
477 2341 583 2371 visum
609 2343 658 2372 est
690 2344 807 2383 deper-

107 2390 194 2420 iisse.
218 2389 419 2426 Quamquam
440 2395 500 2417 nec
520 2387 689 2425 Apostolus
706 2391 807 2422 tacuit

106 2436 167 2465 hoc
182 2443 334 2473 magnum
350 2442 473 2471 magnae
495 2433 627 2471 pletatis
642 2443 806 2476 arcanum,

106 2482 163 2512 sed
182 2482 228 2511 ait
252 2482 358 2511 :Eum
380 2482 481 2511 autem
504 2481 557 2520 qni
575 2482 693 2511 modico
714 2492 807 2521 quam

108 2529 217 2566 Anqeh'
243 2529 414 2558 minoratus
436 2529 498 2565 est,
524 2528 658 2558 videmus
682 2530 806 2567 desum,

108 2577 231 2614 propter
241 2576 413 2613 passionem
424 2576 530 2607 mortis
542 2575 640 2613 oloria
651 2576 679 2606 et
694 2575 807 2608 honore

109 2623 301 2652 coronatum.

1475 238 1535 268 595

881 284 912 314 9.
937 284 976 314 Et
999 284 1068 314 haec
1084 283 1263 315 dixerimus
1275 294 1334 324 pro
1355 290 1485 321 nomine
1502 292 1534 322 et

841 329 1057 360 similitudine
1080 329 1229 367 hinnuli,
1245 331 1402 368 quatenus
1416 336 1535 372 Sponso

843 382 912 403 eam
923 396 932 412 ,
953 375 1046 412 juxta
1061 383 1244 405 sermonem
1260 383 1400 414 sponsae,
1415 381 1533 418 absque

843 420 1019 457 majestatis
1032 421 1151 459 injuria
1164 421 1360 460 aptaremus.
1373 424 1455 459 Quid
1467 426 1537 455 dico

842 466 963 504 absque
978 467 1157 505 majestatis
1180 467 1316 505 injuria,
1339 468 1464 504 quando
1479 478 1539 499 nec

842 512 1010 543 infirmitas
1026 513 1215 543 inhonorata
1229 513 1384 543 remansit
1395 512 1407 542 ἒ
1418 514 1541 543 Hinnu-

842 559 890 588 lus
906 561 965 597 est,
978 560 1133 597 parvulus
1143 560 1208 597 θεῖς
1223 567 1346 597 capreae
1358 566 1485 597 quoque
1500 559 1542 588 si-

841 605 927 634 milis
948 606 1154 643 perhibetur,
1179 606 1344 644 tamquam
1371 604 1474 634 faetus
1500 612 1543 634 ex

842 651 979 681 muliere
993 659 1000 680 :
1023 651 1165 681 attamen
1178 661 1268 689 snper
1288 652 1405 680 montes
1420 649 1542 687 ΒεΙῙισΙ,

841 697 983 726 attamen
991 697 1152 726 excelsior
1160 697 1250 726 coelis
1259 696 1442 726 factus.Non
1451 694 1542 732 dicit,

842 742 1000 772 excelsior
1022 742 1112 772 coelis
1134 750 1192 772 ens
1212 743 1266 771 vei
1285 742 1445 771 exsistens
1461 749 1469 770 τ
1486 740 1544 770 sed

841 789 988 818 excelsior
1012 789 1092 818 coele's
1117 789 1234 826 factus,
1250 796 1291 817 ne
1307 788 1379 825 quis
1394 787 1487 825 putet
1502 787 1542 816 de

843 834 895 863 illa
905 835 1018 864 natura
1027 834 1162 872 dictum,
1174 834 1278 871 inqua
1287 834 1335 863 est
1346 833 1400 872 qui
1410 834 1469 862 est.
1480 831 1544 862 Sed

842 881 874 909 et
885 880 942 909 ubi
955 880 1126 919 praefertur
1138 879 1267 918 Angelis
1276 901 1285 917 ,
1297 880 1413 909 melior
1424 879 1543 908 nihilo-

843 925 948 954 minus
962 925 1156 963 perhibetur
1169 924 1322 962 effectus,
1336 924 1369 954 et
1383 932 1447 953 non
1463 923 1544 953 dici-

842 971 895 1000 tur
918 979 1052 1000 manens
1079 971 1133 1000 vel
1159 970 1318 1000 exsistens
1342 969 1470 999 melior.
1495 969 1542 997 Ex

841 1017 959 1055 quibus
983 1018 1136 1056 apparet,
1152 1016 1238 1055 quod
1253 1024 1317 1045 non
1332 1015 1426 1045 modo
1451 1015 1485 1044 in
1502 1022 1541 1044 eo

841 1063 925 1101 quod
951 1064 990 1092 ab
1017 1064 1138 1093 aeterno
1154 1064 1219 1100 est,
1236 1063 1293 1093 sed
1318 1062 1417 1093 etiam
1444 1061 1478 1090 in
1501 1068 1541 1090 eo

841 1109 927 1146 quod
959 1109 993 1138 in
1019 1110 1164 1146 tempore
1190 1108 1293 1139 factus
1318 1108 1384 1146 est,
1412 1114 1542 1137 omnem

841 1153 902 1183 sibi
916 1154 1128 1184 eminentiam
1144 1154 1291 1184 vindicet
1302 1161 1397 1192 supra
1412 1159 1543 1183 omnem

841 1200 1064 1238 Principatum
1087 1200 1120 1229 et
1134 1200 1346 1237 Potestatem,
1362 1206 1457 1236 supra
1473 1206 1543 1227 om-

842 1254 916 1275 nem
932 1246 1072 1284 denique
1089 1246 1268 1276 creaturam
1278 1268 1287 1283 ,
1301 1246 1412 1283 utpote
1423 1245 1543 1282 primo-

842 1292 970 1329 genitus
992 1292 1096 1321 omnis
1129 1292 1298 1321 creaturae.
1323 1292 1433 1328 ltaque
1462 1290 1543 1328 qnod

841 1339 966 1368 stultum
978 1339 1020 1368 est
1034 1339 1093 1368 Dei
1099 1359 1109 1374 ‚
1120 1339 1286 1375 sapientius
1297 1339 1339 1367 est
1351 1336 1541 1373 hominibus3

841 1386 869 1413 et
886 1385 964 1422 quod
980 1384 1136 1421 infirmum
1152 1385 1194 1413 est
1210 1385 1284 1418 Dei,
1302 1383 1411 1418 fortius
1426 1384 1468 1411 est
1486 1381 1543 1410 Ιιο-

840 1429 985 1459 mint'bus.
1012 1429 1078 1457 Hoc
1102 1428 1234 1466 quidem
1259 1427 1440 1465 Apostolus.
1465 1426 1544 1455 Mihi

842 1476 1027 1504 autemnon
1040 1473 1171 1503 videtur
1183 1481 1308 1510 errare,
1320 1472 1346 1501 si
1359 1472 1430 1509 quis
1443 1472 1542 1502 etiam

841 1519 1009 1557 sapientiae
1020 1520 1053 1548 et
1064 1518 1247 1549 fortitudini
1256 1518 1450 1556 Angelorum
1463 1526 1543 1556 prae-

842 1565 1011 1595 ferendum
1027 1565 1113 1595 dicat
1134 1565 1313 1594 identidem
1334 1563 1468 1594 stultum
1492 1564 1543 1594 in-

841 1611 1035 1649 firmumque
1056 1611 1129 1640 Dei.
1147 1612 1194 1640 Ila
1209 1619 1284 1648 ergo
1298 1618 1439 1648 praesens
1454 1610 1543 1640 locus

842 1657 1074 1687 convenienter
1095 1656 1259 1695 aptabitur
1283 1656 1459 1686 universali
1483 1657 1542 1686 Ec-

841 1702 959 1732 clesiae.

882 1748 932 1778 10.
949 1748 1018 1776 Jam
1033 1755 1111 1777 vero
1128 1747 1213 1785 quod
1228 1747 1268 1775 ad
1282 1754 1380 1776 unam
1396 1745 1542 1785 singula-

841 1793 920 1823 riter
945 1793 1086 1822 animam
1113 1793 1237 1831 spectat
1255 1790 1352 1830 (nam
1370 1793 1403 1821 et
1419 1801 1497 1831 una,
1513 1794 1541 1824 si

842 1840 945 1868 Deum
961 1839 1118 1876 dulciter,
1133 1838 1313 1876 sapienter,
1328 1838 1542 1869 vehementer

841 1886 945 1922 amat,
972 1893 1087 1922 sponsa
1112 1884 1182 1922 est)
1201 1884 1337 1921 quisque
1362 1884 1542 1921 spiritualis

842 1933 875 1961 in
901 1932 1076 1968 semetipso
1102 1930 1275 1959 advertere
1308 1930 1433 1967 potest,
1460 1930 1540 1968 quid

841 1977 901 2007 sibi
919 1977 993 2006 inde
1009 1976 1174 2014 proprium
1189 1974 1385 2011 respondeat
1408 1975 1542 2013 experi-

840 2025 998 2053 mentum.
1021 2023 1084 2060 Ego
1109 2030 1189 2051 vero
1205 2020 1361 2059 quicquid
1378 2021 1457 2050 illud
1473 2021 1542 2060 est,

841 2070 925 2107 quod
941 2069 973 2098 in
989 2076 1040 2097 me
1057 2068 1095 2097 de
1112 2066 1297 2104 hujusmodi
1323 2066 1467 2104 experiri
1485 2066 1542 2097 do·-

841 2116 953 2144 natum
970 2114 1037 2151 est,
1054 2121 1161 2143 coram
1178 2112 1285 2150 eloqui
1301 2120 1365 2142 non
1391 2113 1541 2143 verebor.

840 2163 919 2191 Nam
936 2161 995 2190 etsi
1011 2160 1076 2190 vile
1094 2159 1228 2188 forsitan
1245 2166 1318 2187 cum
1334 2158 1434 2188 fuerit
1449 2158 1541 2188 audi-

842 2207 909 2236 tum
921 2228 929 2244 ,
943 2207 974 2236 et
991 2205 1189 2243 despicabile
1202 2204 1374 2242 videatur,
1390 2212 1453 2233 non
1468 2213 1541 2234 mea

840 2253 942 2283 refert
956 2261 964 2281 ε
978 2252 1054 2290 quia
1066 2251 1122 2289 qui
1138 2250 1318 2289 spiritualis
1329 2250 1396 2288 est,
1409 2258 1474 2280 non
1489 2258 1542 2280 me

840 2298 1017 2337 despiciet3
1033 2297 1089 2336 qui
1112 2297 1240 2334 minus,
1261 2305 1324 2326 non
1339 2305 1392 2326 me
1417 2296 1542 2327 intelli-

840 2346 906 2383 get.
923 2345 1072 2374 Attamen
1088 2343 1114 2373 si
1137 2344 1172 2373 in
1193 2344 1294 2373 alium
1309 2343 1395 2373 istud
1422 2350 1541 2373 sermo-

840 2399 916 2420 nem
932 2398 1104 2420 servavero
1116 2411 1124 2427 ,
1139 2389 1220 2419 forte
1242 2397 1308 2419 non
1328 2389 1467 2418 deerunt
1482 2387 1538 2425 qui

841 2437 1044 2467 aedificentur
1059 2437 1093 2466 in
1108 2435 1167 2474 iis,
1188 2444 1260 2474 quae
1283 2435 1434 2465 exoratus
1455 2433 1539 2463 inte-

841 2483 903 2513 rim
926 2483 1083 2512 Dominus
1100 2481 1289 2520 inspirabit,
1312 2481 1453 2518 Sponsus
1478 2479 1537 2509 Ec—

841 2529 948 2560 clesiae
967 2529 1061 2561 -Iesus
1075 2528 1219 2558 Christus
1232 2526 1387 2556 Dominus
1410 2522 1536 2561 noster,

841 2575 897 2613 qui
922 2574 971 2604 est
995 2583 1093 2613 super
1108 2573 1215 2604 omnia
1238 2573 1326 2603 Deus
1346 2568 1538 2603 benedictus

841 2621 874 2651 in
891 2621 1025 2658 saecula,
1037 2627 1144 2652 amen.
