1830 3073
252 246 297 277 50⁴

738 248 768 275 S.
790 246 1021 275 BERNARDl
1043 246 1233 273 ABBATis

247 302 395 342 jacentes
416 296 556 341 Spiritus
584 301 734 332 veritatis
754 301 907 339 irradiat,
925 301 973 329 et*
994 299 1057 328 hoc
1087 299 1137 328 est
1175 307 1250 329 eum
1282 298 1484 330 considerare
1510 298 1692 340 hominem,

250 349 397 379 excitans
425 349 618 379 erubescere
645 347 742 385 facit,
771 348 806 377 et
838 347 956 377 timere

248 396 372 432 Deum,
388 394 466 425 dum
483 394 600 425 vident
621 392 863 423 immanitatem
891 391 957 421 cri-

250 439 395 478 minum,
433 440 626 470 meritorum
661 437 893 476 exiguitatem3
923 434 960 465 et

245 486 342 519 Vvelut
368 485 539 516 ardentem
568 491 677 515 coram
711 492 746 513 se
773 482 956 521 gehennam

248 531 503 569 expavescentes
513 553 522 569 ,
538 529 690 569 quoniam
702 528 737 557 in
749 527 865 565 seipsis
879 526 956 556 boni

245 575 296 605 nil
319 575 510 613 inveniunt,
539 574 672 605 aliunde
706 571 958 611 apprehendunt:

246 621 336 651 unde
363 621 526 659 tegantur.
552 619 666 649 Sciunt
682 618 768 647 enim
792 617 878 655 quod
892 625 957 647 non

247 667 290 697 sit
303 665 408 697 tutum
421 666 454 694 in
471 665 646 703 conspectu
660 662 792 693 Domini
816 662 877 692 Dei
905 663 955 692 sui

246 719 366 741 vacuos
387 718 545 748 apparere
571 710 681 739 contra
702 709 796 746 Legis
810 716 956 746 praecep-

247 759 332 794 tuin,
347 755 380 786 et
394 755 497 785 multo
509 755 617 784 minus
632 755 665 784 id
677 762 873 796 praesumere
885 753 957 792 ple-

245 801 296 831 n1s
308 803 447 832 stercore
469 801 620 830 manibus
634 800 766 830 audent.
779 800 861 838 Quia
880 809 956 838 ergo

246 846 381 884 timent,
391 847 423 876 et
438 846 552 875 merito
566 846 683 875 timent
695 854 754 883 per
769 845 890 884 seipsos
902 854 956 875 ac-

246 891 382 929 cedere,
398 891 529 921 student
544 891 635 929 quasi
651 899 710 929 per
731 891 811 921 alios
831 891 956 929 suppli-

247 944 333 967 care.
349 937 425 967 Tale
439 938 487 966 est
499 937 581 967 illud
596 936 750 966 orationis
760 945 878 975 genus,
891 945 955 976 quo

246 982 389 1013 solemus
407 982 457 1013 uti
470 982 615 1013 dicentes
631 991 640 1012 z
657 984 767 1013 Sancte
781 985 882 1019 Peli-e,
898 993 955 1013 ora

243 1037 302 1066 pro
314 1028 412 1065 nobis,
428 1028 462 1058 et
476 1028 609 1058 similia.
625 1028 765 1058 Maxime
781 1037 858 1058 vero
874 1029 955 1058 illud

247 1072 425 1102 obsecratio
450 1074 500 1102 est
525 1072 698 1102 manifesta
719 1081 729 1101 τ
745 1075 807 1102 Per
834 1082 954 1102 crucem

245 1119 273 1147 et
290 1119 466 1156 passionem
492 1119 598 1155 tuam,
616 1118 713 1148 libera
732 1126 790 1148 nos
803 1119 953 1156 Domine,-

247 1163 279 1192 et
295 1165 412 1194 caetera
428 1164 462 1194 in
485 1163 573 1193 hunc
601 1163 746 1194 modum.
769 1164 846 1193 Tale
863 1165 953 1194 enim

247 1209 389 1247 videtur,
404 1218 440 1239 ac
453 1210 479 1240 si
494 1210 575 1239 latro
585 1209 825 1248 deprehensus,
841 1210 953 1248 etjam

246 1254 372 1286 vicinus
383 1255 576 1294 suspendio,
592 1256 720 1293 quando
743 1256 876 1294 penitus
897 1257 954 1286 de-

244 1302 375 1340 sperat,
390 1310 452 1332 nec
467 1301 597 1331 invenit
615 1302 649 1331 111
673 1310 706 1332 se
722 1301 808 1331 unde
820 1303 953 1332 veniam

247 1347 462 1385 deprecetur,
485 1347 670 1377 extendens
694 1347 826 1377 brachia
842 1348 952 1378 dicat:

245 1393 321 1430 quia
346 1394 392 1423 sic
408 1401 521 1432 passus
547 1393 595 1423 est
609 1392 754 1423 Christus
766 1400 775 1430 ς
789 1394 825 1423 ut
841 1402 952 1424 eorum

245 1444 264 1465 a
279 1437 396 1474 quibus
422 1437 576 1476 tenetur,
607 1437 731 1468 animos
759 1438 890 1468 moveat
914 1439 954 1468 ad

246 1481 416 1520 pietatem.

286 1528 317 1558 2.
333 1529 434 1559 Credo
464 1536 522 1567 ego
550 1528 589 1558 de
614 1528 734 1559 talibus
753 1528 818 1558 dici
840 1536 953 1567 posse,

245 1574 321 1611 quia
346 1584 474 1613 reqnum
501 1575 645 1604 coelorum
672 1576 735 1604 w'm
758 1576 902 1612 patitur,
926 1578 954 1606 et

246 1621 369 1650 violenti
382 1622 508 1659 rapiunt
518 1621 602 1650 illud.
615 1621 688 1649 Vim
701 1620 841 1650 faciebat
856 1629 954 1659 regno

246 1665 401 1695 coelorum
415 1666 610 1695 PublIcanus
626 1665 701 1703 ille,
715 1665 769 1703 qui
785 1665 862 1695 dum
889 1674 954 1696 non

246 1711 382 1741 auderet
394 1712 501 1741 oculos
514 1711 554 1740 ad
569 1711 686 1740 coelum
704 1711 831 1748 levare,
848 1711 953 1748 ipsum

246 1754 363 1786 coelum
391 1757 433 1786 ad
454 1765 488 1787 se
508 1756 615 1794 potuit
643 1756 813 1786 inclinare.
840 1757 952 1787 Simile

246 1801 370 1840 aliquid
385 1803 503 1832 mulier
519 1803 574 1831 illa
590 1802 693 1839 egisse
715 1801 864 1840 videtur,
881 1811 952 1840 quae

245 1847 443 1884 profluvium
464 1847 631 1884 sanguinis
651 1847 792 1883 liabens,
812 1847 888 1877 dum
910 1848 953 1877 ti—

246 1893 351 1922 meret
375 1892 416 1922 ad
429 1892 590 1922 Christum
618 1892 773 1922 accedere
788 1914 797 1930 ,
821 1892 897 1922 fecit
913 1893 951 1922 ab

247 1946 285 1968 eo
300 1938 456 1968 virtutem
473 1938 576 1968 exire.
592 1938 718 1967 Furtim
741 1939 829 1967 enim
845 1939 952 1976 tetigit

245 1983 424 2022 fimffliam,
443 1984 477 2014 et
501 1984 611 2014 curata
625 1984 673 2013 est
694 1983 733 2012 ab
748 1983 949 2014 infirmitate.

245 2030 336 2060 Unde
347 2031 380 2060 et
394 2030 599 2069 dedignantis
615 2029 753 2066 quodam
768 2029 863 2058 modo
876 2038 952 2059 ver-

246 2075 326 2105 bum
340 2075 471 2105 videtur
482 2097 491 2113 ‚
507 2075 593 2113 quod
608 2074 647 2104 de
665 2082 701 2103 ea
717 2075 872 2105 Dominus
884 2076 950 2106 ait:

247 2122 321 2160 Quis
331 2130 379 2150 me
404 2120 522 2160 tetiqit?
546 2121 584 2150 Et
598 2119 741 2149 addidit:
770 2122 858 2150 Sensi
872 2131 891 2151 (ι
905 2130 952 2151 me

246 2167 342 2196 exisse
358 2165 587 2195 virtulem.Non
603 2164 699 2195 credo
712 2166 797 2203 quod
810 2166 851 2196 sit
867 2167 952 2197 inter

247 2218 306 2241 nos
331 2211 491 2252 quispiam
512 2220 520 2240 ι
547 2210 605 2241 sed
632 2210 714 2241 forte
740 2213 889 2242 nonnulli
916 2213 952 2243 in

247 2256 363 2286 habitu
374 2256 435 2285 ‘vel
460 2256 606 2287 saeculari
628 2257 873 2288 conversatione
895 2267 953 2297 po-

246 2302 380 2332 tuerunt
392 2302 476 2340 aliqu
483 2302 564 2332 ando
576 2302 719 2340 experiri
731 2304 816 2341 quod
828 2305 951 2343 loquor,

246 2348 283 2378 ut
298 2348 394 2378 inviti
415 2347 541 2378 fluxum
554 2349 720 2386 sanguinis
743 2351 951 2389 paterentur,

248 2394 336 2432 ejuS‚
366 2393 514 2432 inquam,
541 2394 706 2432 sanguinis
735 2394 791 2432 qui
815 2403 953 2433 regnum

247 2435 308 2469 Dei
335 2447 400 2469 non
421 2438 625 2477 possidebit:
650 2440 779 2469 Etenim
803 2442 856 2478 qui
879 2440 970 2478 faciti

245 2486 404 2524 peccalum.
412 2506 422 2521 ‚
444 2493 546 2515 servus
561 2486 605 2515 cst
616 2486 732 2523 peccati
746 2494 755 2514 .·
772 2493 833 2514 nec
847 2494 904 2515 sua
919 2494 952 2515 se

249 2531 369 2568 poterit
389 2531 555 2560 continere
581 2530 723 2568 virtute,
751 2530 850 2560 etiam
880 2540 970 2560 cum»

249 2576 349 2606 volet.
371 2576 453 2605 Huic
478 2584 553 2614 ergo
579 2575 716 2605 minime
739 2576 872 2613 expedit
894 2585 954 2614 per

248 2621 392 2660 seipsum
406 2622 446 2652 ad
456 2622 619 2651 Christum
627 2622 783 2651 accedere
793 2644 801 2660 ‚
814 2622 870 2652 scd
882 2622 955 2652 tan-

251 2675 325 2704 gere
337 2689 345 2704 ,
358 2667 490 2706 siquam
503 2667 681 2706 invenerit,
697 2667 767 2705 ejus
781 2667 953 2706 fimbriam,

991 351 1089 382 quem
1100 343 1311 375 humiliorem
1323 344 1461 383 viderit,
1471 346 1504 376 et
1511 346 1695 376 extremum

991 390 1025 418 in
1039 389 1181 419 Ecclesia
1189 411 1200 427 ,
1210 397 1282 428 quae
1290 390 1339 421 est
1350 391 1451 422 vestis
1459 391 1589 421 Christi.
1599 392 1698 429 Eum,

990 434 1122 473 inquam
1132 457 1141 473 ‚
1166 434 1223 473 qui
1258 436 1359 474 elegit
1384 437 1530 474 abjectus
1563 445 1633 467 esse
1660 437 1697 466 in

991 480 1084 510 domo
1108 480 1189 519 Dei,
1215 481 1343 520 oportet
1366 483 1594 513 considerare:
1615 492 1697 522 quo-

989 525 1077 555 niam
1092 526 1120 555 is
1140 534 1218 556 vere
1244 527 1294 557 est
1312 527 1438 558 fimbria
1460 529 1565 566 posita
1586 528 1620 558 in
1640 537 1696 559 ora

989 570 1194 608 vestimenti,
1210 571 1251 601 ad
1273 580 1371 610 quam
1385 572 1499 610 utique
1519 572 1698 610 spiritualis

990 617 1148 653 unguenti
1159 616 1359 647 descendens
1370 625 1388 647 a
1400 618 1506 656 capite
1520 619 1612 656 copia
1627 619 1702 649 tota*

991 660 1146 690 decurrit.
1163 662 1255 691 Hunc
1272 662 1299 692 si
1321 661 1490 692 beneficiis
1514 662 1696 702 aliquibuS‚

990 714 1048 735 seu
1062 714 1160 744 prece
1175 707 1313 745 humili,
1329 708 1386 737 aut
1400 707 1600 738 confessione
1615 707 1696 747 pura

989 751 1153 789 tetigerit,
1173 752 1212 782 ut
1235 753 1387 783 affectum
1403 753 1472 790 ejus
1487 762 1562 792 erga
1576 762 1610 784 se
1625 763 1696 785 mo-

989 798 1064 827 veat
1079 797 1119 827 ad
1135 799 1396 836 compatiendum
1421 799 1503 838 sibi;
1522 799 1642 831 habeat
1656 800 1696 830 fi-

990 843 1062 872 dem
1073 866 1083 881 ,
1113 844 1147 873 et
1177 844 1247 874 sine
1275 844 1478 875 dubitatione
1514 847 1693 877 sanabitur.

989 889 1073 919 Illud
1088 891 1198 919 tamen
1214 891 1343 921 noverit
1363 891 1492 920 fimbria
1503 914 1512 929 ‚
1526 898 1592 921 non
1607 900 1625 921 a
1641 900 1674 922 se
1684 914 1695 930 ‚

988 934 1045 964 sed
1060 942 1078 964 a
1093 935 1218 965 Christo
1241 936 1363 966 exiisse
1388 936 1564 973 virtutem,
1580 937 1635 975 qui
1661 938 1696 967 et

988 980 1077 1019 tangi
1090 990 1123 1012 se
1134 983 1334 1019 protestatur
1349 983 1383 1012 in
1396 982 1533 1012 fimbria.
1543 984 1695 1021 Expressi

987 1034 1073 1056 nunc
1088 1027 1199 1064 vobis,
1214 1028 1372 1066 quantum
1391 1027 1481 1066 potui
1495 1049 1504 1065 ,
1520 1028 1615 1066 quale
1630 1029 1692 1065 sit,

989 1072 1021 1100 et
1037 1072 1090 1101 cui
1106 1073 1222 1103 animae
1247 1074 1467 1104 necessarium
1484 1081 1586 1113 genus
1599 1074 1694 1104 obse-

989 1116 1157 1146 erationis.

1027 1162 1046 1191 5
1062 1162 1101 1192 At
1115 1170 1192 1193 vero
1204 1162 1271 1199 jam
1296 1162 1485 1193 continendi
1504 1161 1626 1194 virtute
1640 1173 1694 1195 ac-

988 1208 1081 1245 cepta
1093 1230 1101 1245 ,
1114 1216 1245 1238 securus
1255 1209 1394 1247 accedit,
1406 1209 1462 1247 qui
1474 1209 1534 1238 sibi
1548 1211 1694 1241 conscius

988 1252 1104 1290 fuerit,
1127 1261 1185 1290 pro
1207 1253 1335 1282 delictis
1362 1252 1536 1292 praeteritis
1559 1256 1691 1284 veniam

987 1306 1153 1335 quaerens3
1169 1299 1201 1328 et
1213 1299 1357 1329 oratione
1373 1299 1495 1337 utitur,
1509 1309 1580 1338 quae
1595 1301 1693 1330 nimi-

988 1351 1060 1372 rum
1076 1344 1139 1373 oris
1155 1345 1204 1373 est
1218 1345 1300 1374 ratio
1312 1367 1321 1382 ,
1337 1345 1465 1382 quando
1484 1345 1549 1381 jam
1564 1354 1619 1376 ore
1635 1355 1692 1377 suo

988 1388 1133 1425 loquitur
1154 1397 1227 1418 cum
1251 1390 1320 1419 Deo
1345 1398 1415 1419 suo.
1439 1390 1522 1419 Hinc
1547 1390 1630 1421 illud
1645 1392 1693 1422 est

988 1433 1073 1470 quod
1087 1434 1185 1463 Maria
1200 1434 1385 1472 Magdalene
1395 1456 1405 1472 ‚
1420 1443 1614 1473 quamquam
1628 1445 1692 1467 non

988 1479 1095 1508 minus
1118 1479 1253 1509 humilis
1275 1480 1522 1510 haemorrhoissa
1540 1481 1595 1511 illa
1607 1503 1616 1519 ‚
1628 1490 1694 1512 non

988 1524 1032 1553 sic
1049 1525 1159 1554 tamen
1183 1526 1318 1556 veretur
1337 1526 1512 1564 accedere,
1537 1528 1594 1558 sed
1608 1528 1692 1567 rigat

988 1570 1140 1608 lacrymis
1164 1571 1265 1609 pedes
1276 1594 1285 1608 ‚
1312 1572 1439 1610 capillis
1463 1573 1583 1612 tergit,
1599 1575 1693 1613 ungit

987 1616 1175 1653 unguento,
1201 1617 1367 1646 osculatur
1382 1625 1437 1646 ore
1453 1617 1582 1648 devoto.
1600 1619 1692 1649 Unde

988 1660 1065 1689 satis
1089 1660 1216 1698 liquet,
1243 1661 1329 1698 quod
1349 1662 1481 1692 omnino
1494 1663 1560 1699 jam
1575 1672 1693 1702 propo·

988 1705 1095 1734 suerat
1111 1705 1145 1734 in
1170 1705 1265 1735 corde
1282 1713 1338 1735 suo
1354 1713 1371 1735 a
1385 1707 1518 1743 peccato
1539 1707 1693 1746 deinceps

988 1750 1149 1780 abstinere
1167 1760 1176 1780 .·
1193 1752 1226 1780 et
1249 1751 1341 1788 quasi
1361 1751 1557 1788 profluvium
1574 1753 1690 1783 stabat.

986 1796 1077 1833 Quod
1092 1796 1118 1826 si
1139 1796 1207 1833 jain
1231 1798 1423 1826 consecutus
1447 1805 1481 1827 es
1497 1798 1530 1827 et
1555 1798 1609 1835 tu,
1624 1799 1692 1836 pri-

986 1850 1075 1871 mum
1091 1843 1190 1872 estut
1205 1842 1266 1879 ipsi
1283 1842 1420 1872 Domino
1435 1843 1470 1872 111
1484 1844 1629 1874 oratione
1646 1845 1693 1874 lo-

986 1897 1105 1926 quens,
1119 1889 1279 1927 recogites
1293 1896 1392 1920 annos
1403 1890 1475 1920 tuos
1489 1890 1524 1920 in
1538 1890 1692 1921 amaritu-

986 1933 1061 1963 di11e
1077 1935 1193 1964 animae
1208 1935 1285 1964 tuae.

1024 1978 1055 2008 la.
1072 1979 1197 2009 Dehinc
1212 1979 1381 2017 postquam
1401 1978 1437 2010 in
1457 1979 1608 2011 lamentis
1621 1989 1693 2020 poe-

984 2024 1133 2055 nitentiae
1149 2025 1347 2063 aliquamdiu
1359 2033 1593 2065 perseverans,
1609 2027 1693 2058 hila-

984 2071 1115 2100 ritatem
1131 2072 1302 2109 quamdam
1319 2072 1352 2101 et
1366 2071 1517 2101 fiduciam
1532 2080 1692 2111 concepe-

985 2117 1029 2147 ris
1043 2117 1254 2155 indulgentiae
1265 2139 1274 2154 ,
1288 2117 1406 2148 accede
1418 2117 1485 2155 jam
1498 2118 1537 2147 ad
1552 2119 1693 2156 postula·

986 2164 1113 2201 tioncs;
1129 2165 1167 2194 ut
1193 2171 1326 2201 secure,
1347 2164 1513 2202 tamquam
1540 2165 1692 2202 receptus

986 2211 1020 2240 in
1036 2210 1172 2248 gratiam
1204 2209 1355 2248 Domini,
1377 2210 1439 2239 tibi
1467 2211 1502 2240 et
1527 2211 1692 2240 conservis.

986 2257 1050 2286 tuis
1068 2256 1186 2286 audeas
1199 2257 1314 2295 petere
1330 2255 1415 2294 quod
1428 2256 1565 2294 oportet.
1576 2256 1615 2285 At
1629 2256 1692 2286 for-

986 2302 1078 2333 tassis
1091 2302 1237 2340 requiras
1246 2323 1255 2339 ,
1264 2301 1350 2331 unde
1363 2301 1418 2331 aut
1429 2301 1587 2339 quomodo
1599 2309 1692 2331 nosse

986 2349 1125 2387 poteris,
1143 2349 1252 2378 utrum
1277 2348 1360 2377 hanc
1375 2347 1564 2377 consecutus
1582 2347 1626 2377 sis
1640 2346 1693 2376 in-

968 2386 970 2394 ’
986 2395 1198 2433 dulgentiam.
1222 2394 1275 2424 Sic
1291 2393 1443 2423 nimirum
1467 2393 1691 2423 conservanda:

987 2441 1180 2471 humilitatis
1205 2440 1325 2478 gratia,
1349 2439 1461 2469 divina
1484 2439 1566 2469 solet
1584 2437 1690 2477 pietas

987 2487 1152 2523 ordinare3
1169 2488 1206 2517 ut
1221 2487 1340 2525 quanto
1356 2486 1492 2524 quisque
1506 2486 1579 2522 plus
1593 2483 1690 2522 profi-

988 2533 1032 2562 cit
1042 2554 1051 2569 ,
1067 2541 1104 2561 eo
1113 2533 1219 2562 minus
1227 2541 1261 2562 se
1274 2531 1405 2571 reputet
1414 2529 1600 2569 profecisse.
1611 2527 1689 2557 Nam

988 2580 1020 2607 et
1035 2586 1136 2616 usque
1151 2578 1190 2607 ad
1215 2585 1403 2617 supremum
1427 2573 1577 2605 exercitii
1593 2572 1690 2612 spiri-

988 2623 1086 2653 tualis
1101 2623 1235 2662 gradum
1246 2646 1254 2661 ,
1267 2623 1293 2654 si
1310 2622 1386 2662 quis‘
1403 2628 1440 2651 eo
1454 2628 1557 2658 usque
1575 2627 1690 2658 perve-

989 2668 1093 2707 nerit,
1121 2667 1244 2707 aliquid
1271 2667 1301 2698 ei
1327 2666 1365 2697 de
1388 2665 1483 2705 primi
1499 2663 1614 2705 gradus
1628 2663 1689 2694 im-
