1810 3073
525 218 569 245 IN
595 217 799 246 CANTicA

100 275 206 313 ipsum
221 273 311 304 nobis
321 272 399 303 falso
414 271 531 310 praeire
546 272 798 310 putantesfflos-

100 322 186 350 trum
209 328 266 358 pro
290 319 360 357 ipso
384 318 468 348 male
494 317 600 348 securi
626 324 799 356 sequamur

100 374 241 395 errorem
264 373 272 393 ι
295 365 328 394 et
349 364 376 393 si
397 363 603 402 suspenderit
623 363 774 401 ambiguo
787 382 796 398 ,

98 420 162 441 non
176 410 339 448 relinquat
353 409 535 440 mendacio.
554 409 608 439 Est
627 408 683 446 qui
698 407 795 438 dubie

98 457 219 495 profert
238 456 461 493 mendacium,
483 463 544 485 nec
565 455 746 484 mentitur:
763 454 796 482 et

98 504 146 532 est
160 502 215 539 qui
231 502 403 532 veritatem
418 510 515 540 quam
529 500 632 530 nescit
646 498 794 536 affirmat,

97 549 131 577 ct
146 548 315 577 mentitur.
332 548 412 577 Nam
435 548 468 577 et
488 547 564 584 ille,
584 554 648 575 non
662 544 794 583 quidem

96 593 181 631 quod
195 602 259 623 non
275 594 340 631 est,
356 601 443 630 esse3
460 592 517 622 sed
528 600 562 622 se
574 591 659 630 quod
678 590 792 628 credit,

95 639 230 668 credere
246 639 348 677 dicit,
368 638 402 668 et
416 646 530 668 verum
547 637 644 674 dicit,
667 636 793 666 etiamsi

97 684 157 714 hcc
173 693 286 714 verum
308 693 371 714 non
392 684 434 714 sit
449 683 534 722 quod
551 683 654 712 credit
669 691 677 711 ε
695 684 728 712 et
743 683 771 712 is
783 705 792 720 ,

95 739 169 760 cum
191 739 224 761 se
250 731 374 761 certum
399 730 486 759 unde
511 737 576 759 non
597 729 646 758 est
662 729 791 767 certus,

94 776 195 814 dicit3
213 784 325 806 verum
341 784 404 806 non
420 775 521 814 dicit,
535 774 662 806 etiamsi
677 783 791 805 verum

93 822 135 850 sit
150 822 189 852 dc
206 830 268 860 quo
283 821 407 851 asserit.

132 866 162 897 [ι.
189 868 246 897 His
270 867 441 905 praemissis
465 867 506 897 ad
531 866 691 897 cautelam
714 866 789 896 talia

94 914 356 951 inexpertorum,
383 922 497 951 sequar
519 913 586 950 jam
611 912 768 951 SpIritum
782 935 791 951 ,

92 960 174 989 sicut
185 959 307 989 conlido
316 981 324 997 ,
333 960 546 997 praeeuntem,
555 959 669 989 eadem
683 959 792 989 tamen

92 1006 220 1035 cautela
233 1027 242 1043 ,
263 1006 289 1035 si
305 1006 417 1044 potero
428 1027 437 1042 ‚
453 1014 548 1044 quam
573 1005 713 1043 praemisi
727 1013 736 1043 ς
760 1006 792 1035 et

91 1050 227 1080 tentabo
245 1049 352 1080 facere
368 1050 436 1087 ipse
453 1050 539 1088 quod
553 1050 669 1088 doceo,
685 1058 727 1080 ne
746 1050 792 1080 di-

91 1097 184 1126 catur
199 1095 352 1126 etmihi:
372 1097 419 1126 Τιι
434 1097 489 1134 qui
502 1097 579 1127 alios
593 1098 696 1133 doces,
720 1098 793 1135 teip-

89 1152 160 1173 sum
188 1151 251 1172 ‘non
280 1143 375 1172 doces.
406 1142 678 1180 Distinguendum
716 1151 791 1173 sanc

90 1188 179 1219 inter
202 1187 375 1218 manifesta
397 1188 431 1218 et
449 1188 567 1226 dubia,
583 1196 645 1218 nec
660 1188 717 1218 illa
732 1189 793 1219 sci·

89 1235 167 1265 licet
180 1234 296 1264 adduci
310 1234 344 1263 in
360 1233 576 1271 dubium,nec
592 1234 652 1264 ista
668 1235 791 1264 temere

91 1280 257 1310 affirmari.
273 1280 365 1317 Quod
379 1279 512 1318 quidem
537 1279 644 1317 ipsum
666 1280 706 1310 de
722 1289 792 1310 ma—

90 1325 223 1363 gisterio
245 1325 440 1364 sperandum
463 1326 511 1356 est
532 1325 672 1364 Spiritus
696 1335 704 1355 :
730 1334 790 1356 nec

91 1371 179 1400 cuim
199 1372 306 1401 nostra
322 1371 361 1400 ad
377 1371 460 1400 illud
474 1371 605 1400 omnino
628 1371 789 1401 industria

90 1417 221 1447 sufficit.
247 1417 324 1454 Quis
353 1417 447 1447 novit
470 1417 639 1446 hominum
650 1439 658 1455 ,
688 1425 729 1447 an
757 1418 791 1448 id

89 1463 174 1501 quod
199 1463 287 1493 inter
307 1463 454 1493 homines
472 1463 656 1500 judicatum
677 1472 695 1493 a
723 1465 790 1494 Deo

89 1517 193 1539 sermo
207 1509 356 1548 superior
371 1508 401 1548 (a
413 1518 477 1548 quo
486 1509 656 1548 videlicet,
669 1511 788 1540 sibene

90 1554 244 1591 memini,
264 1554 398 1592 quartus
416 1555 465 1584 est
491 1554 551 1584 iste
578 1553 588 1593 )
612 1555 788 1593 patefecit,

52 1618 58 1620 -
90 1600 122 1628 in
142 1599 290 1637 supernis
305 1608 433 1638 quoque
456 1599 619 1638 judicium
639 1600 706 1638 Jam
723 1602 789 1631 sac-

90 1647 156 1675 tum
170 1646 384 1684 praecesserit.

128 1692 157 1721 5.
173 1691 266 1728 Quod
281 1691 369 1728 dico,
388 1691 451 1721 tale
467 1692 526 1722 est.
537 1692 677 1722 Putasne
693 1693 789 1723 Luci-

89 1738 138 1767 fer
153 1737 210 1767 ille
222 1760 231 1776 ‚
250 1738 305 1775 qui
322 1746 418 1767 mane
434 1738 619 1776 oriebatur,
637 1739 692 1768 sed
707 1748 789 1777 prae-

89 1792 225 1822 propere
239 1783 440 1821 elevabatur,
456 1784 628 1822 antequam
644 1787 789 1815 vertere-

89 1831 142 1858 tur
158 1829 192 1859 in
214 1829 387 1867 tenebras,
408 1829 519 1866 generi
540 1830 682 1860 humano
702 1831 789 1861 invi-

89 1875 174 1905 derit
191 1876 223 1905 et
238 1875 307 1913 ipse
321 1875 385 1905 olei
402 1875 599 1905 infusionem
611 1898 620 1914 ,
634 1877 669 1906 ut
682 1885 739 1915 per
754 1886 787 1908 se

88 1920 193 1959 ipsum
207 1920 273 1958 jam
289 1921 366 1950 tunc
392 1921 653 1960 indignabundus
675 1923 789 1953 mussi-

87 1967 188 2004 taret,
204 1966 315 1997 dicens
330 1966 415 1996 intra
428 1975 462 1996 se
477 1967 710 2005 quodammodo
724 1978 732 1999 ε
748 1971 788 2001 Ut

86 2012 162 2050 qnid
177 2013 318 2051 perditio
333 2012 424 2043 haec?
437 2013 502 2042 Hoc
519 2021 577 2051 ego
599 2022 664 2044 non
681 2023 786 2047 assero

88 2058 196 2088 dicere
211 2058 386 2096 Spiritum,
405 2058 461 2088 sed
486 2067 547 2089 nec
566 2061 786 2093 contradicere

88 2102 178 2140 dico,
195 2103 305 2133 nescio
328 2104 428 2133 enim.
451 2104 560 2134 Potuit
585 2104 693 2135 autem
709 2114 786 2136 con-

86 2149 211 2187 tingere
225 2172 233 2187 ,
250 2147 296 2189 (si
311 2150 421 2179 tamen
436 2149 630 2181 incredibile
646 2159 711 2181 non
725 2161 786 2190 pu-

87 2195 199 2235 tetur)
215 2196 349 2234 plenum
364 2196 526 2235 sapientia
549 2198 581 2227 et
605 2197 787 2236 perfectum

88 2241 220 2281 decore,
236 2242 383 2272 homines
398 2242 550 2281 praescire
573 2244 718 2281 potuisse
735 2245 787 2275 fu-

89 2287 196 2326 turos,
232 2287 332 2318 etiam
366 2289 400 2318 et
428 2287 629 2326 profecturos
657 2289 690 2319 in
716 2291 786 2328 pari

87 2333 198 2370 gloria.
224 2334 286 2364 Sed
305 2334 331 2363 si
351 2334 532 2372 praescivit,
555 2335 590 2363 in
605 2334 665 2365 Dei
680 2336 786 2366 Verbo

87 2377 205 2415 absque
220 2378 319 2408 dubio
333 2378 435 2416 vidit,
448 2380 480 2408 et
495 2378 530 2408 in
545 2379 647 2409 livore
663 2388 720 2409 suo
736 2380 788 2410 in-

88 2422 171 2452 vidit
183 2445 193 2461 ,
208 2423 240 2453 et
255 2424 386 2453 molitus
403 2424 589 2455 esthabere
604 2424 785 2464 subjectos,

88 2468 189 2499 socios
223 2469 428 2507 dedignatus.
458 2470 654 2500 Infirmiores
690 2472 785 2510 sunt,

88 2512 210 2552 inquit,
221 2515 455 2553 inferioresque
468 2515 600 2545 natura:
611 2524 675 2546 non
691 2516 786 2547 decet

89 2568 156 2590 esse
178 2561 347 2599 concives,
374 2569 435 2591 nec
460 2563 600 2599 aequales
622 2562 656 2592 in
671 2563 783 2600 gloria.

89 2606 134 2635 An
151 2606 230 2638 sorte
251 2607 358 2647 prodit
374 2607 507 2646 impiam
522 2608 605 2638 hanc
631 2608 701 2646 ejus
716 2617 784 2638 ma-

825 216 976 244 SERMO
1001 216 1111 244 XVII.
1474 222 1531 251 195)

832 269 997 308 sessioque
1013 269 1198 307 significans
1217 271 1454 312 magisterium,
1474 277 1533 306 As·-

831 317 970 352 cendam,
983 317 1090 354 inquit
1099 337 1108 353 ,
1121 319 1353 354 supermontem
1369 321 1531 357 excelsum,

830 362 858 390 et
871 361 976 391 sedebo
992 363 1024 391 in
1044 361 1190 392 lateribus
1205 362 1366 400 Aquilonis
1377 384 1386 398 ,
1402 371 1465 400 quo
1478 366 1532 394 Al-

831 406 946 436 tissimi
962 407 1122 445 quondam
1135 407 1268 445 proinde
1285 407 1532 439 similitudinem

830 451 1009 491 obtineret,
1024 452 1051 482 si
1062 474 1072 490 ‚
1084 452 1355 490 quemadmodum
1368 452 1423 481 ille
1436 461 1533 491 super

829 497 994 530 Cherubin
1029 499 1167 536 sedens,
1204 498 1366 536 gubernat
1403 506 1532 527 omnem

829 543 1010 580 angelicam
1025 545 1206 574 creaturam
1220 552 1229 582 ς
1247 544 1294 573 ita
1313 544 1347 574 ct
1362 544 1431 581 ipse
1447 543 1532 573 altus

828 588 977 626 sederet,
999 591 1193 628 regeretque
1209 597 1310 628 genus
1324 589 1505 619 humanum
1521 589 1535 617 ἐ’

829 634 929 664 Absit.
946 635 1155 674 Iniquitatem
1171 635 1347 665 meditatus
1362 634 1411 664 est
1426 634 1459 664 in
1476 643 1533 664 cu-

828 679 886 709 bili
901 689 977 719 suo,
1000 682 1181 712 mentiatur
1204 681 1361 719 iniquitas
1376 680 1451 711 sibi.
1470 681 1532 710 Nos

826 725 928 755 alium
950 735 1015 757 non
1030 727 1235 766 agnoscimus
1247 727 1393 765 judicem
1404 748 1413 764 ‚
1432 735 1531 765 quam

826 771 1002 801 auctorem.
1019 773 1087 802 Non
1102 773 1269 811 diabolus,
1292 773 1350 802 sed
1373 772 1531 803 Dominus

823 815 983 852 iudicabit
1005 818 1117 848 orbem
1142 819 1257 856 terrae3
1284 819 1317 849 et
1341 819 1411 857 ipse
1443 819 1532 848 Deus

827 862 934 892 noster
949 863 984 893 in
1010 864 1166 895 saeculum
1188 865 1320 903 saeculi3
1343 865 1415 904 ipse
1437 864 1531 902 reget

825 915 882 937 nos
894 908 927 938 in
943 911 1071 941 saecula.

865 954 896 984 6.
911 956 991 993 Ergo
1006 957 1041 986 in
1058 957 1139 987 coelo
1154 956 1303 996 concepit
1317 957 1460 987 dolorem
1472 978 1481 994 ‚
1497 957 1532 986 et

826 999 860 1030 in
874 1001 1022 1039 paradiso
1049 1003 1180 1042 peperit
1203 1003 1431 1041 iniquitatem,
1454 1010 1530 1040 pro-

826 1047 891 1076 lem
909 1047 1062 1086 malitiae,
1080 1049 1217 1078 matrem
1233 1048 1346 1079 mortis
1361 1049 1395 1079 et
1410 1057 1530 1079 aerum-

826 1101 959 1130 narum3
977 1094 1188 1132 omniumque
1210 1094 1314 1132 prima
1331 1102 1451 1132 parens
1474 1103 1529 1124 su-

825 1140 950 1177 perbia.
977 1141 1056 1170 Nam
1084 1141 1144 1170 etsi
1162 1141 1278 1171 invidia
1303 1140 1421 1170 diaboli
1443 1148 1529 1170 mors

827 1188 950 1217 intravi!
960 1189 989 1216 [n
1000 1187 1103 1217 arbem
1111 1187 1410 1222 terrarum,initium
1417 1186 1525 1217 tamen

825 1234 923 1262 omnis
940 1234 1056 1270 peccati
1076 1232 1230 1270 superbia.
1248 1233 1368 1262 Verum
1382 1231 1461 1270 quid
1479 1232 1527 1261 illi

825 1278 969 1315 profuit?
1005 1278 1224 1308 Nihilominus
1254 1278 1345 1307 tuin
1372 1278 1468 1307 nobis
1493 1286 1528 1307 es

825 1325 983 1362 Domine,
1012 1325 1046 1354 et
1072 1332 1193 1354 nomen
1219 1325 1311 1354 tuum
1338 1323 1526 1353 invocatum

825 1370 872 1400 est
888 1377 986 1408 super
1000 1377 1076 1406 nos;
1091 1371 1124 1398 et
1139 1369 1219 1399 dicit
1233 1369 1372 1406 populus
1388 1368 1529 1406 acquisi-

824 1415 944 1454 tionis,
975 1415 1055 1445 dicit
1079 1415 1223 1445 Ecclesia
1250 1414 1493 1452 redemptorum
1517 1423 1524 1441 ε

824 1461 931 1491 Oleum
945 1461 1072 1498 effusmn
1087 1469 1197 1490 nomen
1212 1461 1308 1490 tuum.
1322 1459 1399 1489 Cum
1413 1458 1528 1496 ejicior

824 1515 901 1545 ego,
927 1508 965 1536 tu
981 1506 1064 1536 illud
1086 1505 1227 1536 effundis
1246 1506 1320 1544 post
1336 1513 1408 1542 me,
1434 1505 1467 1534 et
1493 1504 1526 1533 in

825 1561 874 1582 me
889 1561 897 1582 z
915 1552 1072 1590 quoniam
1085 1560 1159 1582 cum
1177 1551 1278 1582 iratus
1293 1551 1412 1589 fueris,
1427 1551 1526 1581 misc—

824 1598 970 1628 ricordiae
995 1597 1232 1628 recordaberis.
1255 1597 1392 1635 Accepit
1415 1598 1526 1627 tamen

823 1645 919 1675 Satan
933 1652 1069 1682 regnum
1081 1651 1179 1682 super
1193 1651 1304 1673 omnes
1318 1643 1401 1673 filios
1411 1652 1527 1682 super-

823 1691 905 1728 biae,
932 1690 1037 1720 factus
1056 1689 1211 1728 princeps
1230 1688 1441 1719 tenebrarum
1469 1689 1526 1718 ha-

823 1745 894 1767 rum
905 1758 914 1774 ,
929 1737 967 1766 ut
980 1744 1077 1774 reguo
1090 1735 1284 1766 humilitatis
1300 1736 1398 1765 etiam
1415 1743 1525 1773 super-

823 1783 875 1813 bia
886 1783 1025 1820 militet,
1041 1782 1118 1812 dum
1132 1782 1166 1811 in
1188 1789 1253 1811 uno
1265 1789 1323 1811 suo
1338 1781 1523 1819 principatu

823 1829 1010 1867 temporali,
1047 1829 1080 1858 et
1112 1827 1172 1857 tali
1186 1849 1195 1865 ,
1227 1827 1346 1857 multos
1382 1827 1527 1857 humiles

823 1876 969 1906 excelsos
993 1874 1196 1912 aeternosque
1224 1881 1319 1912 reges
1340 1873 1522 1904 constituit.

821 1921 1004 1952 Jucundum
1024 1920 1203 1958 judicium,
1226 1920 1263 1949 ut
1286 1920 1446 1958 superbus
1467 1920 1524 1950 ille

822 1966 997 1997 humilium
1018 1965 1204 2003 malleator,
1222 1964 1347 1995 eisdem
1368 1965 1447 2003 ipsis
1468 1974 1526 1995 ne-

822 2013 926 2043 sciens
944 2011 1083 2042 fabricet
1099 2019 1230 2041 coronas
1244 2011 1420 2049 perpetuas
1434 2033 1443 2048 ,
1460 2011 1524 2040 im-

822 2058 993 2097 pugnando
1009 2066 1139 2095 omnes,
1156 2057 1189 2087 et
1208 2056 1357 2086 omnibus
1375 2065 1524 2086 succum-

822 2105 940 2135 bendo.
980 2104 1153 2142 Siquidem
1177 2103 1299 2141 ubique
1330 2103 1363 2132 et
1395 2111 1525 2141 semper

821 2151 978 2188 judicabit
998 2150 1156 2180 Dominus
1182 2149 1336 2188 populos,
1365 2149 1398 2178 et
1420 2149 1525 2178 salvos

822 2196 920 2226 faciet
945 2195 1028 2226 filios
1052 2203 1254 2234 pauperum,
1281 2195 1314 2224 et
1335 2193 1524 2224 humiliabit

821 2243 1101 2273 calumniatorem.
1118 2242 1243 2279 Ubique
1254 2263 1263 2279 ,
1280 2241 1313 2271 et
1328 2249 1457 2278 semper
1469 2240 1524 2270 de·

822 2289 963 2319 fensabit
979 2296 1052 2318 suos
1065 2310 1074 2325 ,
1088 2287 1291 2326 propulsabit
1306 2288 1476 2324 nocentes,
1491 2290 1525 2317 et

823 2335 914 2365 tollet
934 2335 1059 2373 virgam
1076 2337 1283 2372 peccatorum
1303 2332 1443 2371 desuper
1459 2341 1523 2362 sor-

822 2381 886 2410 tem
895 2380 1068 2418 justorum,
1079 2380 1190 2410 utnon
1201 2379 1377 2409 extendant
1387 2379 1467 2416 justi
1482 2379 1522 2407 ad

821 2426 1027 2465 iniquitatem
1048 2435 1162 2456 manus
1183 2434 1273 2463 suas3
1298 2425 1425 2462 eritque
1450 2426 1522 2454 tan-

821 2471 894 2502 dem
915 2481 988 2502 cum
1011 2480 1053 2502 ex
1075 2473 1142 2502 toto
1160 2479 1272 2501 arcum
1300 2471 1467 2506 conteret,
1488 2471 1522 2498 et

821 2517 1002 2556 confringet
1030 2526 1136 2555 arma,
1173 2518 1207 2547 et
1234 2516 1326 2547 scuta
1354 2515 1521 2544 comburet

820 2564 898 2603 igni.
912 2565 960 2594 Tu
975 2563 1054 2601 tibi,
1077 2563 1193 2601 miser,
1210 2562 1321 2592 sedem
1336 2560 1473 2589 collocas
1486 2559 1519 2588 in

821 2609 995 2649 Aquilone,
1010 2609 1103 2647 plaga
1115 2608 1269 2638 nebulosa
1291 2607 1321 2635 ct
1335 2604 1470 2643 frigida3
1487 2606 1521 2633 et

89 2651 303 2684 cbinalioncm
324 2653 377 2684 illa
403 2656 598 2694 praesumpta
621 2655 783 2695 ascensio,
800 2679 803 2684 .
822 2664 894 2686 cccc
918 2654 1116 2687 suscitantur
1131 2653 1170 2684 dc
1187 2652 1321 2691 pulvere
1340 2651 1469 2689 inopes,
1487 2651 1520 2680 et
