1846 3078
562 189 607 220 IN
632 190 838 221 CANTICA
861 190 1172 229 SERMQXLMI.

149 247 263 278 cubitu
272 238 378 285 regio³‚
394 244 487 276 modo
496 244 584 276 inter
592 254 716 285 sponsae
730 245 844 276 ubera.

148 294 276 323 MAGNA
305 291 498 322 humilitatis
525 292 644 329 virtus,
667 291 721 321 cui
748 291 844 321 etiam

148 338 278 368 deitatis
289 337 436 373 majestas
452 337 518 365 tam
538 336 634 367 facile
650 345 683 366 se
699 337 845 366 inclinat.

146 383 215 413 Cito
238 382 430 412 reverentiae
453 389 571 411 nomen
596 383 628 411 in
654 381 846 411 vocabulum

147 426 298 457 amicitiae
326 427 484 456 mutatum
516 428 563 456 est
578 436 586 456 :
606 428 638 457 et
663 427 718 464 qui
753 427 846 462 longe

146 473 233 510 erat,
248 472 280 501 in
296 472 388 502 brevi
405 473 507 501 sactus
520 474 565 502 est
575 481 687 510 prope.
702 473 846 501 Fascicu-

144 518 191 547 lus
205 518 339 555 myrrha?
353 519 476 548 dilectus
494 527 578 547 mens
592 518 679 547 milas.
701 516 825 554 Myrrha
836 537 845 553 ,

143 570 250 591 amara
262 571 326 601 res,
342 563 421 592 dura
436 563 467 593 et
477 571 588 600 aspera
597 562 844 592 tribulationum

143 607 312 645 significat.
336 610 378 639 Ea
402 609 463 638 sibi
487 608 598 638 dilecti
621 616 716 638 causa
739 607 847 635 immi-

142 661 222 683 nere
245 654 464 691 prospiciens,
489 653 722 691 gratulabunda
744 652 776 681 id
798 652 843 681 lo-

143 700 266 737 quitur,
284 699 446 729 conlidens
461 707 494 728 se
507 698 615 727 omnia
633 697 775 727 viriliter
790 705 846 726 su-

141 743 296 774 bituram.
312 745 421 779 Ibant,
436 743 562 781 inquit,
590 744 751 781 qandcntes
773 744 844 772 Dis-

145 790 239 827 cipuli
251 799 271 818 a
282 790 439 826 conspecta
453 788 584 823 concilii,
602 789 747 825 quoniam
762 788 846 825 diqm'

142 834 241 863 habiti
251 835 321 864 sunt
335 842 391 871 pro
407 834 530 862 nomine
541 834 612 862 Jcsu
628 833 843 862 contumeliam

138 880 217 916 pati.
248 878 419 916 Propterea
446 878 587 915 denique
616 886 681 906 non
711 877 842 915 fascem,

141 925 198 953 sed
231 924 419 953 fasciculum
453 923 608 953 dilectum
636 923 734 961 dicit,
760 924 843 961 quod

140 969 215 999 leve
230 978 295 1008 prae
312 977 421 999 amore
437 968 538 1007 ipsius
555 968 672 1005 ducat,
689 968 844 1006 quicquid

140 1014 260 1045 laboris
276 1014 444 1045 immineat
460 1014 492 1043 et
505 1013 632 1043 doloris.
646 1014 732 1043 Bene
748 1013 844 1043 fasci-

141 1061 234 1090 culus
248 1083 257 1098 ,
273 1061 349 1098 quia
369 1061 522 1098 parvulus
545 1060 640 1089 natus
669 1060 718 1089 est
737 1059 841 1089 nobis.

140 1106 228 1136 Bene
245 1106 426 1141 fasciculus,
440 1106 513 1143 qnia
527 1114 588 1135 non
603 1106 674 1135 sunt
688 1105 843 1143 concliqnce

138 1154 294 1190 passiones
304 1152 394 1189 hujns
410 1152 551 1189 temporis
569 1152 608 1180 ad
623 1151 761 1188 fntnrmn
782 1151 843 1188 qlo-

137 1198 222 1226 rz'mn
237 1205 304 1234 qnoe
327 1196 511 1225 revelabitur
532 1196 564 1224 in
578 1195 676 1225 nobis.
700 1196 735 1224 Id
749 1196 841 1231 enini,

140 1240 267 1279 inquit,
284 1241 363 1279 qnod
384 1241 416 1270 in
437 1241 585 1278 proesenti
603 1242 645 1270 est
673 1243 843 1270 momenta-

138 1294 231 1315 neum
245 1288 273 1316 et
294 1287 354 1316 lere
371 1286 576 1315 tribulationis
598 1287 709 1316 nostrae
721 1307 732 1322 ,
747 1295 841 1324 snpra

139 1333 264 1361 modum
285 1333 319 1361 in
341 1331 525 1361 sublimitate
553 1333 701 1361 ceter-num
726 1333 842 1369 pondus

141 1378 244 1415 qtoriae
259 1379 404 1415 operatur
412 1378 443 1405 in
458 1376 556 1406 nobis.
573 1377 641 1406 Erit
653 1384 727 1414 ergo
743 1385 843 1414 quan-

140 1423 247 1460 doque
263 1422 355 1451 nobis
369 1422 482 1459 ingens
495 1423 642 1451 cumulus
655 1422 774 1459 gloriae,
785 1423 840 1460 qui

138 1468 233 1497 modo
249 1468 297 1497 est
306 1467 478 1496 fasciculus
489 1468 641 1504 myrrhae.
651 1468 696 1496 An
705 1475 768 1496 non
777 1467 841 1496 fas-

139 1513 281 1549 ciculus,
297 1512 389 1549 cujus
398 1513 510 1550 jnqnm
532 1522 623 1543 snare
638 1514 698 1549 cst,
714 1515 742 1543 et
765 1522 841 1543 onus

138 1558 218 1588 leve?
232 1559 299 1588 Non
321 1558 398 1595 quia
420 1557 501 1587 levis
530 1557 565 1586 in
594 1566 628 1587 se
645 1556 730 1597 (nec
753 1559 840 1588 enim

137 1603 220 1633 levis
235 1602 392 1641 passionis
407 1601 575 1640 asperitas,
593 1603 706 1632 mortis
720 1603 840 1632 amari-

137 1648 215 1678 tudo
233 1657 241 1678 t
257 1647 268 1687 )
285 1648 341 1678 sed
356 1648 439 1677 levis
453 1649 562 1677 tamen
572 1648 704 1678 amanti,
719 1649 840 1678 Etideo

136 1700 201 1721 non
213 1692 405 1729 aittantum,
416 1693 594 1722 Fasciculus
605 1693 740 1730 myrrhoe
752 1695 841 1723 dilec-

137 1739 186 1768 tus
203 1746 309 1767 mens.-
327 1737 383 1766 sed
397 1737 484 1773 mihi,
502 1736 628 1774 inquit,
644 1746 715 1775 quae
728 1737 838 1776 diligo,

137 1783 310 1812 fasciculus
327 1783 386 1812 est.
403 1782 494 1811 Unde
511 1782 543 1811 et
564 1782 719 1812 dilectum
735 1784 840 1812 nomi-

136 1829 205 1865 nat,
222 1829 400 1858 monstrans
416 1827 600 1857 dilectionis
614 1828 680 1857 vim
696 1829 839 1858 onmium

136 1873 389 1902 amaritudinum
407 1881 561 1911 superare
586 1873 767 1903 molestiam
780 1895 789 1911 ,
807 1875 839 1904 et

133 1918 211 1955 quia
233 1917 323 1947 fortis
344 1918 392 1947 est
414 1919 450 1947 ut
472 1925 557 1947 mors
582 1918 727 1947 dilectio.
745 1919 782 1948 Et
803 1920 840 1948 ut

133 1963 216 1993 scias
230 1971 295 1992 non
318 1963 353 1992 in
375 1972 409 1993 se
432 1963 539 2000 illam,
569 1963 625 1993 sed
646 1963 680 1992 in
701 1964 838 1993 Domino

132 2009 283 2046 gloriari,
299 2017 405 2046 neque
421 2009 460 2038 de
475 2010 605 2046 propria
624 2009 745 2039 virtute
756 2031 765 2046 ,
782 2010 838 2039 sed

134 2053 175 2083 de
191 2053 320 2082 Domini
344 2053 502 2090 adjutorio
525 2062 720 2091 praesumere
748 2054 838 2085 forti-

132 2098 298 2136 ·tudInem3
323 2099 402 2128 dicit
425 2099 518 2128 illum
544 2099 629 2128 inter
654 2100 755 2129 ubera
781 2108 837 2130 sua

130 2145 423 2182 commoraturum,
446 2145 498 2174 eui
522 2152 635 2174 secura
661 2145 835 2176 decantet:

131 2190 266 2222 Etiamsi
274 2199 323 2220 am
329 2190 468 2220 balac-ero
480 2191 511 2220 in
519 2191 616 2220 medio
627 2191 742 2220 nmbroe
752 2200 838 2221 mor·

132 2236 266 2271 tls,non
291 2236 401 2266 tiinebo
425 2237 529 2272 mala,
547 2238 694 2275 quoniam
716 2239 750 2267 tn
772 2246 838 2267 me-

134 2288 205 2309 cum
217 2289 258 2309 es.

174 2328 206 2354 52.
217 2324 348 2354 Memini
361 2333 412 2355 me
426 2326 460 2355 in
474 2334 539 2355 uno
553 2327 756 2364 superiorum
769 2336 836 2358 ser-

132 2376 263 2398 monum
286 2369 347 2399 duo
369 2378 491 2407 sponsae
510 2371 610 2400 ubera
631 2372 836 2410 congratula-

133 2414 256 2445 tionem
277 2415 432 2445 diffinisse
449 2417 548 2454 atque
563 2417 835 2456 compassionem,

129 2460 226 2497 juxta
245 2460 332 2489 Pauli
349 2460 527 2490 doctrinam
538 2482 547 2497 ,
565 2461 706 2491 dicentis
722 2471 730 2490 ι
747 2464 834 2493 Gan-

134 2506 203 2534 dcre
219 2514 286 2534 cum
296 2506 511 2543 omittentibus,
520 2506 592 2543 flere
602 2515 670 2536 cum
681 2508 834 2544 flentibus.

133 2549 216 2586 Quia
240 2558 318 2580 vero
342 2549 430 2580 inter
459 2550 596 2581 adversa
624 2551 657 2581 et
684 2560 835 2591 prospera

135 2602 283 2632 versans,
300 2595 390 2625 novit
414 2594 588 2634 utrobique
609 2596 754 2634 pericula
769 2605 833 2628 non
849 2626 853 2636 „

1525 195 1583 227 293

882 245 1012 284 deessc3
1027 245 1173 275 medium
1198 245 1421 283 hujuscemodi
1443 248 1580 280 uberum

881 299 1010 320 suorum
1036 291 1107 321 vult
1134 292 1256 322 habere
1286 291 1439 323 dilectum
1450 316 1459 332 ,
1488 296 1581 333 cujus

882 336 1034 366 adversus
1074 336 1211 373 utrmque
1254 337 1410 366 continua
1453 341 1580 376 protec-

882 380 969 410 tione
987 380 1146 410 munitam
1163 380 1222 410 fiee
1236 381 1309 410 laeta
1325 381 1506 421 extollant,
1520 393 1582 414 nee

882 426 983 455 tristia
1009 425 1175 462 deJiciant.
1199 426 1246 455 Tu
1271 433 1419 463 qnoque,
1436 427 1462 455 si
1484 430 1580 466 sapis,

882 471 1060 501 imitaberis
1083 478 1205 508 sponsae
1229 471 1458 508 prudentiam,
1484 474 1581 510 atque

882 515 965 544 bunc
987 516 1126 553 myrrhae
1136 516 1200 544 tam
1214 523 1323 544 carum
1338 514 1527 545 fasciculum
1541 518 1582 547 de

881 559 1053 597 principali
1072 561 1119 590 tui
1145 560 1305 597 pectoris,
1321 568 1382 589 nec
1407 561 1447 589 ad
1470 561 1581 590 huram

881 604 1014 640 patieris
1035 605 1153 642 avelli,
1176 612 1283 634 amara
1305 605 1361 634 illa
1387 605 1496 634 omnia
1512 614 1585 643 quae

880 657 935 686 pro
957 650 990 678 te
1019 650 1175 687 pertulit,
1204 658 1334 688 semper
1364 651 1399 680 in
1426 651 1584 680 memoria

879 694 1023 725 retinens
1033 717 1041 733 ,
1055 696 1088 724 et
1099 695 1228 725 assidua
1248 695 1460 725 meditatione
1475 697 1584 726 revol—

879 746 971 776 vens,
988 747 1049 776 quo
1066 740 1167 777 possis
1182 739 1291 769 dicere
1308 740 1340 769 et
1360 739 1396 769 tu
1411 748 1420 769 ε
1438 741 1585 771 Fascicu-

879 785 925 814 lus
951 785 1084 822 myrrhae
1107 786 1233 815 dilectus
1261 794 1346 815 vivens
1377 785 1474 821 mihi,
1503 786 1584 816 inter

878 829 973 859 ubera
987 839 1056 860 mea
1076 830 1330 860 commorabitur.

917 875 948 904 5.
963 876 1000 904 Et
1022 883 1101 914 ego,
1116 876 1261 912 Fratres,
1288 875 1328 904 ab
1351 874 1486 905 ineunte
1508 883 1583 905 mea

879 920 1087 950 conversione
1099 942 1108 958 ,
1136 928 1195 958 pro
1224 928 1339 950 acervo
1366 920 1557 950 meritorum
1569 942 1578 958 ,

877 973 949 1002 quae
973 965 1056 994 mihi
1080 966 1192 995 deesse
1213 966 1474 1004 sciebam,hunc
1498 966 1581 995 mihi

878 1010 1066 1043 fasciculum
1080 1011 1244 1049 colligare,
1258 1011 1291 1040 et
1302 1011 1388 1041 inter
1396 1011 1496 1040 ubera
1507 1019 1582 1041 mea

878 1056 1035 1085 collocare
1052 1057 1176 1094 curavi,
1187 1057 1359 1086 collectum
1373 1065 1415 1085 ex
1431 1056 1582 1087 omnibus

877 1101 1097 1131 anxietatibus
1112 1102 1144 1131 et
1160 1101 1431 1131 amaritudinibus
1450 1102 1581 1132 Domini

876 1146 954 1183 mei,
970 1147 1112 1183 primum
1127 1146 1283 1176 videlicet
1294 1146 1493 1176 infantilium
1508 1147 1581 1177 illa-

876 1199 948 1220 rum
961 1191 1190 1221 necessitatum
1200 1200 1208 1228 ς
1219 1191 1337 1220 deinde
1346 1192 1491 1221 laborum
1501 1199 1581 1230 quos

876 1236 1011 1274 pertulit
1026 1236 1061 1265 in
1076 1237 1294 1274 praedicando,
1307 1236 1533 1274 fatigationum
1544 1238 1579 1266 in

876 1281 1098 1318 discurrendo,
1115 1281 1299 1319 vigiliarum
1315 1281 1348 1310 in
1364 1282 1496 1319 orando,
1509 1282 1581 1312 ten-

878 1326 1034 1356 tationum
1051 1327 1083 1356 in
1097 1327 1292 1365 jejunando,
1308 1327 1523 1365 lacrymarum
1544 1328 1579 1357 in

876 1372 1119 1410 compatifflldo,
1135 1373 1326 1402 insidiarum
1343 1372 1376 1401 in
1393 1373 1580 1411 colloquen—

875 1417 933 1454 do,
969 1419 1131 1455 postremo
1166 1418 1386 1455 periculorum
1421 1419 1455 1447 in
1489 1418 1579 1448 falsis

876 1461 1039 1500 fratribuS,
1053 1463 1287 1501 conviciorum,
1301 1464 1481 1501 sputorum,
1495 1464 1579 1493 cola·

874 1508 1011 1545 phorum
1023 1530 1031 1546 ,
1062 1509 1371 1546 subsannationum,
1399 1509 1579 1546 exprobra-

875 1553 1011 1592 tionum,
1024 1554 1201 1592 clavorum,
1216 1555 1397 1592 horumque
1406 1555 1578 1593 similium,

873 1607 944 1636 quse
972 1599 1006 1628 in
1035 1600 1173 1630 salutem
1203 1600 1305 1629 nostri
1336 1600 1466 1638 generis
1494 1601 1578 1631 silva

875 1645 1064 1682 evangelica
1090 1645 1310 1683 copiosissime
1337 1646 1481 1675 noscitur
1505 1654 1580 1683 pro-

875 1690 997 1720 tulisse.
1021 1690 1082 1719 Ubi
1107 1699 1183 1720 sane
1217 1691 1304 1721 inter
1329 1692 1378 1721 tot
1405 1691 1577 1722 odoriferae

874 1736 1014 1773 myrrhae
1030 1736 1126 1772 hujus
1138 1737 1336 1766 ramusculos
1347 1736 1484 1766 minime
1496 1745 1579 1775 prae-

874 1780 1118 1810 termittendam
1133 1782 1246 1818 putavi
1262 1782 1361 1811 etiam
1382 1781 1473 1811 illam
1489 1791 1579 1821 myr-

873 1827 964 1856 rham
975 1848 984 1864 ,
1000 1834 1063 1864 qua
1083 1826 1119 1855 in
1145 1835 1241 1856 cruce
1269 1827 1397 1864 potatus
1424 1829 1490 1865 est3
1519 1828 1578 1859 sed

873 1880 977 1909 neque
997 1872 1085 1900 illam
1098 1893 1108 1909 ,
1124 1880 1186 1910 qua
1211 1874 1327 1902 unctus
1343 1873 1392 1902 est
1413 1873 1447 1902 in
1469 1874 1578 1911 sepul-

873 1919 956 1947 tura.
972 1917 1114 1954 Quarum
1143 1918 1177 1946 in
1201 1918 1305 1955 prima
1331 1918 1491 1955 applicuit
1513 1918 1577 1949 sibi

872 1970 1017 1992 meorum
1050 1962 1302 1992 amaritudinem
1336 1963 1541 2001 peccatorum
1565 1970 1577 1993 e

872 2009 905 2037 in
921 2008 1060 2038 secunda
1073 2008 1214 2037 suturam
1224 2008 1499 2046 incorruptionem
1510 2009 1577 2040 mei

872 2054 1013 2091 corporis
1044 2053 1220 2083 dedicavit.
1251 2055 1437 2083 Memoriam
1471 2055 1577 2085 abun-

872 2099 988 2128 dantiae
997 2099 1166 2128 suavitatis
1175 2099 1288 2128 horum
1298 2099 1462 2137 eructabo,
1471 2099 1577 2138 quoad

871 2144 985 2173 vixero
1001 2152 1009 2173 :
1028 2144 1060 2173 in
1072 2144 1228 2174 aeternum
1246 2152 1310 2173 non
1324 2145 1497 2175 obliviscar
1513 2145 1577 2175 mi-

871 2190 1049 2220 serationes
1066 2190 1143 2220 istas
1156 2211 1165 2228 ,
1181 2189 1257 2229 quia
1279 2190 1312 2219 in
1328 2190 1407 2230 ipsis
1431 2191 1578 2222 vivifica-

871 2237 922 2266 tus
935 2243 1019 2264 sum.

910 2280 941 2311 Δ.
958 2281 1022 2310 Has
1034 2280 1111 2310 olim
1125 2280 1254 2311 sanctus
1266 2281 1371 2311 David
1386 2289 1459 2311 cum
1472 2282 1576 2320 lacry-

870 2326 930 2356 mis
941 2326 1150 2363 requirebat:
1167 2327 1302 2357 Veniant
1314 2327 1391 2356 mihi
1400 2349 1409 2363 ,
1424 2327 1575 2365 inquiens

870 2373 1078 2402 miserationes
1094 2374 1153 2401 tnae
1165 2392 1174 2409 ,
1191 2374 1218 2402 et
1235 2373 1348 2402 vivam.
1365 2373 1428 2402 Has
1444 2373 1477 2401 et
1491 2372 1576 2402 alius

870 2417 1001 2454 quidam
1016 2417 1210 2447 Sanctorum
1226 2425 1299 2446 cum
1316 2418 1439 2456 gemitu
1450 2424 1574 2446 memo-

870 2462 977 2500 rabat,
1007 2462 1120 2492 dicens
1145 2470 1154 2491 ε
1180 2463 1410 2492 Misericordiae
1443 2461 1573 2491 Domini

869 2507 990 2537 multae.
1013 2508 1116 2545 Quam
1132 2508 1227 2538 multi
1251 2516 1342 2545 reges
1357 2508 1390 2536 et
1403 2506 1572 2544 propheta}

870 2553 1043 2583 voluerunt
1059 2553 1191 2590 videre,
1207 2554 1240 2583 et
1252 2561 1316 2582 non
1325 2551 1494 2581 viderunt!
1507 2551 1571 2589 ipsi

869 2599 1116 2637 laboraverunt,
1138 2599 1171 2628 et
1183 2606 1240 2636 ego
1256 2598 1288 2626 in
1320 2597 1445 2626 labores
1459 2605 1571 2627 eorum
