1830 3073
471 216 527 245 DE
550 216 755 245 DIVERSIS
779 215 929 245 SERMO
954 217 1077 247 XLIX.

70 273 105 303 et
123 269 356 311 jumenta,sed
370 269 439 309 ipse
452 269 518 309 iam
546 270 638 301 bibat
658 269 762 300 archi-

69 318 227 350 triclinus.
239 317 303 346 Hoc
311 315 398 346 enim
407 315 519 346 vinum
527 316 645 346 bonum
656 337 665 354 ,
676 314 763 354 quod

69 363 263 395 servavimus
278 370 381 400 usque
393 363 517 401 adhuc,
531 362 682 392 minister
697 362 759 391 An-

69 410 159 448 gelus
172 408 294 446 haurit,
307 408 364 438 sed
377 408 415 439 ut
430 408 513 438 ferat
527 407 759 438 architriclino.

66 454 189 484 Patrem
204 453 333 491 loquor,
358 453 414 492 qui
435 454 633 493 principium
656 452 761 482 Trini-

66 498 156 535 tatis,
181 498 420 530 architriclinus
447 500 520 537 jure
548 498 691 530 vocatur.
707 497 760 527 Ait

63 550 138 574 sane
147 542 284 581 Angelus
293 566 302 582 ,
313 544 555 575 foecunditatem
563 543 668 574 Mariae
676 550 760 572 com-

60 588 216 618 mendans
225 610 234 626 ,
243 598 315 627 quae
326 591 423 621 tertia
435 591 484 621 est
495 591 634 621 metreta
651 599 659 620 ε
674 592 760 630 Quod

62 641 103 662 ex
118 635 144 663 te
159 637 300 665 nascetur
311 637 458 666 Sanctam
470 658 479 673 ‚
491 636 650 667 vocabitur
663 638 759 669 Fz'Ie‘as

60 679 138 717 Dei3
153 687 189 710 ac
201 680 226 710 si
241 680 325 710 dicat
335 682 426 711 :Cum
441 690 478 711 eo
489 682 556 712 solo
567 682 628 713 tibi
641 683 688 713 est
702 691 758 721 ge-

59 725 186 756 neratio
196 726 257 756 ista
272 727 462 757 communis.

225 838 394 872 SERMO
423 841 584 873 XLVII.

214 909 255 934 De
266 910 447 941 quadruplici
459 911 599 942 superbia.

97 961 159 994 Ave
172 962 276 993 Maria
297 964 399 1001 qratia
417 963 519 1001 plena.
535 964 622 994 Bene
637 964 754 1003 plena3

57 1008 132 1048 quia
160 1009 246 1047 Deo,
273 1010 305 1038 et
330 1009 460 1048 Angelis
471 1031 479 1047 ‚
509 1011 543 1040 et
570 1010 756 1041 hominibus

57 1056 158 1093 grata.
188 1055 381 1085 Hominibus
406 1064 465 1093 per
491 1055 735 1087 foecunditatem
746 1079 755 1095 ‚

58 1100 187 1138 Angelis
207 1108 266 1139 per
280 1100 522 1138 virginitatem,
537 1102 604 1130 Deo
620 1110 680 1139 per
695 1103 757 1132 hu-

55 1146 291 1176 niilitatem.1n
317 1146 377 1176 hoe
402 1146 499 1176 tertio
525 1155 543 1176 a
564 1149 699 1178 Domino
721 1159 755 1180 se

54 1193 236 1228 respectam
252 1191 390 1221 testatur
402 1214 412 1229 ,
427 1192 483 1229 qui
499 1193 636 1222 humilia
653 1195 756 1232 respi-

54 1237 114 1273 cit,
125 1238 228 1267 etalta
241 1245 259 1266 a
274 1237 367 1275 longe
381 1238 553 1275 cognoscit.
563 1239 652 1268 Sicut
667 1241 754 1270 enim

54 1282 139 1314 oculi
153 1283 271 1312 satanae
287 1290 382 1312 omne
410 1283 550 1313 sublime
565 1284 696 1322 vident,
710 1286 755 1316 ita

53 1328 140 1358 oculi
154 1327 284 1357 Domini
300 1336 430 1358 omnem
446 1328 605 1359 humilem
626 1330 756 1361 intuen-

52 1374 117 1404 tur.
125 1373 217 1403 Unde
230 1374 275 1403 ait
285 1373 318 1403 in
331 1374 460 1403 Cantico
470 1374 668 1406 canticorum
678 1385 686 1406 ε
696 1379 755 1408 Re-

54 1423 177 1457 there,
185 1422 332 1450 revertere
339 1421 455 1450 Sanam
461 1421 508 1451 itis
516 1430 528 1458 ‚-
538 1424 696 1460 revertere,
704 1433 754 1453 re-

53 1468 183 1502 vertere,
207 1467 244 1496 ut
267 1467 444 1496 intueamur
465 1468 503 1496 te.
519 1467 640 1504 Quater
655 1468 752 1509 dicit,

51 1514 198 1543 revertere
209 1533 219 1549 ‚
231 1512 365 1551 propter
379 1512 624 1551 quadruplicem
639 1524 754 1554 super-

34 1582 40 1586 .
51 1556 137 1586 biam
146 1565 220 1595 ,per
233 1565 328 1596 quam
339 1565 452 1588 aversa
461 1566 477 1588 a
486 1559 622 1590 Domino
631 1569 694 1591 non
703 1562 754 1592 vi-

53 1603 198 1633 debatur.
212 1604 266 1634 Est
285 1604 372 1634 enim
388 1605 541 1643 superbia
559 1606 680 1644 cordis,
698 1617 752 1638 su-

50 1649 164 1688 perbia
180 1650 261 1688 oris,
282 1650 433 1688 superbia
457 1651 583 1690 operis,
600 1655 752 1692 superbia

51 1695 192 1725 habitus.
212 1696 371 1734 Superbia
400 1696 504 1726 cordis
533 1699 598 1736 θεῖ,
624 1701 751 1737 quando

50 1740 145 1771 homo
164 1742 197 1771 in
213 1742 314 1772 oculis
328 1741 395 1772 suis
409 1750 545 1781 magnus
561 1744 620 1774 est.
637 1745 750 1777 Contra

48 1795 143 1825 quain
154 1788 287 1825 Sapiens
295 1788 380 1824 orat,
393 1787 751 1823 dicens:Extollentiam

48 1833 207 1862 oculorum
234 1841 374 1863 ‘nieorum
397 1842 435 1863 ne
459 1835 574 1865 dederis
598 1836 685 1866 oizz'lze'.
713 1839 752 1869 Et

47 1878 125 1907 alibi
139 1887 146 1907 :
162 1879 217 1909 Voe
233 1880 444 1917 quisape'entes
455 1881 522 1910 estis
535 1882 565 1910 z'n
581 1883 674 1913 oculis
685 1893 751 1914 ves-

47 1924 113 1954 tris.
136 1923 294 1961 Superbia
319 1925 383 1954 oris
398 1926 451 1955 vel
471 1926 611 1964 linguae,
628 1937 700 1966 quae
717 1930 750 1960 et

44 1968 199 2006 jactantia
214 1970 352 2008 dicitur,
369 1971 419 2000 est
433 1972 562 2010 quando
578 1973 672 2003 homo
684 1983 748 2005 non

46 2015 149 2045 solum
172 2024 288 2054 magna
313 2015 352 2046 (le
379 2025 413 2046 se
437 2018 555 2056 sentit,
571 2019 628 2048 sed
650 2021 766 2070 etiam¹

45 2060 198 2099 loquitur.
225 2061 317 2091 Unde
355 2062 524 2093 Psalmista
550 2072 558 2092 ε
584 2066 748 2104 Disperclat

45 2108 195 2138 Domitius
220 2109 365 2139 universa
388 2108 472 2139 labia
499 2111 619 2148 dolosa,
635 2114 663 2142 et
687 2113 747 2143 lin-

45 2161 135 2192 quam
145 2155 387 2194 maqniloquam.
395 2155 551 2194 Superbia
561 2157 668 2195 operis
680 2160 728 2190 est
736 2182 745 2198 ‚

43 2199 169 2236 quando
185 2201 279 2230 homo
295 2201 452 2231 exteriori
469 2202 606 2240 quadam
634 2213 746 2243 super-

44 2241 97 2274 bia
108 2267 117 2282 ,
132 2246 170 2275 ut
182 2253 317 2284 magnus
333 2249 504 2286 appareat,
520 2248 599 2286 agit.
619 2250 666 2280 De
682 2260 744 2289 qua
763 2262 764 2275 ι

42 2288 129 2320 idem
152 2291 320 2322 Psalmista
345 2293 414 2323 ait:
436 2295 507 2324 Non
535 2295 687 2327 habitabit
714 2299 763 2329 inl

41 2338 136 2367 medio
161 2339 268 2368 (lomus
285 2347 359 2368 meae
384 2340 438 2378 qui
456 2340 532 2378 facit
554 2342 742 2379 snperbiam.
761 2371 763 2386 ,

41 2382 200 2420 Superbia
224 2382 354 2413 habitus
382 2384 450 2422 est,
476 2385 604 2423 quando
629 2386 743 2427 homo,

40 2430 79 2459 ut
101 2427 257 2466 gloriosus
271 2428 440 2468 videatur,
455 2431 606 2468 pretiosis
631 2441 665 2463 se
692 2442 745 2463 01·-

40 2474 96 2504 nat
123 2474 281 2504 vestibus.
309 2474 401 2504 Unde
428 2476 546 2506 Paulus
568 2485 576 2507 :
604 2479 677 2509 Non
711 2481 744 2510 in

40 2521 118 2551 veste
128 2520 273 2558 pretiosa.
289 2520 327 2549 Et
339 2520 515 2552 Dominus:
530 2523 590 2561 Qui
602 2524 743 2555 mollibus
760 2510 762 2553 ἰ

40 2565 208 2594 vestiuntur
218 2585 227 2600 ,
243 2565 275 2594 in
301 2565 440 2596 domibus
453 2575 560 2605 reglum
577 2569 649 2598 sunt
660 2589 670 2604 ‚
685 2569 743 2598 ubi

41 2608 190 2646 superbia
203 2609 357 2640 abundat.
368 2609 450 2640 Sunt
462 2612 568 2641 autem
583 2612 741 2652 quinque,

42 2659 112 2690 qum.
128 2654 168 2684 ad
182 2655 362 2686 remedium
374 2656 440 2686 tam
455 2657 629 2687 inortiserae
642 2659 742 2697 pestis

1454 219 1494 253 93

796 277 814 299 a
828 270 963 300 Domino
977 271 1128 302 rationali
1152 273 1267 305 animae
1281 277 1357 309 sunt
1371 279 1475 318 posita
1488 303 1495 317 ,

795 315 900 354 locus,
916 325 1047 356 corpuS‚
1060 318 1197 350 tentatio
1223 321 1360 362 diaboli,
1377 326 1494 362 praedi-

795 362 877 392 catio
892 362 1030 400 Christi,
1051 363 1084 394 et
1106 365 1177 402 ejus
1199 369 1410 399 conversatio.
1432 371 1494 400 Lo·-

794 416 868 446 cus,
882 409 959 447 qnia
977 410 1150 440 exsilium:
1164 419 1297 450 eorpus,
1314 413 1389 451 quia
1418 422 1494 444 one-

793 461 900 484 rosum
911 463 918 483 :
929 454 1083 494 tentatio,
1098 456 1174 494 quia
1186 457 1363 496 inquietat:
1377 459 1494 489 Christi

793 500 996 539 praedicatio,
1012 501 1088 539 quia
1103 502 1242 533 aedificat
1258 512 1266 532 τ
1284 504 1318 534 et
1333 502 1402 541 ejus
1420 511 1495 533 con-

793 546 934 576 versatio
944 569 953 584 ‚
963 547 1040 585 quia
1052 547 1216 579 informat.
1229 549 1286 579 His
1296 549 1386 589 quasi
1398 549 1495 588 quin-

792 600 854 629 que
869 593 1018 623 sensibus
1039 594 1124 624 Deus
1140 595 1359 630 humilitatem
1380 603 1496 633 opera-

792 637 892 667 turin
907 639 1028 669 anima.
1043 640 1132 671 Sicut
1145 641 1233 671 enim
1244 641 1352 681 anima
1366 641 1433 672 vita
1446 641 1495 672 est

791 685 952 723 eorporis,
970 685 1015 716 ita
1037 687 1124 718 Deus
1140 688 1209 718 vita
1229 688 1279 718 est
1303 688 1442 718 animae:
1461 689 1494 718 et

790 727 874 758 sieut
898 738 1012 768 corpus
1035 732 1201 762 mortuum
1230 733 1296 770 θεῖ,
1322 733 1409 771 quod
1434 740 1497 771 per

789 773 933 813 quinque
959 785 1072 807 sensus
1088 778 1128 807 ab
1143 778 1251 808 anima
1276 786 1343 808 non
1364 779 1494 816 vegeta-

790 820 843 850 tur
857 829 864 849 :
880 822 923 851 ita
935 823 1042 853 anima
1054 825 1182 854 mortua
1194 824 1260 863 est,
1272 833 1344 865 quae
1354 833 1414 865 per
1423 825 1495 856 haec

790 873 807 895 a
822 867 959 899 Domino
970 877 1036 900 non
1052 870 1257 901 humiliatur.

944 975 1114 1008 SERMO
1148 977 1332 1011 XLVIII.

939 1044 979 1068 De
992 1048 1155 1075 paupertate
1171 1046 1340 1070 voluntaria.

829 1099 960 1128 Intravit
981 1101 1068 1130 Jesus
1090 1100 1123 1129 in
1146 1101 1299 1138 quoddam
1315 1100 1491 1140 castellum,

788 1145 816 1174 et
853 1145 964 1174 mulier
999 1146 1158 1184 quendam,
1196 1147 1321 1177 Martha
1349 1149 1490 1184 nomine,

788 1191 903 1228 excepit
919 1191 1003 1219 illam
1019 1192 1050 1221 in
1066 1192 1190 1221 domam
1204 1201 1304 1222 suam.
1318 1193 1492 1223 Castellum

789 1236 842 1264 nbi
872 1236 1016 1266 Christus
1055 1237 1206 1275 intravit,
1235 1238 1417 1268 voluntaria
1443 1239 1492 1268 est

789 1281 978 1320 paupertas,
1000 1291 1072 1320 quae
1094 1283 1292 1313 habitatores
1319 1291 1392 1313 suos
1407 1291 1492 1321 age-

788 1327 872 1356 mina
890 1327 1152 1366 impugnatione,
1169 1336 1231 1366 qua
1253 1328 1352 1366 hujus
1375 1329 1491 1359 mundi

787 1374 944 1403 amatores
957 1376 1203 1413 expugnantur,
1219 1374 1326 1405 reddit
1340 1382 1468 1405 securos
1480 1398 1488 1413 ³

786 1419 913 1449 scilicet
926 1420 1056 1458 propria
1077 1421 1217 1459 invidia,
1230 1422 1262 1451 et
1273 1420 1390 1451 aliena.
1400 1421 1471 1450 PAU
1481 1437 1490 1442 -

786 1471 916 1495 PERTAS
939 1466 1026 1495 enini
1045 1487 1054 1503 ,
1082 1465 1160 1494 dum
1184 1466 1318 1504 putatur
1344 1466 1462 1495 misera
1479 1489 1488 1505 ‚

785 1510 892 1539 aliena
905 1512 993 1540 caret
1016 1511 1163 1541 invidia:
1182 1512 1215 1541 et
1226 1512 1301 1550 quia
1314 1511 1362 1540 est
1373 1511 1489 1541 volun-

785 1556 1023 1594 taria‚ne1nini
1043 1557 1216 1595 quicquam
1240 1556 1378 1587 invidet.
1409 1558 1490 1587 Duae

785 1602 854 1631 istae
871 1609 994 1632 sorores
1011 1602 1089 1633 duas
1104 1602 1188 1633 vitas
1212 1602 1393 1632 amatorum
1408 1610 1489 1640 pau-

785 1646 919 1684 pertaiis
941 1648 1134 1686 significant.
1150 1647 1288 1685 Quidam
1311 1656 1386 1678 cum
1405 1648 1489 1677 Mar-

785 1693 839 1723 tha
862 1694 993 1724 solliciti
1012 1693 1150 1723 Domino
1168 1694 1245 1723 Jesu
1258 1693 1320 1724 duo
1336 1694 1489 1732 pulmen-

786 1740 865 1769 taria
889 1741 1089 1779 praeparant,
1106 1740 1231 1770 scilicet
1252 1740 1488 1770 correctionem

783 1785 890 1824 operis
907 1794 979 1815 eum
996 1786 1189 1815 salsamento
1207 1785 1430 1824 contritionis,
1454 1787 1489 1816 et

783 1840 864 1869 opus
880 1832 1011 1869 pietatis
1027 1840 1100 1861 cum
1117 1831 1324 1861 condimento
1341 1831 1488 1862 devotio-

782 1878 843 1908 nis.
867 1878 908 1908 111
930 1886 1008 1908 vero
1030 1878 1086 1916 qui
1112 1886 1186 1907 cum
1210 1877 1307 1906 Maria
1332 1877 1392 1907 soli
1419 1878 1487 1908 Deo

781 1924 915 1961 vacant,
933 1924 1177 1953 considerantes
1194 1923 1272 1961 quid
1287 1923 1329 1953 sit
1348 1923 1435 1953 Deus
1451 1923 1486 1954 in

781 1969 1024 2007 1nuii(lo„qiiid
1050 1969 1084 1998 in
1112 1968 1316 2006 hominihus,
1345 1968 1426 2007 quid
1449 1969 1486 2000 in

780 2015 930 2053 Angelis,
948 2014 1025 2052 quid
1042 2015 1074 2043 in
1090 2015 1196 2052 seIpso
1207 2036 1215 2051 ‚
1231 2013 1310 2052 quid
1326 2013 1360 2044 in
1372 2022 1486 2053 repro-

781 2061 846 2099 bis;
861 2061 1204 2099 conteinpianturquia
1215 2061 1301 2090 Deus
1314 2061 1363 2091 est
1372 2060 1485 2091 mundi

779 2107 885 2136 rector
901 2107 933 2136 θῖ
949 2106 1162 2144 gubernator,
1178 2105 1349 2135 hominum
1362 2105 1486 2135 libera-

779 2153 828 2182 tor
845 2153 877 2182 et
893 2152 1020 2189 adjutor
1031 2174 1039 2190 ,
1055 2152 1249 2190 Angelorum
1264 2159 1358 2189 sapor
1372 2151 1405 2182 et:
1426 2151 1484 2182 de-

779 2206 852 2236 cor,
868 2198 904 2228 in
925 2198 1030 2236 seipso
1055 2199 1255 2237 principium
1270 2198 1304 2228 et
1323 2198 1413 2237 finis,
1429 2206 1485 2229 re·-

777 2244 951 2282 proborum
965 2245 1071 2274 terror
1086 2245 1119 2274 et
1134 2245 1258 2274 horror.
1272 2245 1307 2273 In
1324 2244 1482 2274 creaturis

778 2291 955 2329 mirabilis,
979 2291 1012 2320 in
1039 2291 1227 2321 hominibus
1255 2291 1423 2329 amabilis,
1446 2290 1481 2320 in

775 2336 906 2376 Angelis
922 2337 1147 2367 desiderabilis
1161 2359 1169 2375 ‚
1186 2338 1219 2367 in
1235 2338 1341 2376 seipso
1357 2337 1483 2367 incom-

775 2382 1008 2421 prehensibilis
1019 2405 1027 2421 ,
1044 2383 1079 2413 in
1093 2383 1240 2422 reprobis
1251 2382 1480 2414 intolerabilis.

953 2491 1124 2524 SERMO
1157 2491 1296 2524 XLIX.

989 2563 1028 2586 De
1041 2563 1144 2593 triplici
1159 2569 1191 2585 ve
1196 2563 1255 2586 rbo,

815 2616 887 2645 Πίος
909 2617 967 2646 diei
991 2618 1111 2647 eructat
1135 2616 1274 2647 verbum.
1300 2613 1376 2643 Dies
1391 2611 1476 2651 diei,

778 2659 915 2699 Angelus
929 2660 1070 2698 Virgini.
1088 2661 1164 2691 Dies
1185 2659 1323 2698 Angelus
1344 2658 1477 2697 propter
