1810 3073
522 213 568 241 ΙΝ
589 208 789 241 CANTICA
809 208 963 237 SERMO
984 208 1061 237 vu.

87 275 124 303 te
138 275 197 304 tuoe
205 269 324 312 potabis
333 276 394 300 eos.
406 265 431 297 0
445 267 564 306 quanta
580 266 698 297 amoris
711 263 778 296 vis!

85 318 203 355 «planta
236 316 270 346 in
297 313 414 352 spiritu
440 312 604 342 libertatis
631 310 747 341 fiducia
771 309 778 339 !

84 363 167 400 Quid
182 360 400 397 manifestius,
415 367 511 397 quam
528 357 615 396 quod
635 355 778 395 perfecta

82 409 198 438 caritas
213 408 295 437 foras
309 405 410 435 mittit
426 405 574 434 timorem
590 402 603 432 ἓ
686 406 688 408 “

122 454 154 483 Ιι.
180 452 368 482 verecunde
394 452 503 480 tamen
527 457 592 479 non
614 447 654 477 ad
674 446 779 485 ipsum

83 507 234 537 sponsum
246 505 428 528 sermonem
440 496 562 533 dirigit,
572 494 628 524 sed
637 492 677 523 ad
687 492 778 529 alios,

82 547 245 582 tamquam
260 543 299 572 de
315 543 469 572 absente:
484 541 710 574 Osculelurvme,
726 537 778 566 in-

82 589 211 628 quiens,
228 589 330 619 osculo
356 589 417 618 oris
430 588 490 618 sui.
512 585 647 615 Grandis
656 584 778 622 quippe

83 643 133 665 res
148 636 272 673 petitur
283 657 293 672 ,
309 634 341 663 et
355 641 434 672 opus
450 632 498 662 est
514 629 712 661 verecundia
728 636 779 658 co-

82 681 189 710 mitari
205 688 346 719 precem,
363 676 580 708 commendari
596 675 777 714 petentem.

83 726 192 764 ltaque
214 734 274 764 per
293 724 486 754 domesticos
508 722 542 753 et
563 721 712 759 intimos,
728 729 779 751 ac·

83 766 252 801 cessus*a‹1
266 770 380 799 intima
395 768 567 806 quaeritur,
583 767 726 796 ambitur
739 768 780 798 ad

82 815 311 845 desideratum.
341 814 481 852 Quinam
516 812 587 842 illi?
615 813 780 844 Credimus

80 861 218 898 Angelos
232 861 358 890 sanctos
379 860 505 890 adstare
528 859 715 897 orantibus,
731 860 780 889 os—

80 905 164 936 ferre
177 907 243 936 Deo
258 915 371 944 preces
386 907 419 936 et
430 907 505 935 vota
520 905 688 935 bominum
701 914 709 934 ε
722 906 779 935 ubi

81 953 191 982 tamen
211 954 281 982 sine
305 953 353 983 ira
372 953 406 982 et
426 951 661 989 disceptatione
676 952 777 981 levari

79 1004 176 1034 puras
195 1005 309 1028 manus
330 997 571 1036 perspexerint.
591 996 707 1026 Probat
719 997 778 1026 hoc

80 1042 219 1081 Angelus
234 1043 279 1074 ita
290 1045 424 1082 loquens
440 1042 480 1072 ad
491 1042 623 1071 Tobiam
633 1051 640 1071 :
651 1044 779 1081 Quando

79 1089 193 1120 orabas
208 1099 277 1119 cum
293 1090 453 1127 lacrymis,
473 1090 500 1118 el
521 1088 684 1126 sepeliebas
696 1097 780 1118 mor-

80 1135 165 1171 tuos,
182 1137 210 1164 et
221 1135 449 1173 derelinquebas
458 1135 643 1172 prandium,
658 1136 687 1163 ct
698 1143 781 1163 mor-

80 1179 148 1208 tuos
159 1178 362 1208 abscondebas
370 1188 426 1217 per
437 1180 516 1207 diem
529 1180 561 1207 in
573 1179 661 1207 domo
676 1180 743 1214 tua,
753 1181 780 1209 et

79 1224 166 1252 nocte
199 1224 380 1261 sepeliebas3
410 1232 463 1261 eqo
489 1223 586 1253 obtuli
609 1225 778 1253 orationem

79 1270 166 1298 tuam
182 1270 329 1299 Domino.
344 1269 425 1298 Puto
440 1269 474 1298 id
488 1269 581 1298 vobis
601 1268 678 1298 satis
691 1270 724 1299 et
739 1278 779 1299 ex

80 1314 152 1344 aliis
169 1314 344 1352 Scripturae
359 1315 554 1344 testimoniis
575 1323 777 1352 persuasum.

79 1361 158 1390 Nam
173 1361 258 1399 quod
272 1361 486 1399 psallentibus
501 1369 628 1399 quoque
645 1361 781 1399 dignan-

80 1408 131 1436 ter
159 1407 331 1436 admisceri
361 1406 464 1436 sancti
489 1407 604 1445 Angeli
631 1407 779 1445 soleant,

79 1452 158 1490 quid
171 1460 208 1482 eo
220 1451 424 1482 manifestius
436 1452 521 1490 quod
532 1453 700 1482 Psalmista
712 1453 758 1483 ait
769 1461 778 1482 ε

81 1499 299 1528 Proevenerunt
311 1500 462 1536 principes
480 1498 633 1536 conjuncti
648 1500 781 1537 psallen-

81 1543 159 1574 tibus
183 1544 216 1572 in
241 1545 337 1573 medio
353 1544 588 1581 jmcncularum
612 1545 781 1583 lympanis-

80 1590 212 1618 triarum
225 1589 238 1618 ἓ
253 1589 346 1618 Unde
363 1591 396 1619 et
411 1589 538 1619 dicebat
552 1598 559 1618 τ
572 1591 608 1619 In
623 1593 780 1629 conspectu

80 1634 267 1672 Anqezorum
293 1636 426 1674 psallam
443 1635 506 1664 tibi.
530 1635 628 1665 Doleo
644 1637 779 1674 proinde

81 1679 204 1718 aliquos
220 1681 366 1710 vestrum
384 1681 474 1718 gravi
491 1680 525 1709 in
544 1682 642 1711 sacris
658 1682 781 1720 vigiliis

79 1725 219 1764 deprimi
231 1735 353 1764 somno,
362 1735 423 1756 nec
436 1726 509 1756 coeli
522 1726 609 1756 cives
621 1729 779 1766 revereri,

79 1772 137 1802 sed
157 1773 191 1802 in
213 1773 385 1811 praesentia
405 1772 594 1811 principum
616 1774 779 1811 tamquam

79 1818 224 1848 mortuos
238 1827 406 1857 apparere,
423 1826 497 1848 cum
513 1819 620 1848 vestra
636 1818 699 1857 ipsi
715 1820 781 1849 ala-

77 1863 193 1893 critate
216 1864 377 1902 permoti,
400 1864 517 1894 vestris
540 1863 700 1894 interesse
729 1873 780 1895 so—

80 1909 210 1944 lemniis
222 1911 438 1940 delectentur.
447 1911 582 1948 Vereor,
590 1918 632 1940 ne
640 1911 778 1941 vestram

79 1954 236 1986 desidiam
246 1956 438 1994 quandoque
451 1956 674 1987 abominantes
683 1978 693 1993 .,
706 1966 779 1987 cum

77 2001 299 2040 indignatione
309 2002 523 2040 recedant⁸,et
534 2002 670 2040 incipiat
682 2011 780 2034 unus-

78 2047 214 2086 quisque
229 2048 374 2077 vestrum
396 2056 467 2077 sero
489 2055 562 2077 cum
582 2049 706 2085 gemitu
729 2049 780 2078 di-

78 2100 152 2122 cere
168 2093 235 2122 Deo
253 2101 261 2122 :
277 2095 379 2131 Lonqe
392 2094 488 2131 fecisti
502 2095 589 2124 notos
600 2102 778 2132 meosame,

74 2140 243 2176 posuerunt
263 2147 310 2167 me
325 2139 585 2168 abominationem
600 2139 668 2169 sibi.
683 2140 721 2170 Et
737 2140 779 2169 il-

77 2183 135 2213 lud
150 2192 158 2212 :
173 2185 334 2222 Elonqasti
353 2194 373 2214 a
393 2193 441 2214 me
462 2185 596 2214 amicum
621 2187 650 2215 et
669 2187 779 2223 proxi-

77 2238 178 2266 mum,
196 2231 225 2259 ct
247 2232 333 2261 notos
357 2239 438 2260 meos
463 2239 484 2260 a
506 2231 644 2261 miseria.
674 2232 776 2271 Item,

77 2275 138 2314 Qui
149 2275 247 2312 juxta
260 2285 308 2305 mc
328 2277 440 2313 erant,
457 2277 492 2306 de
509 2277 594 2314 lonqe
608 2277 776 2315 steterunt,

76 2322 105 2350 et
129 2321 191 2349 vim
206 2321 359 2357 faciebant
374 2322 427 2359 qui
444 2321 622 2359 quoercbant
637 2323 777 2354 animam

76 2374 190 2395 meam.
206 2366 264 2394 Pro
276 2367 363 2396 certo
380 2367 467 2396 enim
481 2367 507 2396 si
523 2375 557 2396 se
571 2375 589 2396 a
601 2368 776 2399 nobisboni

78 2410 212 2449 spiritus
225 2411 458 2448 elongaverint,
473 2412 612 2449 impetus
623 2413 778 2452 maligno-

79 2465 151 2486 rum
165 2456 237 2494 quis
254 2456 446 2486 sustinebit?
463 2458 541 2487 Dico
558 2466 633 2496 ergo
649 2459 700 2489 his
719 2461 775 2498 qui

79 2501 239 2539 ejusmodi
255 2502 353 2531 sunt:
369 2503 547 2533 Maledictus
563 2505 616 2541 qui
629 2513 703 2543 opus
717 2508 776 2537 Dei

79 2547 154 2585 facit
170 2548 363 2586 neqliqenler.
378 2547 466 2577 Dicit
479 2556 604 2587 quoque
615 2571 624 2587 ,
639 2559 705 2580 non
717 2560 775 2590 ego

80 2592 138 2622 sed
152 2592 310 2622 Dominus
331 2601 339 2622 :
367 2594 490 2624 Utinam
512 2595 539 2624 le
563 2596 696 2626 calidum
720 2599 775 2629 aut

78 2638 221 2676 frigidum
235 2640 432 2670 im’enissem!
447 2641 495 2671 sed
515 2641 588 2680 quia
601 2643 628 2672 le
642 2643 772 2681 tepidam

1452 211 1521 241 1652

813 264 931 300 iuveni,
947 263 1093 301 incipiam
1106 263 1134 293 te
1155 271 1288 293 evomere
1303 273 1342 294 ea:
1363 273 1414 296 ore
1429 274 1507 297 meo.

813 310 856 338 Ea
870 309 1004 347 propter
1019 308 1177 338 attendite
1191 309 1356 347 principes
1368 312 1509 348 vestros,

813 363 887 384 cum
902 355 993 386 statis
1008 354 1049 384 ad
1063 353 1220 383 orandum
1233 355 1285 383 vel
1297 355 1514 395 psallendum,

814 400 847 429 et
869 401 951 430 state
974 409 1048 430 cum
1063 399 1251 429 reverentia
1274 400 1308 429 et
1323 399 1512 439 disciplina3

813 446 847 475 et
858 446 1054 484 gloriamini,
1069 445 1144 484 quia
1160 445 1273 483 Angeli
1288 445 1389 475 vestri
1407 446 1514 482 quoti-

814 489 866 520 die
876 491 988 521 vident
1002 491 1119 520 faciem
1129 489 1243 519 Patris.
1253 488 1413 518 Nimirum
1425 488 1517 518 missi

813 539 848 567 in
862 536 1081 567 ministerium
1099 535 1233 574 propter
1248 543 1322 572 nos,
1338 534 1395 572 qui
1410 533 1516 563 haere-

814 584 950 614 ditatem
974 582 1121 620 capimus
1144 580 1282 618 salutis,
1305 580 1515 610 devotionem

813 630 954 659 nostram
966 628 1145 665 insuperna
1156 626 1277 664 ferunt,
1286 625 1436 656 referunt
1447 632 1519 663 gra-

813 676 903 705 tiam.
922 675 1120 712 Usurpemus
1131 672 1277 703 officium
1293 679 1432 711 quorum
1448 678 1518 701 sor-

813 722 913 752 timur
923 721 1120 751 consortium
1133 741 1143 757 ,
1160 719 1249 750 utin
1265 727 1321 749 ore
1339 717 1515 748 infantium

814 769 847 799 et
857 766 1050 798 lactentium
1063 765 1248 804 perficiatur
1262 765 1344 795 laus.
1362 764 1516 793 Dicamus

813 814 873 852 eis,
888 814 1019 845 Psallile
1028 814 1093 843 Deo
1112 814 1236 848 nostro,
1255 811 1397 850 psallite3
1417 811 1516 848 atque

813 860 981 890 audiamus
1002 867 1057 889 eos
1076 857 1221 888 vicissim
1246 856 1481 895 respondentes
1506 863 1516 884 ε

813 907 937 937 Psallite
948 906 1024 944 Reqi
1038 906 1154 940 nostro,
1169 904 1302 942 psallite.

853 952 885 982 5.
902 951 1043 980 Laudem
1059 957 1134 988 ergo
1150 957 1224 979 cum
1241 949 1315 978 coeli
1331 946 1517 977 cantoribus

814 997 849 1027 in
875 1005 1048 1027 commune
1080 995 1254 1032 ducentes,
1279 995 1392 1032 utpote
1428 993 1518 1023 cives

814 1044 998 1073 sanctorum
1024 1043 1058 1072 et
1079 1041 1249 1071 domestici
1274 1040 1353 1077 Dei,
1389 1038 1518 1077 psallite

814 1088 990 1127 sapienter.
999 1088 1095 1117 Cibus
1107 1087 1141 1116 in
1150 1095 1217 1124 ore,
1230 1086 1370 1124 psalmus
1380 1085 1413 1114 in
1422 1084 1518 1115 corde

814 1135 909 1172 sapit.
922 1134 1060 1163 Tantum
1075 1133 1168 1162 illum
1178 1133 1284 1162 terere
1297 1139 1361 1161 non
1376 1129 1519 1169 negligat

814 1180 918 1210 fidelis
928 1180 960 1209 et
972 1179 1114 1216 prudens
1121 1178 1229 1207 anima
1238 1176 1431 1216 quibusdam
1440 1176 1519 1205 den-

814 1226 900 1255 tibus
916 1223 1141 1260 intelligentiae
1157 1231 1223 1253 suae
1237 1244 1247 1260 ‚
1268 1230 1310 1252 ne
1326 1222 1353 1252 si
1368 1220 1451 1251 forte
1466 1219 1519 1249 in-

814 1271 940 1309 tegrum
969 1269 1086 1307 glutiat
1107 1269 1141 1298 et
1165 1276 1230 1298 non
1244 1274 1415 1304 mansum,
1433 1265 1518 1295 frus—

814 1318 918 1347 tretur
940 1316 1085 1354 palatum
1101 1322 1214 1352 sapore
1236 1311 1467 1349 desiderabili,
1485 1312 1518 1340 et

814 1362 952 1392 dulciori
968 1369 1066 1399 super
1077 1361 1144 1390 mel
1159 1360 1193 1390 et
1208 1359 1329 1389 favmn.
1341 1358 1518 1387 Offeramus

814 1417 888 1438 cum
904 1407 1062 1446 Apostolis
1075 1406 1108 1435 in
1124 1405 1252 1435 coelesti
1267 1403 1419 1434 convivio
1435 1404 1469 1433 et
1484 1403 1518 1431 in

814 1454 973 1484 dominica
992 1460 1103 1482 mensa
1124 1451 1235 1482 favum
1252 1450 1371 1480 mellis.
1394 1449 1457 1479 Mel
1483 1448 1517 1478 in

814 1508 899 1538 cera,
912 1499 1043 1530 devotio
1059 1497 1094 1528 in
1104 1498 1214 1528 littera
1226 1497 1286 1527 est.
1300 1494 1518 1534 Alioquiulit-

813 1547 883 1577 tera
903 1546 1042 1582 occidit,
1059 1545 1086 1574 si
1109 1545 1229 1582 absque
1252 1543 1388 1581 spiritus
1403 1541 1518 1572 condi-

814 1594 923 1623 mento
951 1591 1111 1630 glutieris.
1146 1590 1180 1620 Si
1206 1590 1316 1620 autem
1338 1597 1413 1619 cum
1435 1588 1518 1626 Apo-

814 1639 895 1669 stolo
915 1638 1034 1676 psallas
1054 1636 1190 1675 spiritu,
1206 1635 1324 1674 psallas
1340 1635 1373 1665 et
1389 1634 1517 1671 mente3

815 1692 987 1723 cognosces
999 1683 1032 1714 et
1042 1684 1079 1713 tu
1093 1682 1134 1712 ‹le
1148 1682 1238 1711 illius
1246 1680 1383 1710 veritate
1399 1687 1518 1709 sermo-

814 1731 864 1759 nis
877 1751 886 1767 ,
903 1738 1000 1768 quem
1016 1728 1101 1758 dixit
1115 1728 1208 1757 Jesus
1222 1734 1230 1755 z
1247 1725 1352 1757 Verba
1363 1746 1374 1762 ,
1389 1732 1456 1764 quoe
1472 1724 1519 1754 lo-

814 1778 900 1806 cutus
917 1784 987 1806 sum
1000 1774 1103 1810 vobis,
1117 1774 1241 1812 spiritus
1259 1773 1288 1802 et
1301 1773 1367 1802 vita
1379 1772 1461 1801 sunt.
1479 1769 1519 1799 Et

814 1822 893 1851 item
914 1828 1012 1859 quem
1026 1819 1166 1857 legimus
1181 1818 1311 1848 dicente
1325 1815 1491 1856 Sapientia
1506 1824 1516 1846 :

815 1867 946 1905 Spiritus
959 1873 1045 1895 meus
1056 1873 1147 1902 super
1159 1863 1220 1893 mel
1233 1862 1340 1892 dulcis.

854 1911 885 1941 6.
911 1911 963 1941 Sic
991 1909 1212 1940 delectabitur
1239 1908 1274 1937 in
1303 1904 1517 1937 crassitudine

814 1957 922 1986 anima
937 1957 992 1986 tua
1003 1977 1012 1993 ,
1026 1955 1072 1986 sic
1087 1953 1312 1984 holocaustum
1333 1953 1426 1983 tuum
1442 1952 1519 1990 pin-

813 2011 875 2041 gue
889 2002 958 2032 fiet.
974 2001 1026 2031 Sic
1040 2000 1185 2039 placabis
1199 2000 1334 2037 Regem,
1346 1999 1393 2028 sic
1407 1997 1518 2036 place-

813 2048 863 2078 bis
877 2047 1097 2087 principibus,
1120 2046 1168 2076 sic
1185 2045 1327 2084 denique
1342 2044 1444 2074 totam
1455 2043 1516 2073 tibi

813 2094 938 2124 curiam
959 2093 1152 2123 benevolam
1176 2091 1312 2128 reddes3
1334 2091 1368 2120 et
1391 2089 1517 2119 odorati

813 2141 942 2171 odorem
962 2138 1130 2169 suavitatis
1145 2138 1180 2167 in
1201 2137 1404 2174 coelestibus,
1421 2135 1461 2166 de
1483 2136 1517 2166 te

812 2193 938 2224 quoque
954 2184 1065 2214 dicent
1081 2192 1090 2213 :
1108 2185 1182 2223 Quoe
1196 2185 1239 2213 cst
1251 2184 1311 2213 isla
1326 2190 1393 2221 quoe
1409 2190 1519 2212 asceu-

811 2233 854 2261 dit
872 2241 928 2270 per
953 2232 1123 2266 desertum,
1146 2230 1224 2260 sicut
1246 2229 1368 2267 virqula
1383 2228 1463 2266 Ῑιινηὶ
1476 2236 1517 2257 ex

812 2276 1004 2307 aromatibus
1024 2275 1160 2313 myrrhae
1177 2276 1205 2304 et
1222 2274 1332 2310 thuris,
1345 2273 1518 2304 etuniversi

809 2323 939 2361 pulveris
950 2320 1168 2361 pigmentarii?
1187 2321 1364 2358 Principes,
1386 2319 1494 2357 inquit
1507 2342 1517 2358 ,

810 2370 892 2399 Juda
903 2390 914 2406 ‚
940 2370 1028 2398 duces
1049 2376 1157 2398 eorum
1168 2388 1180 2405 ,
1202 2367 1353 2406 principes
1374 2365 1517 2395 Zabulon

807 2415 959 2454 principes
988 2414 1163 2452 Neptunia,
1192 2412 1253 2442 hoc
1281 2411 1331 2442 est
1361 2411 1517 2441 confiten-

811 2460 895 2490 tium
908 2481 918 2499 ‚
935 2459 1195 2497 continentium,
1212 2457 1513 2496 contemplantium.

808 2506 932 2536 Norunt
949 2505 1112 2544 siquidem
1126 2504 1293 2544 principes
1317 2501 1418 2534 nostri
1433 2501 1513 2540 Regi

808 2561 864 2583 suo
899 2553 1067 2592 acceptam
1098 2560 1168 2582 esse
1199 2549 1410 2589 psallentium
1437 2554 1515 2577 con·

807 2598 981 2629 sessionem
995 2621 1004 2637 ,
1021 2597 1262 2628 continentium
1273 2593 1514 2632 fortitudinem,

808 2643 1098 2684 contemplantium
1123 2642 1300 2682 puritatem
1325 2649 1334 2669 :
1360 2638 1395 2670 et
1422 2638 1513 2671 solli-
