1846 3078
555 212 602 240 m
627 210 830 240 CANTICA
849 210 999 239 SERMO
1021 210 1074 239 LI.

97 269 152 309 qui
176 270 208 300 in
233 266 310 307 ipsis
325 266 389 306 est,
404 265 522 304 spiritu
545 264 626 296 duce
646 264 794 297 veritatis

98 314 261 345 tentemus
275 319 400 342 eruere.
424 311 462 341 Et
483 311 509 340 si
536 309 719 341 communis
739 311 796 340 Ec-

98 360 194 390 clesia
210 359 392 390 sanctorum
406 357 459 386 hic
473 356 629 395 recipitur
643 357 794 395 loquens,

97 413 155 436 nos
169 405 204 435 in
227 403 361 434 floribus
388 401 611 441 fructibusque
636 401 796 440 designati

95 458 222 487 sumus3
238 449 294 479 sed
309 448 343 478 et
357 448 479 486 quique
503 447 651 478 conversi
676 447 716 477 de
738 456 798 478 sae-

97 495 168 525 culo
183 494 217 523 in
231 494 298 524 toto
320 494 448 523 saeculo.
464 494 501 523 In
522 493 650 531 floribus
665 492 797 531 quidem

95 539 224 569 novella
246 539 280 568 et
304 539 417 569 tenera
437 539 542 568 adhuc
568 537 796 576 incipientium

96 584 295 614 conversatio
320 583 577 621 demonstratur,
591 583 625 612 in
647 583 797 622 fructibus

94 637 174 659 vero
189 629 427 668 proficientium
452 629 607 659 fortitudo
633 629 667 658 et
690 629 797 658 matu-

95 674 172 705 ritas
199 675 430 713 perfectorum.
456 675 514 704 His
548 674 666 712 stipata
692 674 796 703 mater

95 720 303 758 peregrinans
323 721 357 750 et
380 719 597 756 fructificans,
613 719 666 748 cui
681 719 795 748 vivere

93 765 238 796 Christus
253 767 319 803 est,
336 767 370 795 et
390 765 471 794 mori
490 765 635 801 lucrum3
651 763 796 802 profecto

93 811 304 849 aequanimius
318 810 381 840 fert
395 809 577 839 molestiam
591 817 656 839 suae
669 809 796 839 dilatio—

93 856 161 893 nis,
177 856 330 894 quoniam
342 877 351 893 ,
365 855 459 893 juxta
474 854 685 893 scripturam,
701 854 796 885 datur

92 902 121 931 ei
130 902 165 931 de
183 901 287 939 fructu
301 909 453 931 manuum
467 909 614 938 suarum,
629 900 795 938 tamquam

92 954 136 977 ex
157 946 311 985 primitiis
332 946 483 984 spiritus,
507 946 541 975 et
564 945 698 975 laudant
722 954 795 975 eam

92 991 127 1022 in
150 992 251 1030 portis
270 1000 370 1030 opera
395 991 477 1029 ejus.
493 991 526 1020 Si
549 991 657 1021 autem
680 999 796 1021 secun-

92 1035 170 1066 dum
184 1037 340 1067 moralem
356 1045 485 1066 sensum
500 1036 533 1066 in
547 1044 612 1066 una
628 1036 735 1065 anima
746 1036 796 1066 vis

92 1081 153 1111 tibi
167 1081 304 1120 utraque
320 1081 390 1111 haec
406 1082 578 1120 assignari,
596 1082 629 1111 et
641 1083 731 1119 flores
745 1082 797 1111 vi-

92 1126 228 1165 delicet,
246 1127 280 1157 et
293 1127 433 1165 fructus3
448 1127 546 1156 fidem
561 1126 674 1156 florem
684 1148 693 1164 ,
709 1126 796 1156 fruc-

92 1173 161 1201 tum
176 1173 283 1202 actum
297 1172 458 1210 intellige.
471 1172 535 1202 Nec
548 1172 722 1211 incongrue
740 1171 797 1211 (ut

91 1216 227 1258 opinor)
243 1217 277 1247 id
296 1217 359 1247 tibi
373 1217 560 1255 videbitur,
576 1218 603 1247 si
627 1217 794 1257 advertas,

90 1263 250 1300 quomodo
264 1263 366 1293 instar
378 1263 466 1293 floris
479 1263 662 1293 necessario
674 1271 797 1302 praece-

92 1307 199 1339 dentis
225 1308 387 1348 fructum,
412 1309 534 1339 bonum
564 1317 692 1348 quoque
717 1317 796 1348 opus

91 1353 154 1383 fide
181 1354 332 1392 oporteat
355 1354 543 1394 praeveniri.
558 1355 709 1393 Alioquin
732 1357 796 1385 sine

89 1399 147 1436 fide
169 1400 350 1438 impossibile
373 1402 417 1431 est
441 1400 562 1439 placere
592 1402 670 1431 Deo.
696 1401 795 1430 Paulo

91 1444 282 1483 attestante,
297 1446 398 1484 magis
410 1447 519 1476 autem
539 1454 630 1484 aeque
655 1445 724 1484 ipso
739 1446 797 1476 do-

91 1491 185 1521 cente
198 1512 207 1529 ,
221 1492 317 1522 Omne
332 1493 411 1530 quod
424 1500 488 1521 non
500 1494 542 1522 est
558 1501 597 1521 ex
610 1491 666 1529 fide
673 1513 683 1528 ,
703 1493 793 1522 etiam

87 1537 248 1574 peccatum
260 1539 315 1568 est.
328 1538 440 1575 Itaque
452 1545 513 1567 nec
528 1537 597 1567 sine
613 1537 692 1567 flore
708 1537 796 1567 fruc-

91 1581 162 1620 tus,
184 1590 247 1612 nec
266 1582 337 1613 sine
360 1582 424 1613 fide
440 1591 520 1621 opus
534 1583 667 1613 bonum.
684 1583 747 1613 Sed
763 1585 795 1615 et

90 1626 169 1658 fides
190 1628 261 1659 sine
287 1628 442 1667 operibus
463 1630 591 1659 mortua
616 1629 685 1667 est,
711 1629 796 1660 sicut

90 1671 256 1704 inutiliter
270 1682 398 1712 quoque
410 1674 469 1703 flos
491 1675 642 1712 apparet,
658 1674 715 1703 ubi
730 1683 795 1704 non

90 1718 238 1756 sequitur
264 1718 400 1749 fructus.
429 1720 546 1750 Fulcz'te
571 1728 620 1749 me
646 1720 775 1757 floribus
783 1741 793 1757 ,

89 1764 198 1802 stipate
220 1772 270 1794 me
290 1764 401 1801 malis,
417 1765 491 1802 quia
518 1773 624 1794 amore
652 1765 793 1803 langueo.

89 1809 170 1847 Ergo
182 1817 225 1839 ex
239 1809 332 1839 bonis
343 1810 498 1848 operibus
509 1810 544 1840 in
564 1810 627 1840 fide
642 1819 708 1840 non
722 1810 795 1840 ficta

89 1854 242 1885 radicatis
270 1854 390 1893 recipit
416 1855 671 1886 consolationem
702 1864 795 1886 mens

90 1900 216 1931 assueta
228 1900 350 1939 quieti,
365 1901 494 1939 quoties
505 1901 568 1931 sibi
585 1900 641 1940 (ut
655 1900 792 1941 assolet)

88 1945 149 1975 lux
169 1945 457 1984 contemplationis
477 1946 690 1976 subtrahitur.
717 1947 795 1984 Quis

90 1991 197 2029 enim,
212 1999 277 2022 non
293 1991 364 2021 dico
388 1991 559 2030 continue,
575 1992 632 2022 sed
655 1993 709 2023 vel
734 1993 795 2022 ali-

88 2036 246 2074 quamdiu
258 2057 268 2074 ,
283 2036 362 2066 dum
377 2036 412 2066 in
432 2037 494 2067 hoc
509 2045 644 2076 corpore
665 2038 792 2076 manet,

89 2081 213 2112 lumine
222 2081 506 2121 contemplationis
514 2081 658 2112 fruatur?
669 2083 707 2113 At
716 2092 796 2122 quo-

88 2126 150 2157 ties
163 2125 220 2167 (ut
239 2126 329 2167 dixi)
343 2128 467 2157 corruit
481 2135 501 2157 a
522 2129 773 2166 contemplativa
783 2150 792 2166 ,

89 2172 186 2203 toties
199 2172 235 2202 in
249 2173 389 2204 activam
409 2181 444 2203 se
456 2173 592 2212 recipit,
605 2174 681 2204 inde
697 2174 794 2204 nimi-

88 2226 163 2248 rum
175 2218 338 2257 tamquam
353 2227 371 2249 e
382 2218 492 2249 vicino
501 2219 695 2250 familiarius
706 2220 794 2250 redi-

89 2263 162 2293 tura
172 2263 206 2293 in
221 2263 385 2302 idipsum:
399 2265 551 2302 quoniam
565 2265 640 2295 sunt
651 2265 793 2296 invicem

89 2307 337 2343 contubernales
357 2308 410 2339 hae
431 2309 521 2347 duae,
545 2309 580 2339 et
605 2309 794 2341 cohabitant

88 2353 227 2392 pariter3
243 2354 292 2385 est
306 2354 428 2393 quippe
440 2363 528 2385 soror
537 2355 646 2386 Mariae
656 2356 791 2387 Martha.

87 2399 200 2438 Neque
214 2399 323 2438 enim,
338 2401 399 2431 etsi
415 2408 433 2430 a
448 2401 729 2439 contemplationis
742 2403 794 2432 lu-

88 2445 178 2475 mine
192 2445 279 2475 cadit
290 2467 301 2484 ,
314 2445 439 2484 patitur
455 2446 566 2476 tamen
581 2447 745 2477 ullatenus
758 2456 793 2479 se

87 2489 234 2520 incidere
249 2489 283 2520 in
296 2490 450 2520 tenebras
464 2491 610 2530 peccati,
626 2500 684 2522 seu
701 2492 794 2531 igna-

87 2534 176 2565 viam
190 2535 266 2574 otii,
282 2543 361 2566 sane
376 2536 411 2565 in
425 2537 499 2567 luce
520 2536 614 2568 bonae
634 2539 795 2577 operatio-

87 2580 139 2612 nis
152 2589 187 2613 se
199 2582 360 2613 retinens.
376 2583 415 2612 Et
425 2583 463 2613 ut
475 2583 559 2613 scias
573 2583 673 2614 etiam
695 2592 793 2624 opera

90 2627 197 2658 lucem
212 2636 282 2659 esse
298 2629 435 2660 :Luceat
453 2629 510 2660 luz·
531 2631 651 2669 vestra,
667 2630 791 2671 inquit,

1472 213 1530 243 545

828 273 934 295 coram
948 264 1132 295 hominibus.
1142 262 1234 301 Quod
1248 270 1313 293 non
1328 265 1376 295 est
1394 265 1530 300 dubium

829 309 869 340 de
890 310 1042 348 operibus
1057 309 1156 339 fuisse
1179 307 1319 347 dictum,
1334 318 1405 348 quae
1427 313 1531 343 homi-

830 364 888 386 nes
902 356 1053 395 poterant
1066 354 1202 385 intueri.

869 401 900 431 3.
914 402 1032 431 Fulcile
1044 409 1091 431 me
1099 400 1239 438 floribus,
1251 400 1360 438 stipate
1372 409 1418 430 me
1430 404 1531 440 malis,

831 447 904 485 quia
924 456 1030 477 amore
1051 447 1192 484 lanqueo.
1221 445 1297 474 CUM
1312 452 1457 476 Puffisro
1473 455 1532 478 Esr

830 492 915 530 quod
926 493 1070 530 amatur,
1085 491 1175 529 viget
1189 499 1296 528 amor-3
1312 490 1446 529 languet
1460 501 1533 522 cum

831 537 932 567 abest.
942 538 1036 575 Quod
1046 545 1110 567 non
1123 538 1172 567 est
1183 536 1283 575 aliud,
1293 544 1388 574 quam
1402 536 1533 567 taedium

830 581 990 619 quoddam
1015 580 1218 619 impatientis
1251 580 1406 610 desiderii
1421 602 1431 619 ,
1468 590 1535 619 quo

829 635 962 656 necesse
986 627 1037 657 est
1051 626 1136 656 affici
1154 626 1299 656 mentem
1320 626 1536 656 vehementer

830 671 968 701 amantis
983 671 1117 701 absente
1128 679 1225 710 quem
1240 671 1344 709 amat,
1360 671 1436 700 dum
1449 672 1535 701 totus

832 715 866 744 in
878 716 1123 753 exspectatione
1132 737 1142 754 ,
1153 715 1390 754 quantamlibet
1402 716 1536 746 festina-

829 760 955 790 tionem
969 761 1099 799 reputat
1114 761 1315 791 tarditatem.
1331 761 1369 790 Et
1381 761 1455 791 ideo
1474 761 1534 792 ista

829 806 972 844 postulat
986 806 1050 836 sibi
1066 806 1264 836 accumulari
1276 806 1437 836 bonorum
1457 815 1536 846 ope-

829 860 902 881 rum
917 852 1042 882 fructus
1062 860 1136 882 cum
1151 852 1227 882 fidei
1245 852 1483 891 odoramentis,
1500 853 1534 883 in

829 897 947 937 quibus
960 906 1085 928 moram
1104 898 1248 928 faciente
1264 906 1379 935 sponso
1401 898 1534 928 interim

829 943 1025 981 requiescat.
1036 944 1163 982 Loquor
1170 943 1262 973 vobis
1271 942 1534 981 experimentum

829 996 938 1018 meum
962 989 1048 1027 quod
1073 989 1231 1026 expertus
1247 997 1331 1018 sum.
1353 988 1387 1018 Si
1405 989 1535 1027 quando

829 1041 905 1063 sane
932 1034 1076 1072 comperi
1101 1033 1279 1072 profecisse
1307 1034 1431 1072 aliquos
1459 1042 1534 1064 ves-

829 1079 915 1107 trum
937 1086 979 1108 ex
1001 1079 1085 1108 mels
1110 1078 1260 1117 monitis,
1283 1079 1362 1109 tunc
1390 1086 1455 1108 non
1481 1088 1534 1109 me

828 1122 953 1161 piguit,
975 1123 1099 1161 fateor,
1129 1132 1242 1156 curam
1261 1124 1443 1162 praetulisse
1465 1132 1534 1154 ser-

829 1169 932 1199 monis
946 1170 1076 1208 proprio
1092 1170 1159 1200 otio
1175 1169 1209 1201 et
1223 1170 1339 1209 quieti.
1356 1170 1433 1200 Cum
1446 1171 1531 1201 enim

831 1213 945 1252 (verbi
966 1214 1093 1256 gratia)
1116 1216 1189 1255 post
1203 1224 1385 1246 sermonem
1403 1216 1530 1247 iracun-

830 1261 888 1290 dus
925 1262 1088 1300 quispiam
1116 1262 1286 1301 reperitur
1314 1262 1460 1292 mutatus
1495 1262 1530 1292 in

829 1307 942 1337 mitem
953 1329 962 1345 ,
975 1308 1134 1346 superbus
1150 1308 1183 1337 in
1198 1308 1376 1346 humilem,
1394 1308 1528 1346 pusilla-

829 1354 925 1383 nimis
938 1354 972 1383 in
988 1353 1126 1384 fortem:
1142 1361 1236 1392 porro
1251 1354 1341 1384 mitis
1353 1375 1362 1392 ,
1380 1353 1531 1391 humilis,

830 1399 935 1437 fortis,
950 1399 984 1429 in
1000 1408 1057 1430 sua
1068 1400 1206 1438 quisque
1217 1399 1320 1437 gratia
1332 1398 1532 1436 excrevisse,

829 1446 862 1473 et
877 1444 982 1483 seipso
998 1444 1113 1474 melior
1125 1444 1230 1474 factus
1241 1452 1311 1474 esse
1327 1444 1532 1482 agnoscitur3

829 1490 886 1519 sed
898 1491 932 1520 et
940 1491 996 1528 qui
1010 1490 1092 1520 sorte
1108 1490 1282 1529 tepuerant
1290 1490 1321 1520 et
1333 1490 1535 1528 languebant

828 1535 914 1565 circa
943 1534 1114 1573 spirituale
1137 1535 1281 1565 studium
1305 1535 1473 1573 torpentes
1501 1537 1534 1565 et

828 1579 1059 1619 dormitantes,
1075 1580 1116 1610 ad
1133 1580 1274 1619 ignitum
1291 1581 1456 1619 eloquium
1471 1582 1533 1610 Do-

828 1626 909 1655 mini
934 1626 1131 1657 referbuisse
1160 1627 1194 1657 et
1216 1627 1387 1665 evigilasse
1416 1626 1533 1657 viden-

828 1672 898 1710 tur;
916 1672 949 1701 et
963 1672 1019 1710 qui
1036 1672 1164 1703 deserto
1179 1672 1267 1702 fonte
1282 1672 1463 1710 sapientiae,
1480 1672 1529 1702 fo-

828 1717 943 1747 derant
955 1718 1017 1747 sibi
1031 1718 1170 1756 propriae
1182 1718 1360 1749 voluntatis
1373 1717 1533 1748 cisternas

828 1770 891 1791 non
905 1762 1052 1793 valentes
1066 1770 1165 1800 aquas
1179 1763 1348 1792 continere
1359 1784 1369 1801 ,
1384 1764 1532 1801 propter-

829 1816 929 1846 eaque
939 1808 979 1837 ad
989 1816 1084 1838 omne
1102 1807 1287 1845 injunctum
1304 1808 1426 1846 gravati
1436 1808 1531 1838 corde

828 1853 917 1882 arido
932 1853 1197 1891 murmurabant,
1215 1853 1343 1883 nullum
1364 1852 1399 1883 in
1419 1862 1454 1883 se
1473 1853 1531 1883 ha-

829 1899 944 1928 bentes
969 1899 1152 1929 devotionis
1174 1899 1347 1928 humorem
1366 1907 1375 1928 :
1396 1899 1450 1937 hi,
1480 1899 1531 1929 in-

827 1951 937 1983 quam,
951 1953 1026 1974 cum
1055 1944 1095 1974 de
1120 1952 1193 1974 rore
1221 1944 1332 1981 verbi,
1360 1945 1394 1974 et
1417 1945 1529 1983 pluvia

830 1990 1026 2027 voluntaria,
1042 1998 1140 2029 quam
1162 1990 1341 2028 segregavit
1362 1990 1449 2020 Deus
1464 1990 1529 2020 hae-

827 2035 957 2065 reditati
977 2044 1067 2074 suae,
1090 2036 1274 2066 refloruisse
1296 2036 1474 2074 probantur
1496 2035 1530 2066 in

827 2090 925 2120 opera
940 2082 1155 2120 obedientiae,
1168 2082 1248 2112 facti
1262 2082 1297 2112 in
1312 2082 1463 2112 omnibus
1475 2090 1531 2113 vo-

827 2127 960 2158 luntarii
977 2128 1010 2158 et
1025 2128 1155 2167 devoti,
1167 2136 1234 2159 non
1249 2128 1298 2158 est
1314 2126 1404 2168 (dico
1420 2127 1529 2167 vobis)

827 2173 913 2203 unde
925 2174 1041 2204 subeat
1054 2175 1221 2212 mentem,
1237 2174 1329 2213 quasi
1353 2182 1412 2212 pro
1428 2174 1533 2204 inter-

826 2219 923 2249 misso
939 2219 1047 2249 studio
1060 2219 1211 2257 Jueundae
1227 2219 1531 2259 contemplationis,

827 2268 978 2307 tristitia,
994 2277 1070 2298 cum
1086 2269 1207 2299 talibus
1231 2269 1324 2299 fuero
1349 2269 1532 2299 circumda·

827 2314 878 2344 tus
897 2314 1032 2345 floribus
1064 2315 1161 2353 atque
1196 2314 1357 2346 fructibus
1385 2314 1529 2354 pietatis.

826 2358 994 2389 Patienter
1008 2360 1131 2390 avellor
1145 2360 1185 2390 ab
1198 2359 1394 2390 infoecundae
1406 2360 1531 2390 Rache-

827 2405 867 2435 lis
879 2405 1087 2444 amplexibus
1099 2427 1108 2445 ,
1123 2406 1161 2436 ut
1175 2405 1215 2436 de
1230 2406 1288 2436 Lia
1303 2406 1386 2436 mihi
1406 2405 1530 2436 exube-

826 2450 900 2480 rent
932 2450 1059 2480 fructus
1092 2450 1298 2490 profectuum
1332 2450 1524 2481 vestrorum.

826 2495 958 2526 Minime
974 2504 1106 2536 prorsus
1127 2496 1253 2535 pigebit
1267 2504 1319 2526 me
1335 2494 1526 2525 intermissae

826 2540 949 2579 quietis
959 2549 1018 2579 pro
1033 2549 1110 2571 cura
1124 2540 1282 2571 sermonis
1294 2562 1303 2578 ,
1324 2547 1398 2568 cum
1413 2537 1525 2567 videro

827 2585 861 2616 in
871 2586 963 2617 vobis
973 2587 1156 2626 germinare
1169 2593 1280 2616 semen
1292 2591 1400 2613 meum
1409 2605 1418 2621 ‚
1431 2584 1526 2621 atque

827 2639 870 2662 ex
880 2639 918 2662 eo
926 2632 1036 2671 augeri
1048 2631 1247 2662 incrementa
1259 2627 1526 2667 frugumjustitiae
