1810 3073
453 216 499 243 IN
523 214 724 243 CANTICA
746 213 894 241 SERMO
922 213 1066 240 XXVII.

68 270 186 303 babere
202 271 292 302 illum
304 268 495 306 meruimus,
514 277 576 307 quo
592 276 703 298 carere
727 267 762 297 in

68 319 194 348 tantum
209 325 271 347 non
285 315 448 353 volumus,
464 314 500 344 in
520 314 675 353 quantum
700 320 763 343 non

67 362 210 399 expedit.

108 406 156 434 42.
172 403 346 440 Recordor,
362 402 516 441 Domine,
531 402 618 441 pacti
640 401 705 432 mei
731 402 763 432 et

66 449 279 479 miserationis
300 449 381 486 tuae,
405 449 441 479 ut
455 449 556 486 magis
576 447 762 485 justificeriS

66 495 101 524 in
125 494 325 524 sermonibus
349 494 430 532 tuis,
447 496 480 524 et
494 494 603 523 vincas
624 501 696 522 cum
708 492 763 528 ju-

64 540 191 571 dicaris.
215 538 292 569 Ct'rm
318 548 374 578 pro
392 547 483 569 causa
505 537 654 568 Ecclesiae
680 544 761 566 anno

64 585 227 624 praeterito
250 585 385 615 Vitcrbii
409 593 568 621 essemus,
596 582 762 620 aegrotavit

63 631 140 668 ille,
171 631 203 660 et
237 631 455 660 invalescente
490 630 661 666 languore,
688 636 761 657 cum

60 675 128 714 jam
154 676 299 714 proxima
331 676 498 705 videretur
533 673 675 710 vocatio,
703 681 760 710 ego

61 721 228 759 oegerrime
241 720 346 750 ferens
361 721 511 750 comitem
525 718 760 757 peregrlnatio-

62 768 131 804 nis,
153 768 185 797 et
204 767 296 796 illum
321 766 471 795 comitem
498 765 531 794 in
552 765 637 793 terra
663 763 760 792 reliu-

61 820 162 850 quere
190 812 311 849 aliena,
342 819 403 840 nec
429 809 591 848 resignare
620 809 671 839 his
705 808 760 847 qui

61 858 142 887 mihi
158 865 231 887 eum
247 857 489 893 commiserant,
505 856 657 893 quoniam
673 862 760 884 ama-

60 902 154 932 batur
168 903 208 932 ab
229 902 398 941 omnibus,
421 902 503 932 sicut
519 902 589 930 erat
613 900 760 930 amabilis

60 948 172 986 valde3
202 956 374 978 conversus
411 947 451 977 ad
479 946 656 976 orationem
686 954 760 975 cum

61 993 140 1023 fletu
166 993 198 1023 et
226 994 375 1031 gemitu:
402 993 575 1030 Exspecta,
606 991 759 1029 inquam,

59 1039 207 1076 Domine,
220 1048 322 1077 usque
338 1039 378 1069 ad
391 1038 546 1068 reditum.
563 1037 760 1067 Restitutum

59 1085 172 1114 amicis
197 1085 274 1114 tolle
297 1085 365 1122 jam
391 1092 486 1122 eum,
512 1083 539 1112 si
564 1083 631 1120 vis,
649 1083 682 1112 et
697 1091 761 1112 non

60 1130 224 1159 causabor.
241 1130 406 1160 Exaudisti
431 1138 502 1166 me,
519 1129 605 1158 Deus
621 1137 628 1157 τ
646 1136 762 1158 conva-

59 1174 141 1212 luit,
157 1184 236 1212 opus
248 1175 444 1213 perfecimus
459 1175 544 1212 quod
561 1173 759 1211 injunxeras,

59 1220 237 1250 redivimus
249 1229 320 1250 cnm
331 1220 546 1249 exsultatione
559 1220 761 1256 reportantes

59 1265 240 1302 manipulos
255 1265 458 1302 pacis.Porro
475 1273 533 1302 ego
543 1264 661 1293 oblitus
675 1271 760 1301 pene

58 1318 128 1340 sum
144 1318 225 1340 meae
240 1310 546 1348 conventionis,sed
558 1318 621 1339 non
635 1309 682 1339 tu.
699 1310 762 1339 Pu—

59 1354 115 1385 det
129 1355 328 1393 singultuum
345 1356 460 1385 horum
472 1377 481 1392 ,
497 1355 553 1392 qui
568 1354 761 1392 praevarica-

57 1400 156 1431 tionis
170 1410 221 1431 me
248 1403 398 1439 arguunt.
424 1401 507 1438 Quid
528 1399 640 1438 plura?
655 1401 761 1437 Repe-

58 1446 140 1477 tiisti
169 1447 446 1484 commendatum,
473 1445 626 1483 recepisti
655 1446 758 1475 tuum.

59 1492 171 1522 Finem
185 1493 357 1522 verborum
378 1492 524 1521 indicunt
540 1492 707 1528 lacrymae3
725 1492 760 1520 tu

58 1537 141 1575 illis,
171 1538 323 1576 Domine,
352 1537 449 1568 finem
483 1536 680 1575 modumque
708 1537 760 1567 in-

59 1583 190 1614 dixeris.

229 1681 398 1713 SERMO
423 1681 590 1713 XXVII.

60 1757 98 1782 De
116 1759 220 1781 ornatu
233 1763 354 1788 sponsae,
373 1760 399 1780 et
418 1758 540 1787 qualiter
557 1757 651 1781 anima
668 1759 759 1782 sancta

287 1795 397 1818 (loelum
411 1795 531 1819 dicatur.

99 1858 128 1887 1.
145 1858 232 1895 ΩυῐΑ
259 1858 377 1888 debitis
405 1857 618 1888 humanitatis
645 1856 759 1887 officiis

59 1904 198 1933 amicum
211 1905 430 1933 revertentem
448 1904 479 1932 in
500 1904 637 1942 patriam
649 1912 760 1941 prose-

59 1951 126 1980 cuti
153 1959 279 1986 sumus,
296 1949 392 1979 redeo
403 1971 412 1986 ,
428 1950 572 1986 Fratres,
589 1949 629 1978 ad
643 1957 760 1987 propo-

60 1995 156 2025 situm
188 1994 365 2026 aedificandi
395 1994 480 2032 quod
509 1994 757 2025 intermiseram.

59 2040 273 2078 Incongruum
297 2048 432 2077 namque
455 2039 502 2069 est
525 2039 581 2069 diu
604 2039 682 2069 ssere
704 2041 760 2070 lae-

59 2085 200 2122 tante1n3
219 2086 251 2114 ct
274 2084 400 2114 sedenti
415 2084 456 2113 ad
478 2085 759 2123 epulaslacrymas

60 2131 177 2160 multas
202 2130 368 2167 ingerere,
396 2130 627 2168 importunum.
649 2131 713 2161 Sed
728 2133 760 2162 et

60 2176 87 2208 si
112 2180 234 2206 nostras
263 2176 438 2206 defleamus
463 2184 639 2214 aerumnas,
669 2185 710 2207 ne
727 2177 760 2207 id

62 2222 193 2260 quidem
227 2222 351 2260 oportet
379 2221 496 2259 nimis,
525 2230 566 2251 ne
601 2230 665 2251 non
694 2223 759 2252 tam

61 2275 182 2297 amasse
208 2268 320 2305 illum,
348 2276 443 2306 quam
474 2268 580 2298 nostra
605 2269 759 2306 quaesisse

61 2313 172 2343 ticillo
199 2313 363 2343 commoda
387 2314 567 2343 videamur.
588 2315 761 2352 Temperet

61 2367 137 2388 sane
154 2359 264 2388 dilecti
280 2359 432 2396 gaudium
441 2359 627 2389 moestitiam
640 2360 762 2389 desola-

60 2404 187 2440 torum;
212 2405 245 2433 et
270 2404 470 2434 tolerabilius
496 2404 551 2435 fiat
571 2405 663 2435 nobis
678 2407 763 2444 quod

62 2450 229 2479 nobiscum
255 2458 318 2478 non
344 2450 410 2488 est,
424 2450 499 2488 quia
526 2459 597 2480 cum
618 2452 685 2481 Deo
701 2452 761 2482 est.

63 2494 176 2524 Fretus
192 2502 265 2532 ergo
282 2495 480 2525 orationibus
493 2496 628 2534 vestr1s,
641 2498 713 2527 volo
730 2498 763 2527 in

62 2537 188 2576 lucem,
215 2539 241 2567 si
270 2547 416 2577 possum,
445 2539 581 2577 prodere
606 2540 763 2579 quicquid

62 2583 145 2614 illud
167 2585 233 2622 est,
250 2585 335 2623 quod
360 2586 507 2623 opertum
532 2585 598 2615 illis
622 2587 763 2624 pellibus

65 2628 167 2659 sentio
177 2650 186 2666 ,
194 2638 263 2668 quae
273 2629 305 2658 in
315 2637 407 2659 exem
412 2629 499 2668 plum
512 2629 634 2661 decoris
642 2638 764 2669 sponsae

1438 216 1496 247 25⁷

796 267 958 305 productae
982 265 1067 296 sunt.
1084 266 1150 295 Hoc
1169 265 1179 305 (
1194 266 1221 296 si
1244 268 1410 309 recolitis)
1430 272 1499 300 tac·-

796 316 864 345 tum
888 314 967 351 ruit,
995 313 1051 343 sed
1079 313 1293 343 indiscussum
1316 319 1470 347 remansit
1486 326 1494 346 :

796 367 890 398 porro
912 359 1090 389 discussum
1117 359 1150 387 et
1175 359 1389 398 declaratum,
1416 370 1496 399 quo—

796 405 888 435 modo
913 406 1003 444 niqra
1018 404 1060 434 sit
1072 405 1150 434 sicut
1174 404 1374 434 tabernacula
1386 406 1496 435 Cedar.

796 450 960 487 Quomodo
976 458 1049 487 ergo
1060 450 1138 480 sicut
1147 449 1236 487 pelles
1251 450 1423 479 Salomonis
1435 451 1499 487 for-

795 495 902 526 mosa?
916 495 1005 533 quasi
1021 502 1101 525 vero
1114 494 1262 523 Salomon
1278 493 1314 523 in
1330 493 1417 523 omni
1431 495 1501 532 glo-

795 540 841 569 ria
859 549 915 570 sua
936 540 1108 579 quicquam
1132 539 1283 569 habuerit
1303 539 1499 577 condignum

795 585 911 614 decore
926 593 1067 623 sponsae,
1095 584 1128 614 et
1147 584 1248 622 gloria
1264 585 1396 614 ornatus
1413 583 1499 620 ejus.

794 630 832 659 Et
846 631 976 668 quidem
1001 630 1028 660 si
1042 638 1106 659 non
1121 629 1161 658 ad
1177 629 1328 659 decorem
1354 637 1476 667 sponsae
1489 651 1498 666 ‚

794 676 851 705 sed
874 676 915 706 ad
930 676 1133 713 nigredinem
1157 675 1265 713 potius
1287 675 1396 705 nescio
1419 683 1501 713 quas

793 723 881 759 pelles
902 722 996 759 istas⁷
1012 721 1097 750 sicut
1121 721 1154 751 et
1180 721 1380 751 tabernacula
1401 721 1500 751 Cedar

794 767 954 804 respicere
978 767 1179 803 diceremus,
1202 765 1344 796 fortassis
1368 773 1500 803 compe-

794 812 895 849 teret,
921 820 982 842 nec
1008 812 1134 842 deesset
1159 812 1245 841 unde
1259 811 1303 854 vid
1320 819 1498 849 congruere

794 859 1062 896 monstraremus,
1086 858 1170 888 sicut
1182 858 1216 887 et
1236 857 1498 887 monstrabimus.

794 902 833 932 At
846 911 924 932 vero
939 903 965 932 si
981 911 1104 941 sponsae
1119 901 1257 932 claritati
1272 909 1500 939 quarumcum-

794 955 858 984 que
871 947 1019 977 decorem
1031 948 1167 986 pellium
1179 946 1428 984 comparandum
1438 954 1501 984 pu-
1526 964 1529 969 ι

795 994 898 1022 tamus
909 1015 918 1031 ,
934 993 987 1023 hic
1009 1001 1137 1032 prorsus
1153 1001 1232 1030 opus
1247 992 1340 1021 nobis
1354 992 1412 1029 est,
1429 991 1500 1028 ejus

795 1038 835 1067 ad
861 1047 958 1076 quem
988 1040 1140 1078 pulsastis
1167 1039 1291 1068 auxilio
1305 1060 1313 1076 ,
1341 1039 1501 1076 quatenus

795 1085 985 1121 mysterium
1000 1085 1059 1114 hoc
1075 1085 1170 1123 digne
1189 1084 1314 1123 aperire
1327 1083 1498 1122 possimus.

794 1129 874 1166 Quid
884 1138 1023 1168 namque
1036 1139 1146 1160 eorum
1156 1139 1227 1168 quae
1239 1130 1272 1159 in
1284 1129 1366 1159 facie
1377 1130 1498 1167 lucent,

795 1176 821 1204 si
831 1176 966 1206 internae
982 1176 1162 1214 cujuspiam
1175 1176 1293 1206 sanctae
1303 1175 1421 1204 animae
1430 1174 1501 1213 pul-

795 1222 950 1251 critudini
979 1225 1184 1260 comparetur
1197 1243 1206 1259 ,
1221 1229 1286 1250 non
1306 1221 1372 1250 vile
1387 1229 1424 1249 ac
1440 1220 1501 1249 foe—

795 1267 872 1296 dum
888 1268 975 1297 recto
1001 1267 1155 1305 appareat
1168 1265 1378 1297 aestimatori?
1393 1266 1475 1303 Quid
1489 1288 1498 1303 ‚

796 1311 925 1348 inquam
936 1333 944 1349 ,
957 1312 1022 1341 tale
1035 1312 1067 1340 in
1080 1320 1112 1341 se
1123 1310 1265 1340 ostendit
1278 1318 1315 1340 ea
1331 1318 1403 1348 quae
1420 1318 1500 1347 prae-

795 1357 872 1387 terit
886 1357 986 1394 figura
1001 1357 1099 1394 hujus
1113 1355 1247 1392 mundi,
1266 1356 1350 1393 quod
1367 1363 1498 1393 aequare

794 1402 938 1440 speciem
954 1403 1069 1432 animae
1080 1402 1181 1440 possit
1194 1401 1282 1430 illius
1293 1422 1302 1438 ,
1318 1409 1389 1438 quae
1402 1401 1500 1429 exuta

794 1448 914 1477 terreni
924 1448 1065 1478 hominis
1075 1448 1287 1484 vetustatem,
1301 1445 1371 1483 ejus
1385 1446 1441 1484 qui
1458 1446 1498 1475 de

794 1494 874 1523 coelo
891 1494 956 1530 est,
974 1494 1124 1523 decorem
1141 1493 1267 1530 induit,
1285 1493 1396 1521 ornata
1414 1491 1501 1529 opti-

793 1539 854 1568 mis
869 1540 1010 1568 moribus
1026 1547 1083 1576 pro
1098 1537 1293 1574 monilibus,
1307 1537 1375 1574 ipso
1388 1536 1500 1575 purior

793 1585 874 1615 sicut
891 1586 924 1614 et
938 1585 1097 1614 excelsior
1119 1584 1240 1614 aethere
1251 1605 1259 1620 ,
1271 1583 1338 1612 sole
1355 1582 1500 1621 splendi-

793 1630 884 1660 dior?
899 1630 968 1659 Noli
985 1638 1059 1668 ergo
1069 1629 1231 1667 respicere
1247 1629 1286 1658 ad
1298 1629 1394 1658 istum
1410 1629 1500 1658 Salo-

794 1684 920 1705 monem
931 1698 939 1713 ,
949 1684 1021 1705 cum
1031 1676 1181 1712 indagare
1195 1674 1287 1712 cupis
1297 1695 1305 1711 ,
1315 1673 1499 1709 cujusmodi

793 1730 826 1751 se
853 1722 995 1759 pellibus
1018 1721 1160 1751 similem
1182 1720 1217 1749 in
1239 1720 1356 1750 decore
1382 1727 1498 1758 sponsa

793 1767 961 1806 glorietur.

829 1813 859 1841 ⁶2.
874 1812 957 1849 Quid
973 1812 1021 1842 est
1035 1819 1109 1850 ergo
1126 1810 1211 1849 quod
1226 1810 1306 1841 dicit
1322 1820 1330 1840 :
1348 1811 1499 1841 Formosa

792 1867 858 1888 sum
880 1858 1058 1896 sz'cutpclles
1073 1856 1267 1887 Salomonis?
1292 1857 1439 1893 Magnum
1464 1856 1500 1887 et

794 1904 941 1932 mirabile
966 1903 1136 1941 quiddam,
1158 1903 1195 1932 ut
1221 1910 1278 1940 ego
1305 1901 1429 1931 aestimo
1444 1909 1452 1929 :
1466 1902 1493 1930 si

794 1949 902 1978 tamen
924 1957 988 1978 non
1012 1949 1117 1984 hunc,
1143 1947 1199 1977 sed
1214 1947 1308 1976 illum
1323 1946 1377 1976 hic
1392 1946 1501 1976 atten-

793 1995 922 2031 damus,
937 1993 976 2023 de
1000 2001 1063 2031 quo
1089 1992 1209 2022 dicitur
1223 2001 1231 2021 :
1247 1993 1324 2021 Ecce
1333 1992 1499 2029 plusquam

793 2041 938 2070 Salomon
959 2039 1018 2068 laic.
1046 2039 1124 2067 Nam
1142 2045 1243 2076 usque
1269 2037 1350 2067 adeo
1365 2036 1392 2065 is
1407 2044 1500 2066 meus

794 2086 941 2116 Salomon
956 2084 1104 2114 Salomon
1120 2084 1188 2121 est,
1204 2083 1241 2113 nt
1255 2090 1320 2112 non
1335 2082 1430 2111 modo
1442 2082 1501 2112 Pa-

795 2132 902 2161 ciricus
912 2129 923 2169 (
935 2130 1019 2169 quod
1031 2129 1163 2168 quidem
1175 2129 1325 2159 Salomon
1335 2128 1501 2166 interpre-

794 2176 904 2215 tatur)
922 2176 979 2206 sed
998 2177 1030 2205 et
1044 2177 1110 2204 'Pax
1133 2175 1202 2213 ipsa
1223 2175 1376 2212 vocetur,
1400 2173 1502 2203 Paulo

793 2222 1007 2260 perhibente,
1033 2222 1109 2260 quia
1130 2222 1192 2259 ipse
1219 2222 1261 2251 est
1284 2229 1351 2259 paz·
1377 2221 1499 2250 nostra.

795 2268 885 2306 Apud
894 2268 990 2298 istum
999 2267 1202 2297 Salomonem
1211 2275 1275 2296 non
1286 2265 1398 2296 dubito
1406 2272 1500 2303 posse

795 2313 937 2344 inveniri
966 2313 1051 2352 quod
1078 2313 1187 2343 decori
1212 2320 1337 2350 sponsae
1367 2310 1500 2341 omnino

796 2367 980 2398 comparare
996 2367 1062 2388 non
1087 2358 1247 2388 dubitem.
1264 2357 1303 2387 Et
1316 2355 1499 2395 praesertim

796 2405 835 2435 de
864 2405 1005 2443 pellibus
1033 2404 1103 2442 ejus
1128 2404 1263 2434 adverte
1290 2403 1325 2432 in
1349 2402 1472 2440 psalmo
1490 2408 1499 2428 τ

797 2452 972 2481 Extendens
984 2472 994 2487 ‚
1009 2450 1072 2486 ait,
1089 2450 1197 2480 coelum
1208 2451 1285 2481 sicut
1295 2450 1415 2488 pellem.
1429 2448 1499 2476 Nou

797 2497 853 2526 ille
864 2495 1008 2534 protecto
1023 2495 1173 2525 Salomon
1191 2493 1202 2534 (
1218 2495 1280 2525 etsi
1296 2494 1432 2524 multum
1448 2499 1499 2520 sa-

798 2542 889 2580 piens
905 2563 914 2580 ,
944 2542 1148 2579 multumque
1177 2542 1293 2579 potens
1309 2538 1320 2577 )
1350 2535 1499 2568 extendit:

797 2587 913 2617 coelum
928 2586 1011 2616 sicut
1025 2587 1147 2624 pellem
1163 2594 1171 2614 :
1187 2584 1243 2615 sed
1263 2585 1290 2614 is
1304 2582 1429 2621 potius,
1440 2583 1499 2620 qui

798 2640 861 2662 non
878 2632 942 2661 tam
968 2632 1111 2670 sapiens,
1126 2638 1223 2669 quam
1244 2629 1312 2667 ipsa
1335 2626 1500 2666 Sapientia
