<?xml version="1.0" encoding="UTF-8"?>
<!DOCTYPE html PUBLIC "-//W3C//DTD XHTML 1.0 Transitional//EN"
    "http://www.w3.org/TR/xhtml1/DTD/xhtml1-transitional.dtd">
<html xmlns="http://www.w3.org/1999/xhtml" xml:lang="en" lang="en">
 <head>
  <title>
</title>
<meta http-equiv="Content-Type" content="text/html;charset=utf-8" />
  <meta name='ocr-system' content='tesseract 3.04.00' />
  <meta name='ocr-capabilities' content='ocr_page ocr_carea ocr_par ocr_line ocrx_word'/>
</head>
<body>
  <div class='ocr_page' id='page_1' title='image "./operagenuinajuxt03bernuoft/operagenuinajuxt03bernuoft_0336.png"; bbox 0 0 1846 3078; ppageno 0'>
   <div class='ocr_carea' id='block_1_1' title="bbox 244 262 956 2672">
    <p class='ocr_par' dir='ltr' id='par_1_1' title="bbox 247 262 956 1073">
     <span class='ocr_line' id='line_1_1' title="bbox 256 262 956 303; baseline 0 -12"><span class='ocrx_word' id='word_1_1' title='bbox 256 262 335 300; x_wconf 80' lang='lat' dir='ltr'>ipsis</span> <span class='ocrx_word' id='word_1_2' title='bbox 355 271 484 303; x_wconf 81' lang='lat' dir='ltr'>quoque</span> <span class='ocrx_word' id='word_1_3' title='bbox 499 263 570 295; x_wconf 77' lang='lat' dir='ltr'>fons</span> <span class='ocrx_word' id='word_1_4' title='bbox 586 272 677 303; x_wconf 84' lang='lat' dir='ltr'>aquae</span> <span class='ocrx_word' id='word_1_5' title='bbox 693 263 840 294; x_wconf 89' lang='lat' dir='ltr'>salientis</span> <span class='ocrx_word' id='word_1_6' title='bbox 855 263 889 292; x_wconf 89' lang='grc'>111</span> <span class='ocrx_word' id='word_1_7' title='bbox 904 262 956 292; x_wconf 84' lang='lat' dir='ltr'>vi-</span> 
     </span>
     <span class='ocr_line' id='line_1_2' title="bbox 256 307 954 349; baseline -0.003 -11"><span class='ocrx_word' id='word_1_8' title='bbox 256 311 323 339; x_wconf 82' lang='lat' dir='ltr'>tam</span> <span class='ocrx_word' id='word_1_9' title='bbox 338 310 505 340; x_wconf 83' lang='lat' dir='ltr'>aeternam.</span> <span class='ocrx_word' id='word_1_10' title='bbox 529 310 567 340; x_wconf 87' lang='lat' dir='ltr'>Et</span> <span class='ocrx_word' id='word_1_11' title='bbox 587 311 718 349; x_wconf 86' lang='lat' dir='ltr'>quidem</span> <span class='ocrx_word' id='word_1_12' title='bbox 734 309 830 346; x_wconf 75' lang='lat' dir='ltr'>huJus</span> <span class='ocrx_word' id='word_1_13' title='bbox 848 307 954 337; x_wconf 89' lang='lat' dir='ltr'>flumi-</span> 
     </span>
     <span class='ocr_line' id='line_1_3' title="bbox 256 351 953 393; baseline -0.004 -11"><span class='ocrx_word' id='word_1_14' title='bbox 256 354 311 385; x_wconf 87' lang='lat' dir='ltr'>nis</span> <span class='ocrx_word' id='word_1_15' title='bbox 338 354 480 393; x_wconf 88' lang='lat' dir='ltr'>impetus</span> <span class='ocrx_word' id='word_1_16' title='bbox 507 355 652 386; x_wconf 84' lang='lat' dir='ltr'>laetificat</span> <span class='ocrx_word' id='word_1_17' title='bbox 676 354 844 383; x_wconf 83' lang='lat' dir='ltr'>civitatem</span> <span class='ocrx_word' id='word_1_18' title='bbox 871 351 953 387; x_wconf 91' lang='lat' dir='ltr'>Dei,</span> 
     </span>
     <span class='ocr_line' id='line_1_4' title="bbox 255 395 953 439; baseline -0.004 -10"><span class='ocrx_word' id='word_1_19' title='bbox 255 408 331 431; x_wconf 88' lang='grc'><strong>53116</strong></span> <span class='ocrx_word' id='word_1_20' title='bbox 343 400 536 439; x_wconf 85' lang='lat' dir='ltr'>perenniter</span> <span class='ocrx_word' id='word_1_21' title='bbox 545 401 578 431; x_wconf 87' lang='lat' dir='ltr'>et</span> <span class='ocrx_word' id='word_1_22' title='bbox 589 399 773 429; x_wconf 84' lang='lat' dir='ltr'>affluenter.</span> <span class='ocrx_word' id='word_1_23' title='bbox 784 398 817 427; x_wconf 94' lang='lat' dir='ltr'>In</span> <span class='ocrx_word' id='word_1_24' title='bbox 829 395 953 426; x_wconf 89' lang='lat' dir='ltr'>nostros</span> 
     </span>
     <span class='ocr_line' id='line_1_5' title="bbox 252 441 954 484; baseline -0.007 -9"><span class='ocrx_word' id='word_1_25' title='bbox 252 447 363 476; x_wconf 79' lang='lat' dir='ltr'>autem</span> <span class='ocrx_word' id='word_1_26' title='bbox 386 446 513 477; x_wconf 85' lang='lat' dir='ltr'>montes</span> <span class='ocrx_word' id='word_1_27' title='bbox 537 446 594 484; x_wconf 92' lang='lat' dir='ltr'>qui</span> <span class='ocrx_word' id='word_1_28' title='bbox 615 445 650 474; x_wconf 91' lang='lat' dir='ltr'>in</span> <span class='ocrx_word' id='word_1_29' title='bbox 670 445 756 473; x_wconf 85' lang='lat' dir='ltr'>terra</span> <span class='ocrx_word' id='word_1_30' title='bbox 780 444 872 478; x_wconf 88' lang='lat' dir='ltr'>sunt,</span> <span class='ocrx_word' id='word_1_31' title='bbox 888 441 954 471; x_wconf 91' lang='lat' dir='ltr'>uti-</span> 
     </span>
     <span class='ocr_line' id='line_1_6' title="bbox 252 487 952 527; baseline -0.006 -7"><span class='ocrx_word' id='word_1_32' title='bbox 252 499 328 521; x_wconf 89' lang='lat' dir='ltr'>nam</span> <span class='ocrx_word' id='word_1_33' title='bbox 343 492 508 523; x_wconf 88' lang='lat' dir='ltr'>interdum</span> <span class='ocrx_word' id='word_1_34' title='bbox 529 491 612 520; x_wconf 79' lang='lat' dir='ltr'>facta</span> <span class='ocrx_word' id='word_1_35' title='bbox 627 488 719 527; x_wconf 87' lang='lat' dir='ltr'>quasi</span> <span class='ocrx_word' id='word_1_36' title='bbox 742 487 952 517; x_wconf 88' lang='lat' dir='ltr'>inundatione</span> 
     </span>
     <span class='ocr_line' id='line_1_7' title="bbox 252 532 952 574; baseline -0.007 -9"><span class='ocrx_word' id='word_1_37' title='bbox 252 537 352 567; x_wconf 84' lang='lat' dir='ltr'>saltus</span> <span class='ocrx_word' id='word_1_38' title='bbox 366 538 441 567; x_wconf 88' lang='lat' dir='ltr'>dare</span> <span class='ocrx_word' id='word_1_39' title='bbox 457 537 581 574; x_wconf 87' lang='lat' dir='ltr'>aliquos</span> <span class='ocrx_word' id='word_1_40' title='bbox 606 542 670 564; x_wconf 90' lang='lat' dir='ltr'>non</span> <span class='ocrx_word' id='word_1_41' title='bbox 687 532 863 570; x_wconf 82' lang='lat' dir='ltr'>despiciat,</span> <span class='ocrx_word' id='word_1_42' title='bbox 879 532 952 570; x_wconf 90' lang='lat' dir='ltr'>qui-</span> 
     </span>
     <span class='ocr_line' id='line_1_8' title="bbox 251 577 950 617; baseline -0.009 -5"><span class='ocrx_word' id='word_1_43' title='bbox 251 581 312 612; x_wconf 80' lang='lat' dir='ltr'>bus</span> <span class='ocrx_word' id='word_1_44' title='bbox 327 582 528 612; x_wconf 83' lang='lat' dir='ltr'>sufficienter</span> <span class='ocrx_word' id='word_1_45' title='bbox 543 579 681 617; x_wconf 81' lang='lat' dir='ltr'>irrigati,</span> <span class='ocrx_word' id='word_1_46' title='bbox 697 577 790 608; x_wconf 88' lang='lat' dir='ltr'>nobis</span> <span class='ocrx_word' id='word_1_47' title='bbox 804 586 950 616; x_wconf 82' lang='lat' dir='ltr'>quoque,</span> 
     </span>
     <span class='ocr_line' id='line_1_9' title="bbox 250 623 952 664; baseline -0.004 -9"><span class='ocrx_word' id='word_1_48' title='bbox 250 627 306 664; x_wconf 86' lang='lat' dir='ltr'>qui</span> <span class='ocrx_word' id='word_1_49' title='bbox 321 629 423 658; x_wconf 80' lang='lat' dir='ltr'>valles</span> <span class='ocrx_word' id='word_1_50' title='bbox 436 635 558 663; x_wconf 87' lang='lat' dir='ltr'>sumus,</span> <span class='ocrx_word' id='word_1_51' title='bbox 571 625 694 655; x_wconf 85' lang='lat' dir='ltr'>stillare</span> <span class='ocrx_word' id='word_1_52' title='bbox 709 623 762 653; x_wconf 79' lang='lat' dir='ltr'>vel</span> <span class='ocrx_word' id='word_1_53' title='bbox 778 631 865 653; x_wconf 87' lang='lat' dir='ltr'>raras</span> <span class='ocrx_word' id='word_1_54' title='bbox 880 625 952 660; x_wconf 87' lang='lat' dir='ltr'>gut-</span> 
     </span>
     <span class='ocr_line' id='line_1_10' title="bbox 250 668 952 710; baseline -0.001 -10"><span class='ocrx_word' id='word_1_55' title='bbox 250 672 334 702; x_wconf 81' lang='lat' dir='ltr'>tulas</span> <span class='ocrx_word' id='word_1_56' title='bbox 348 673 489 710; x_wconf 81' lang='lat' dir='ltr'>possint,</span> <span class='ocrx_word' id='word_1_57' title='bbox 513 679 554 700; x_wconf 86' lang='lat' dir='ltr'>ne</span> <span class='ocrx_word' id='word_1_58' title='bbox 577 669 709 699; x_wconf 88' lang='lat' dir='ltr'>omnino</span> <span class='ocrx_word' id='word_1_59' title='bbox 731 668 814 698; x_wconf 87' lang='lat' dir='ltr'>aridi</span> <span class='ocrx_word' id='word_1_60' title='bbox 837 669 952 699; x_wconf 85' lang='grc'><strong>61516-</strong></span> 
     </span>
     <span class='ocr_line' id='line_1_11' title="bbox 248 715 950 753; baseline -0.001 -7"><span class='ocrx_word' id='word_1_61' title='bbox 248 717 327 747; x_wconf 85' lang='lat' dir='ltr'>riles</span> <span class='ocrx_word' id='word_1_62' title='bbox 342 724 578 747; x_wconf 79' lang='lat' dir='ltr'>remaneamus.</span> <span class='ocrx_word' id='word_1_63' title='bbox 595 715 743 753; x_wconf 86' lang='lat' dir='ltr'>Miseria,</span> <span class='ocrx_word' id='word_1_64' title='bbox 759 715 792 744; x_wconf 90' lang='lat' dir='ltr'>et</span> <span class='ocrx_word' id='word_1_65' title='bbox 813 715 950 753; x_wconf 80' lang='lat' dir='ltr'>egestas,</span> 
     </span>
     <span class='ocr_line' id='line_1_12' title="bbox 249 760 950 798; baseline -0.004 -6"><span class='ocrx_word' id='word_1_66' title='bbox 249 764 282 792; x_wconf 79' lang='lat' dir='ltr'>et</span> <span class='ocrx_word' id='word_1_67' title='bbox 297 763 426 792; x_wconf 89' lang='lat' dir='ltr'>omnino</span> <span class='ocrx_word' id='word_1_68' title='bbox 443 762 543 791; x_wconf 86' lang='lat' dir='ltr'>sames</span> <span class='ocrx_word' id='word_1_69' title='bbox 560 761 669 791; x_wconf 67' lang='lat' dir='ltr'>valida</span> <span class='ocrx_word' id='word_1_70' title='bbox 685 761 718 790; x_wconf 89' lang='lat' dir='ltr'>iu</span> <span class='ocrx_word' id='word_1_71' title='bbox 733 761 866 798; x_wconf 78' lang='lat' dir='ltr'>regione</span> <span class='ocrx_word' id='word_1_72' title='bbox 882 760 950 798; x_wconf 88' lang='lat' dir='ltr'>illa,</span> 
     </span>
     <span class='ocr_line' id='line_1_13' title="bbox 251 806 951 845; baseline -0.001 -8"><span class='ocrx_word' id='word_1_73' title='bbox 251 817 323 845; x_wconf 77' lang='lat' dir='ltr'>quae</span> <span class='ocrx_word' id='word_1_74' title='bbox 339 809 438 837; x_wconf 87' lang='lat' dir='ltr'>nullis</span> <span class='ocrx_word' id='word_1_75' title='bbox 454 815 607 844; x_wconf 88' lang='lat' dir='ltr'>umquam</span> <span class='ocrx_word' id='word_1_76' title='bbox 622 806 805 836; x_wconf 72' lang='lat' dir='ltr'>istiusmodi</span> <span class='ocrx_word' id='word_1_77' title='bbox 820 807 872 836; x_wconf 76' lang='lat' dir='ltr'>vel</span> <span class='ocrx_word' id='word_1_78' title='bbox 888 807 951 836; x_wconf 89' lang='lat' dir='ltr'>sal-</span> 
     </span>
     <span class='ocr_line' id='line_1_14' title="bbox 249 852 948 891; baseline -0.001 -10"><span class='ocrx_word' id='word_1_79' title='bbox 249 855 354 891; x_wconf 80' lang='lat' dir='ltr'>tibus,</span> <span class='ocrx_word' id='word_1_80' title='bbox 370 854 422 883; x_wconf 70' lang='lat' dir='ltr'>vel</span> <span class='ocrx_word' id='word_1_81' title='bbox 438 852 705 882; x_wconf 84' lang='lat' dir='ltr'>instillationibus</span> <span class='ocrx_word' id='word_1_82' title='bbox 721 852 928 881; x_wconf 80' lang='lat' dir='ltr'>humectatur</span> <span class='ocrx_word' id='word_1_83' title='bbox 939 873 948 888; x_wconf 89' lang='lat'>,</span> 
     </span>
     <span class='ocr_line' id='line_1_15' title="bbox 248 897 950 936; baseline -0.004 -8"><span class='ocrx_word' id='word_1_84' title='bbox 248 898 491 936; x_wconf 75' lang='lat' dir='ltr'>praeterfluente</span> <span class='ocrx_word' id='word_1_85' title='bbox 531 898 566 926; x_wconf 85' lang='lat' dir='ltr'>et</span> <span class='ocrx_word' id='word_1_86' title='bbox 602 897 824 927; x_wconf 85' lang='lat' dir='ltr'>transsiliente</span> <span class='ocrx_word' id='word_1_87' title='bbox 859 897 950 926; x_wconf 88' lang='lat' dir='ltr'>illam</span> 
     </span>
     <span class='ocr_line' id='line_1_16' title="bbox 247 942 949 982; baseline -0.001 -10"><span class='ocrx_word' id='word_1_88' title='bbox 247 943 335 974; x_wconf 79' lang='lat' dir='ltr'>fonte</span> <span class='ocrx_word' id='word_1_89' title='bbox 351 943 518 982; x_wconf 75' lang='lat' dir='ltr'>sapientiae</span> <span class='ocrx_word' id='word_1_90' title='bbox 533 952 540 972; x_wconf 75' lang='grc' dir='ltr'><strong><em>ε</em></strong></span> <span class='ocrx_word' id='word_1_91' title='bbox 554 944 595 973; x_wconf 81' lang='lat' dir='ltr'>Et</span> <span class='ocrx_word' id='word_1_92' title='bbox 607 944 751 982; x_wconf 78' lang='lat' dir='ltr'>quianon</span> <span class='ocrx_word' id='word_1_93' title='bbox 764 942 949 979; x_wconf 75' lang='lat' dir='ltr'>habuerunt,</span> 
     </span>
     <span class='ocr_line' id='line_1_17' title="bbox 248 989 950 1028; baseline 0.001 -11"><span class='ocrx_word' id='word_1_94' title='bbox 248 989 374 1027; x_wconf 86' lang='lat' dir='ltr'>inquit,</span> <span class='ocrx_word' id='word_1_95' title='bbox 408 990 590 1028; x_wconf 67' lang='lat' dir='ltr'>sapientiam</span> <span class='ocrx_word' id='word_1_96' title='bbox 604 1009 617 1025; x_wconf 87' lang='lat'>,</span> <span class='ocrx_word' id='word_1_97' title='bbox 641 989 799 1028; x_wconf 75' lang='lat' dir='ltr'>perierunt</span> <span class='ocrx_word' id='word_1_98' title='bbox 824 990 950 1027; x_wconf 75' lang='lat' dir='ltr'>propter</span> 
     </span>
     <span class='ocr_line' id='line_1_18' title="bbox 247 1036 570 1073; baseline -0.006 -8"><span class='ocrx_word' id='word_1_99' title='bbox 247 1044 336 1066; x_wconf 79' lang='lat' dir='ltr'>suam</span> <span class='ocrx_word' id='word_1_100' title='bbox 352 1036 570 1073; x_wconf 74' lang='lat' dir='ltr'>insipientiam.</span> 
     </span>
    </p>

    <p class='ocr_par' dir='ltr' id='par_1_2' title="bbox 244 1078 949 2533">
     <span class='ocr_line' id='line_1_19' title="bbox 287 1078 948 1115; baseline -0.002 -5"><span class='ocrx_word' id='word_1_101' title='bbox 287 1081 316 1110; x_wconf 91' lang='lat'>7.</span> <span class='ocrx_word' id='word_1_102' title='bbox 344 1082 422 1111; x_wconf 82' lang='lat' dir='ltr'>Ecce</span> <span class='ocrx_word' id='word_1_103' title='bbox 437 1082 519 1111; x_wconf 80' lang='lat' dir='ltr'>venit</span> <span class='ocrx_word' id='word_1_104' title='bbox 542 1081 567 1111; x_wconf 78' lang='lat' dir='ltr'>is</span> <span class='ocrx_word' id='word_1_105' title='bbox 585 1079 698 1110; x_wconf 60' lang='lat' dir='ltr'>salletas</span> <span class='ocrx_word' id='word_1_106' title='bbox 718 1078 751 1108; x_wconf 81' lang='grc' dir='ltr'>ἰη</span> <span class='ocrx_word' id='word_1_107' title='bbox 776 1078 948 1115; x_wconf 80' lang='lat' dir='ltr'>montibus,</span> 
     </span>
     <span class='ocr_line' id='line_1_20' title="bbox 247 1125 949 1158; baseline -0.001 -2"><span class='ocrx_word' id='word_1_108' title='bbox 247 1128 435 1158; x_wconf 77' lang='lat' dir='ltr'>transsiliens</span> <span class='ocrx_word' id='word_1_109' title='bbox 452 1127 551 1157; x_wconf 81' lang='lat' dir='ltr'>colles.</span> <span class='ocrx_word' id='word_1_110' title='bbox 570 1126 617 1155; x_wconf 76' lang='lat' dir='ltr'>Ad</span> <span class='ocrx_word' id='word_1_111' title='bbox 631 1125 692 1155; x_wconf 90' lang='lat' dir='ltr'>hoc</span> <span class='ocrx_word' id='word_1_112' title='bbox 709 1125 784 1155; x_wconf 87' lang='lat' dir='ltr'>salit</span> <span class='ocrx_word' id='word_1_113' title='bbox 798 1125 834 1155; x_wconf 87' lang='lat' dir='ltr'>ut</span> <span class='ocrx_word' id='word_1_114' title='bbox 849 1125 949 1155; x_wconf 88' lang='lat' dir='ltr'>trans-</span> 
     </span>
     <span class='ocr_line' id='line_1_21' title="bbox 246 1171 949 1211; baseline -0.003 -9"><span class='ocrx_word' id='word_1_115' title='bbox 246 1173 352 1211; x_wconf 88' lang='lat' dir='ltr'>siliat,</span> <span class='ocrx_word' id='word_1_116' title='bbox 374 1173 431 1211; x_wconf 91' lang='lat' dir='ltr'>qui</span> <span class='ocrx_word' id='word_1_117' title='bbox 452 1180 516 1202; x_wconf 88' lang='lat' dir='ltr'>non</span> <span class='ocrx_word' id='word_1_118' title='bbox 537 1172 609 1201; x_wconf 77' lang='lat' dir='ltr'>vult</span> <span class='ocrx_word' id='word_1_119' title='bbox 629 1171 670 1201; x_wconf 90' lang='lat' dir='ltr'>ad</span> <span class='ocrx_word' id='word_1_120' title='bbox 690 1179 802 1200; x_wconf 89' lang='lat' dir='ltr'>omnes</span> <span class='ocrx_word' id='word_1_121' title='bbox 823 1171 949 1209; x_wconf 89' lang='lat' dir='ltr'>pertin—</span> 
     </span>
     <span class='ocr_line' id='line_1_22' title="bbox 245 1216 949 1257; baseline -0.004 -8"><span class='ocrx_word' id='word_1_122' title='bbox 245 1227 323 1257; x_wconf 84' lang='lat' dir='ltr'>gere</span> <span class='ocrx_word' id='word_1_123' title='bbox 344 1228 351 1248; x_wconf 92' lang='lat'>:</span> <span class='ocrx_word' id='word_1_124' title='bbox 374 1226 480 1256; x_wconf 87' lang='lat' dir='ltr'>neque</span> <span class='ocrx_word' id='word_1_125' title='bbox 510 1218 599 1247; x_wconf 88' lang='lat' dir='ltr'>enim</span> <span class='ocrx_word' id='word_1_126' title='bbox 618 1217 653 1246; x_wconf 92' lang='lat' dir='ltr'>in</span> <span class='ocrx_word' id='word_1_127' title='bbox 674 1216 823 1246; x_wconf 88' lang='lat' dir='ltr'>omnibus</span> <span class='ocrx_word' id='word_1_128' title='bbox 846 1217 949 1246; x_wconf 88' lang='lat' dir='ltr'>bene-</span> 
     </span>
     <span class='ocr_line' id='line_1_23' title="bbox 244 1262 949 1302; baseline -0.006 -7"><span class='ocrx_word' id='word_1_129' title='bbox 244 1265 403 1302; x_wconf 82' lang='lat' dir='ltr'>placitum</span> <span class='ocrx_word' id='word_1_130' title='bbox 423 1265 471 1294; x_wconf 86' lang='lat' dir='ltr'>est</span> <span class='ocrx_word' id='word_1_131' title='bbox 485 1264 566 1293; x_wconf 91' lang='lat' dir='ltr'>Deo.</span> <span class='ocrx_word' id='word_1_132' title='bbox 588 1264 732 1300; x_wconf 84' lang='lat' dir='ltr'>Fratres,</span> <span class='ocrx_word' id='word_1_133' title='bbox 749 1263 776 1292; x_wconf 86' lang='grc'>51</span> <span class='ocrx_word' id='word_1_134' title='bbox 791 1262 885 1299; x_wconf 80' lang='lat' dir='ltr'>juxta</span> <span class='ocrx_word' id='word_1_135' title='bbox 901 1270 949 1292; x_wconf 87' lang='grc'>53-</span> 
     </span>
     <span class='ocr_line' id='line_1_24' title="bbox 246 1308 948 1349; baseline -0.003 -10"><span class='ocrx_word' id='word_1_136' title='bbox 246 1311 406 1349; x_wconf 80' lang='lat' dir='ltr'>pientiam</span> <span class='ocrx_word' id='word_1_137' title='bbox 419 1310 512 1340; x_wconf 87' lang='lat' dir='ltr'>Pauli</span> <span class='ocrx_word' id='word_1_138' title='bbox 527 1309 647 1347; x_wconf 88' lang='lat' dir='ltr'>scripta</span> <span class='ocrx_word' id='word_1_139' title='bbox 659 1309 734 1338; x_wconf 85' lang='lat' dir='ltr'>sunt</span> <span class='ocrx_word' id='word_1_140' title='bbox 748 1309 809 1338; x_wconf 86' lang='grc'><strong>1513</strong></span> <span class='ocrx_word' id='word_1_141' title='bbox 828 1308 868 1338; x_wconf 88' lang='lat' dir='ltr'>ad</span> <span class='ocrx_word' id='word_1_142' title='bbox 881 1316 948 1338; x_wconf 89' lang='lat' dir='ltr'>cor-</span> 
     </span>
     <span class='ocr_line' id='line_1_25' title="bbox 246 1353 948 1396; baseline -0.007 -8"><span class='ocrx_word' id='word_1_143' title='bbox 246 1358 430 1396; x_wconf 80' lang='lat' dir='ltr'>reptionem</span> <span class='ocrx_word' id='word_1_144' title='bbox 441 1357 594 1393; x_wconf 87' lang='lat' dir='ltr'>nostram,</span> <span class='ocrx_word' id='word_1_145' title='bbox 611 1355 820 1384; x_wconf 75' lang='lat' dir='ltr'>observemus</span> <span class='ocrx_word' id='word_1_146' title='bbox 834 1353 948 1392; x_wconf 87' lang='lat' dir='ltr'>Sponsi</span> 
     </span>
     <span class='ocr_line' id='line_1_26' title="bbox 246 1401 949 1438; baseline -0.009 -4"><span class='ocrx_word' id='word_1_147' title='bbox 246 1404 403 1434; x_wconf 86' lang='lat' dir='ltr'>discretos</span> <span class='ocrx_word' id='word_1_148' title='bbox 412 1404 445 1432; x_wconf 84' lang='lat' dir='ltr'>et</span> <span class='ocrx_word' id='word_1_149' title='bbox 457 1401 706 1438; x_wconf 88' lang='lat' dir='ltr'>circumspectos</span> <span class='ocrx_word' id='word_1_150' title='bbox 714 1401 825 1437; x_wconf 82' lang='lat' dir='ltr'>saltus,</span> <span class='ocrx_word' id='word_1_151' title='bbox 833 1408 949 1438; x_wconf 90' lang='lat' dir='ltr'>quem-</span> 
     </span>
     <span class='ocr_line' id='line_1_27' title="bbox 247 1445 947 1483; baseline -0.009 -3"><span class='ocrx_word' id='word_1_152' title='bbox 247 1449 421 1480; x_wconf 82' lang='lat' dir='ltr'>admodum</span> <span class='ocrx_word' id='word_1_153' title='bbox 443 1447 597 1477; x_wconf 82' lang='lat' dir='ltr'>videlicet</span> <span class='ocrx_word' id='word_1_154' title='bbox 612 1448 678 1475; x_wconf 86' lang='lat' dir='ltr'>tam</span> <span class='ocrx_word' id='word_1_155' title='bbox 694 1445 780 1483; x_wconf 82' lang='lat' dir='ltr'>apud</span> <span class='ocrx_word' id='word_1_156' title='bbox 797 1445 947 1483; x_wconf 79' lang='lat' dir='ltr'>Angelos,</span> 
     </span>
     <span class='ocr_line' id='line_1_28' title="bbox 246 1491 947 1533; baseline -0.006 -9"><span class='ocrx_word' id='word_1_157' title='bbox 246 1503 342 1533; x_wconf 87' lang='lat' dir='ltr'>quam</span> <span class='ocrx_word' id='word_1_158' title='bbox 359 1492 445 1532; x_wconf 89' lang='lat' dir='ltr'>apud</span> <span class='ocrx_word' id='word_1_159' title='bbox 458 1500 527 1529; x_wconf 90' lang='lat' dir='ltr'>nos,</span> <span class='ocrx_word' id='word_1_160' title='bbox 543 1494 576 1522; x_wconf 87' lang='lat' dir='ltr'>et</span> <span class='ocrx_word' id='word_1_161' title='bbox 588 1491 621 1520; x_wconf 94' lang='lat' dir='ltr'>in</span> <span class='ocrx_word' id='word_1_162' title='bbox 638 1491 778 1520; x_wconf 84' lang='lat' dir='ltr'>humiles</span> <span class='ocrx_word' id='word_1_163' title='bbox 794 1491 898 1527; x_wconf 87' lang='lat' dir='ltr'>saliat,</span> <span class='ocrx_word' id='word_1_164' title='bbox 915 1492 947 1520; x_wconf 90' lang='lat' dir='ltr'>et</span> 
     </span>
     <span class='ocr_line' id='line_1_29' title="bbox 246 1535 948 1578; baseline -0.007 -9"><span class='ocrx_word' id='word_1_165' title='bbox 246 1540 400 1578; x_wconf 85' lang='lat' dir='ltr'>superbos</span> <span class='ocrx_word' id='word_1_166' title='bbox 415 1537 601 1568; x_wconf 85' lang='lat' dir='ltr'>transsiliat.</span> <span class='ocrx_word' id='word_1_167' title='bbox 618 1535 784 1574; x_wconf 83' lang='lat' dir='ltr'>Siquidem</span> <span class='ocrx_word' id='word_1_168' title='bbox 800 1535 948 1565; x_wconf 80' lang='lat' dir='ltr'>excelsus</span> 
     </span>
     <span class='ocr_line' id='line_1_30' title="bbox 246 1581 947 1619; baseline -0.007 -3"><span class='ocrx_word' id='word_1_169' title='bbox 246 1586 404 1615; x_wconf 84' lang='lat' dir='ltr'>Dominus</span> <span class='ocrx_word' id='word_1_170' title='bbox 419 1585 453 1614; x_wconf 89' lang='lat' dir='ltr'>et</span> <span class='ocrx_word' id='word_1_171' title='bbox 468 1583 605 1613; x_wconf 86' lang='lat' dir='ltr'>humilia</span> <span class='ocrx_word' id='word_1_172' title='bbox 624 1582 779 1619; x_wconf 84' lang='lat' dir='ltr'>respicit,</span> <span class='ocrx_word' id='word_1_173' title='bbox 800 1582 832 1610; x_wconf 89' lang='lat' dir='ltr'>et</span> <span class='ocrx_word' id='word_1_174' title='bbox 848 1581 914 1611; x_wconf 81' lang='lat' dir='ltr'>alta</span> <span class='ocrx_word' id='word_1_175' title='bbox 930 1589 947 1611; x_wconf 90' lang='lat' dir='ltr'>a</span> 
     </span>
     <span class='ocr_line' id='line_1_31' title="bbox 245 1628 947 1670; baseline -0.009 -9"><span class='ocrx_word' id='word_1_176' title='bbox 245 1632 340 1670; x_wconf 81' lang='lat' dir='ltr'>longe</span> <span class='ocrx_word' id='word_1_177' title='bbox 363 1629 537 1668; x_wconf 79' lang='lat' dir='ltr'>cognoscit.</span> <span class='ocrx_word' id='word_1_178' title='bbox 554 1629 628 1658; x_wconf 77' lang='lat' dir='ltr'>Haec</span> <span class='ocrx_word' id='word_1_179' title='bbox 640 1650 648 1665; x_wconf 86' lang='lat'>,</span> <span class='ocrx_word' id='word_1_180' title='bbox 666 1628 815 1664; x_wconf 74' lang='lat' dir='ltr'>inquam,</span> <span class='ocrx_word' id='word_1_181' title='bbox 840 1628 947 1656; x_wconf 88' lang='lat' dir='ltr'>atten-</span> 
     </span>
     <span class='ocr_line' id='line_1_32' title="bbox 246 1673 948 1714; baseline -0.006 -7"><span class='ocrx_word' id='word_1_182' title='bbox 246 1679 376 1713; x_wconf 81' lang='lat' dir='ltr'>damus,</span> <span class='ocrx_word' id='word_1_183' title='bbox 393 1684 456 1714; x_wconf 92' lang='lat' dir='ltr'>quo</span> <span class='ocrx_word' id='word_1_184' title='bbox 472 1674 559 1705; x_wconf 90' lang='lat' dir='ltr'>cauti</span> <span class='ocrx_word' id='word_1_185' title='bbox 581 1674 681 1704; x_wconf 84' lang='lat' dir='ltr'>simus</span> <span class='ocrx_word' id='word_1_186' title='bbox 696 1673 810 1710; x_wconf 87' lang='lat' dir='ltr'>Sponsi</span> <span class='ocrx_word' id='word_1_187' title='bbox 826 1680 884 1702; x_wconf 93' lang='lat' dir='ltr'>nos</span> <span class='ocrx_word' id='word_1_188' title='bbox 898 1681 948 1703; x_wconf 90' lang='lat' dir='ltr'>sa-</span> 
     </span>
     <span class='ocr_line' id='line_1_33' title="bbox 245 1718 946 1758; baseline -0.007 -6"><span class='ocrx_word' id='word_1_189' title='bbox 245 1722 388 1753; x_wconf 83' lang='lat' dir='ltr'>lutiferis</span> <span class='ocrx_word' id='word_1_190' title='bbox 413 1721 548 1751; x_wconf 88' lang='lat' dir='ltr'>saltibus</span> <span class='ocrx_word' id='word_1_191' title='bbox 569 1726 750 1758; x_wconf 83' lang='lat' dir='ltr'>praeparare</span> <span class='ocrx_word' id='word_1_192' title='bbox 761 1740 770 1756; x_wconf 91' lang='lat'>,</span> <span class='ocrx_word' id='word_1_193' title='bbox 787 1725 827 1747; x_wconf 89' lang='lat' dir='ltr'>ne</span> <span class='ocrx_word' id='word_1_194' title='bbox 842 1718 946 1748; x_wconf 74' lang='lat' dir='ltr'>veluti</span> 
     </span>
     <span class='ocr_line' id='line_1_34' title="bbox 246 1764 946 1798; baseline -0.006 0"><span class='ocrx_word' id='word_1_195' title='bbox 246 1778 264 1798; x_wconf 87' lang='grc'>3</span> <span class='ocrx_word' id='word_1_196' title='bbox 286 1767 449 1798; x_wconf 85' lang='grc'><strong>1000111105</strong></span> <span class='ocrx_word' id='word_1_197' title='bbox 471 1765 593 1795; x_wconf 88' lang='lat' dir='ltr'>Gelboe</span> <span class='ocrx_word' id='word_1_198' title='bbox 614 1765 694 1794; x_wconf 80' lang='lat' dir='ltr'>forte</span> <span class='ocrx_word' id='word_1_199' title='bbox 710 1764 853 1794; x_wconf 87' lang='lat' dir='ltr'>transeat</span> <span class='ocrx_word' id='word_1_200' title='bbox 876 1766 909 1794; x_wconf 88' lang='lat' dir='ltr'>et</span> <span class='ocrx_word' id='word_1_201' title='bbox 929 1772 946 1793; x_wconf 88' lang='grc'>3</span> 
     </span>
     <span class='ocr_line' id='line_1_35' title="bbox 245 1810 946 1851; baseline -0.007 -7"><span class='ocrx_word' id='word_1_202' title='bbox 245 1814 355 1851; x_wconf 89' lang='grc'><strong>1101115,</strong></span> <span class='ocrx_word' id='word_1_203' title='bbox 377 1813 404 1842; x_wconf 88' lang='grc'>51</span> <span class='ocrx_word' id='word_1_204' title='bbox 427 1812 576 1849; x_wconf 88' lang='lat' dir='ltr'>indignos</span> <span class='ocrx_word' id='word_1_205' title='bbox 598 1818 656 1840; x_wconf 93' lang='lat' dir='ltr'>nos</span> <span class='ocrx_word' id='word_1_206' title='bbox 681 1817 739 1839; x_wconf 89' lang='lat' dir='ltr'>sua</span> <span class='ocrx_word' id='word_1_207' title='bbox 759 1810 946 1840; x_wconf 80' lang='lat' dir='ltr'>visitatione</span> 
     </span>
     <span class='ocr_line' id='line_1_36' title="bbox 245 1855 946 1897; baseline -0.006 -9"><span class='ocrx_word' id='word_1_208' title='bbox 245 1858 465 1897; x_wconf 81' lang='lat' dir='ltr'>conspexerit.</span> <span class='ocrx_word' id='word_1_209' title='bbox 494 1856 579 1894; x_wconf 89' lang='lat' dir='ltr'>Quid</span> <span class='ocrx_word' id='word_1_210' title='bbox 601 1855 769 1894; x_wconf 88' lang='lat' dir='ltr'>superbis,</span> <span class='ocrx_word' id='word_1_211' title='bbox 798 1857 885 1885; x_wconf 87' lang='lat' dir='ltr'>terra</span> <span class='ocrx_word' id='word_1_212' title='bbox 914 1855 946 1885; x_wconf 92' lang='lat' dir='ltr'>et</span> 
     </span>
     <span class='ocr_line' id='line_1_37' title="bbox 246 1903 944 1942; baseline -0.006 -7"><span class='ocrx_word' id='word_1_213' title='bbox 246 1905 348 1936; x_wconf 77' lang='lat' dir='ltr'>cinis?</span> <span class='ocrx_word' id='word_1_214' title='bbox 362 1906 400 1935; x_wconf 85' lang='lat' dir='ltr'>Et</span> <span class='ocrx_word' id='word_1_215' title='bbox 415 1905 454 1935; x_wconf 83' lang='lat' dir='ltr'>de</span> <span class='ocrx_word' id='word_1_216' title='bbox 467 1904 596 1942; x_wconf 80' lang='lat' dir='ltr'>Angelis</span> <span class='ocrx_word' id='word_1_217' title='bbox 607 1903 765 1933; x_wconf 86' lang='lat' dir='ltr'>transsilit</span> <span class='ocrx_word' id='word_1_218' title='bbox 779 1903 944 1940; x_wconf 76' lang='lat' dir='ltr'>Dominus,</span> 
     </span>
     <span class='ocr_line' id='line_1_38' title="bbox 246 1949 947 1987; baseline -0.006 -5"><span class='ocrx_word' id='word_1_219' title='bbox 246 1960 418 1982; x_wconf 80' lang='lat' dir='ltr'>exsecrans</span> <span class='ocrx_word' id='word_1_220' title='bbox 439 1958 551 1981; x_wconf 88' lang='lat' dir='ltr'>eorum</span> <span class='ocrx_word' id='word_1_221' title='bbox 573 1949 771 1987; x_wconf 87' lang='lat' dir='ltr'>superbiam.</span> <span class='ocrx_word' id='word_1_222' title='bbox 793 1949 872 1986; x_wconf 88' lang='lat' dir='ltr'>Ergo</span> <span class='ocrx_word' id='word_1_223' title='bbox 894 1956 947 1978; x_wconf 88' lang='lat' dir='ltr'>re·-</span> 
     </span>
     <span class='ocr_line' id='line_1_39' title="bbox 245 1993 947 2034; baseline -0.004 -8"><span class='ocrx_word' id='word_1_224' title='bbox 245 1997 390 2034; x_wconf 88' lang='lat' dir='ltr'>pudiatio</span> <span class='ocrx_word' id='word_1_225' title='bbox 410 1997 605 2033; x_wconf 80' lang='lat' dir='ltr'>Angelorum</span> <span class='ocrx_word' id='word_1_226' title='bbox 618 1994 673 2024; x_wconf 85' lang='lat' dir='ltr'>fiat</span> <span class='ocrx_word' id='word_1_227' title='bbox 689 1993 872 2024; x_wconf 83' lang='lat' dir='ltr'>emendatio</span> <span class='ocrx_word' id='word_1_228' title='bbox 889 1994 947 2023; x_wconf 88' lang='lat' dir='ltr'>ho-</span> 
     </span>
     <span class='ocr_line' id='line_1_40' title="bbox 244 2040 946 2080; baseline -0.003 -9"><span class='ocrx_word' id='word_1_229' title='bbox 244 2043 371 2072; x_wconf 87' lang='lat' dir='ltr'>minum</span> <span class='ocrx_word' id='word_1_230' title='bbox 394 2051 402 2071; x_wconf 91' lang='lat'><strong>:</strong></span> <span class='ocrx_word' id='word_1_231' title='bbox 427 2042 547 2080; x_wconf 84' lang='lat' dir='ltr'>scripta</span> <span class='ocrx_word' id='word_1_232' title='bbox 572 2042 621 2071; x_wconf 87' lang='lat' dir='ltr'>est</span> <span class='ocrx_word' id='word_1_233' title='bbox 636 2040 723 2070; x_wconf 88' lang='grc'><strong>6111111</strong></span> <span class='ocrx_word' id='word_1_234' title='bbox 744 2040 784 2070; x_wconf 88' lang='lat' dir='ltr'>ad</span> <span class='ocrx_word' id='word_1_235' title='bbox 804 2040 946 2078; x_wconf 86' lang='lat' dir='ltr'>ipsorum</span> 
     </span>
     <span class='ocr_line' id='line_1_41' title="bbox 246 2086 947 2126; baseline -0.003 -9"><span class='ocrx_word' id='word_1_236' title='bbox 246 2087 494 2126; x_wconf 85' lang='lat' dir='ltr'>correptionem.</span> <span class='ocrx_word' id='word_1_237' title='bbox 517 2087 715 2125; x_wconf 88' lang='lat' dir='ltr'>Cooperetur</span> <span class='ocrx_word' id='word_1_238' title='bbox 734 2086 818 2116; x_wconf 89' lang='lat' dir='ltr'>mihi</span> <span class='ocrx_word' id='word_1_239' title='bbox 838 2086 873 2115; x_wconf 92' lang='lat' dir='ltr'>in</span> <span class='ocrx_word' id='word_1_240' title='bbox 889 2086 947 2116; x_wconf 88' lang='lat' dir='ltr'>bo·-</span> 
     </span>
     <span class='ocr_line' id='line_1_42' title="bbox 244 2131 946 2169; baseline -0.003 -7"><span class='ocrx_word' id='word_1_241' title='bbox 244 2141 325 2162; x_wconf 88' lang='lat' dir='ltr'>num</span> <span class='ocrx_word' id='word_1_242' title='bbox 349 2134 453 2169; x_wconf 26' lang='lat' dir='ltr'>etiam,</span> <span class='ocrx_word' id='word_1_243' title='bbox 468 2133 590 2163; x_wconf 84' lang='lat' dir='ltr'>diaboli</span> <span class='ocrx_word' id='word_1_244' title='bbox 618 2132 739 2162; x_wconf 89' lang='lat' dir='ltr'>malum</span> <span class='ocrx_word' id='word_1_245' title='bbox 753 2153 762 2169; x_wconf 90' lang='lat'>,</span> <span class='ocrx_word' id='word_1_246' title='bbox 784 2132 818 2162; x_wconf 87' lang='lat' dir='ltr'>et</span> <span class='ocrx_word' id='word_1_247' title='bbox 840 2131 946 2161; x_wconf 81' lang='lat' dir='ltr'>lavem</span> 
     </span>
     <span class='ocr_line' id='line_1_43' title="bbox 244 2178 944 2216; baseline -0.001 -8"><span class='ocrx_word' id='word_1_248' title='bbox 244 2186 359 2208; x_wconf 82' lang='lat' dir='ltr'>manus</span> <span class='ocrx_word' id='word_1_249' title='bbox 384 2187 474 2209; x_wconf 83' lang='lat' dir='ltr'>meas</span> <span class='ocrx_word' id='word_1_250' title='bbox 502 2179 538 2208; x_wconf 91' lang='lat' dir='ltr'>in</span> <span class='ocrx_word' id='word_1_251' title='bbox 568 2178 726 2216; x_wconf 86' lang='lat' dir='ltr'>sanguine</span> <span class='ocrx_word' id='word_1_252' title='bbox 751 2178 944 2216; x_wconf 89' lang='lat' dir='ltr'>peccatoris.</span> 
     </span>
     <span class='ocr_line' id='line_1_44' title="bbox 245 2223 945 2262; baseline 0.001 -10"><span class='ocrx_word' id='word_1_253' title='bbox 245 2223 409 2261; x_wconf 80' lang='lat' dir='ltr'>Qualiter,</span> <span class='ocrx_word' id='word_1_254' title='bbox 426 2223 552 2262; x_wconf 75' lang='lat' dir='ltr'>inquis?</span> <span class='ocrx_word' id='word_1_255' title='bbox 573 2223 669 2254; x_wconf 80' lang='lat' dir='ltr'>Audi.</span> <span class='ocrx_word' id='word_1_256' title='bbox 696 2223 841 2261; x_wconf 88' lang='lat' dir='ltr'>Superbo</span> <span class='ocrx_word' id='word_1_257' title='bbox 857 2224 945 2253; x_wconf 86' lang='lat' dir='ltr'>certe</span> 
     </span>
     <span class='ocr_line' id='line_1_45' title="bbox 244 2268 946 2300; baseline -0.001 -1"><span class='ocrx_word' id='word_1_258' title='bbox 244 2269 374 2300; x_wconf 87' lang='lat' dir='ltr'>diabolo</span> <span class='ocrx_word' id='word_1_259' title='bbox 392 2269 553 2299; x_wconf 89' lang='lat' dir='ltr'>horrenda</span> <span class='ocrx_word' id='word_1_260' title='bbox 568 2270 602 2299; x_wconf 85' lang='grc'>01</span> <span class='ocrx_word' id='word_1_261' title='bbox 624 2268 830 2299; x_wconf 84' lang='lat' dir='ltr'>formidolosa</span> <span class='ocrx_word' id='word_1_262' title='bbox 844 2269 946 2298; x_wconf 88' lang='lat' dir='ltr'>male-</span> 
     </span>
     <span class='ocr_line' id='line_1_46' title="bbox 246 2314 945 2353; baseline -0.001 -9"><span class='ocrx_word' id='word_1_263' title='bbox 246 2315 347 2345; x_wconf 83' lang='lat' dir='ltr'>dictio</span> <span class='ocrx_word' id='word_1_264' title='bbox 361 2314 567 2352; x_wconf 80' lang='lat' dir='ltr'>intorquetur</span> <span class='ocrx_word' id='word_1_265' title='bbox 579 2337 587 2351; x_wconf 98' lang='lat'>,</span> <span class='ocrx_word' id='word_1_266' title='bbox 611 2315 771 2353; x_wconf 86' lang='lat' dir='ltr'>propheta</span> <span class='ocrx_word' id='word_1_267' title='bbox 785 2315 890 2344; x_wconf 86' lang='lat' dir='ltr'>David</span> <span class='ocrx_word' id='word_1_268' title='bbox 911 2315 945 2343; x_wconf 92' lang='lat' dir='ltr'>in</span> 
     </span>
     <span class='ocr_line' id='line_1_47' title="bbox 246 2361 944 2400; baseline 0.003 -10"><span class='ocrx_word' id='word_1_269' title='bbox 246 2361 366 2400; x_wconf 80' lang='lat' dir='ltr'>spiritu</span> <span class='ocrx_word' id='word_1_270' title='bbox 378 2361 508 2391; x_wconf 83' lang='lat' dir='ltr'>dicente</span> <span class='ocrx_word' id='word_1_271' title='bbox 522 2362 561 2391; x_wconf 88' lang='lat' dir='ltr'>de</span> <span class='ocrx_word' id='word_1_272' title='bbox 578 2362 633 2391; x_wconf 91' lang='grc'><strong>1110</strong></span> <span class='ocrx_word' id='word_1_273' title='bbox 649 2362 707 2391; x_wconf 85' lang='lat' dir='ltr'>sub</span> <span class='ocrx_word' id='word_1_274' title='bbox 723 2363 798 2400; x_wconf 75' lang='lat' dir='ltr'>typo</span> <span class='ocrx_word' id='word_1_275' title='bbox 811 2362 944 2399; x_wconf 87' lang='lat' dir='ltr'>Gelboe,</span> 
     </span>
     <span class='ocr_line' id='line_1_48' title="bbox 245 2407 946 2444; baseline 0.001 -9"><span class='ocrx_word' id='word_1_276' title='bbox 245 2407 284 2435; x_wconf 88' lang='lat' dir='ltr'>ut</span> <span class='ocrx_word' id='word_1_277' title='bbox 307 2413 402 2444; x_wconf 89' lang='lat' dir='ltr'>supra</span> <span class='ocrx_word' id='word_1_278' title='bbox 424 2407 636 2435; x_wconf 80' lang='lat' dir='ltr'>memoratum</span> <span class='ocrx_word' id='word_1_279' title='bbox 652 2407 700 2436; x_wconf 86' lang='lat' dir='ltr'>est</span> <span class='ocrx_word' id='word_1_280' title='bbox 717 2415 724 2435; x_wconf 91' lang='lat'><strong>:</strong></span> <span class='ocrx_word' id='word_1_281' title='bbox 741 2408 876 2444; x_wconf 75' lang='lat' dir='ltr'>Montes,</span> <span class='ocrx_word' id='word_1_282' title='bbox 893 2407 946 2436; x_wconf 91' lang='grc'><strong>111-</strong></span> 
     </span>
     <span class='ocr_line' id='line_1_49' title="bbox 247 2451 947 2490; baseline 0.006 -10"><span class='ocrx_word' id='word_1_283' title='bbox 247 2451 335 2489; x_wconf 78' lang='lat' dir='ltr'>quit,</span> <span class='ocrx_word' id='word_1_284' title='bbox 352 2452 404 2490; x_wconf 77' lang='lat' dir='ltr'>qui</span> <span class='ocrx_word' id='word_1_285' title='bbox 417 2453 448 2481; x_wconf 81' lang='lat' dir='ltr'>in</span> <span class='ocrx_word' id='word_1_286' title='bbox 460 2452 586 2481; x_wconf 75' lang='lat' dir='ltr'>circuilu</span> <span class='ocrx_word' id='word_1_287' title='bbox 597 2451 660 2488; x_wconf 81' lang='lat' dir='ltr'>ejus</span> <span class='ocrx_word' id='word_1_288' title='bbox 675 2454 756 2488; x_wconf 78' lang='lat' dir='ltr'>sunt,</span> <span class='ocrx_word' id='word_1_289' title='bbox 771 2454 869 2483; x_wconf 69' lang='lat' dir='ltr'>visilet</span> <span class='ocrx_word' id='word_1_290' title='bbox 882 2455 947 2484; x_wconf 92' lang='lat' dir='ltr'>Do-</span> 
     </span>
     <span class='ocr_line' id='line_1_50' title="bbox 247 2497 783 2533; baseline 0.002 -7"><span class='ocrx_word' id='word_1_291' title='bbox 247 2499 361 2533; x_wconf 74' lang='lat' dir='ltr'>minus,</span> <span class='ocrx_word' id='word_1_292' title='bbox 374 2507 393 2527; x_wconf 87' lang='lat' dir='ltr'>a</span> <span class='ocrx_word' id='word_1_293' title='bbox 405 2497 512 2527; x_wconf 81' lang='lat' dir='ltr'>Gelboe</span> <span class='ocrx_word' id='word_1_294' title='bbox 522 2498 623 2526; x_wconf 78' lang='lat' dir='ltr'>autem</span> <span class='ocrx_word' id='word_1_295' title='bbox 636 2498 783 2527; x_wconf 79' lang='lat' dir='ltr'>transeat.</span> 
     </span>
    </p>

    <p class='ocr_par' dir='ltr' id='par_1_3' title="bbox 249 2542 947 2672">
     <span class='ocr_line' id='line_1_51' title="bbox 287 2542 945 2582; baseline 0.003 -10"><span class='ocrx_word' id='word_1_296' title='bbox 287 2542 318 2572; x_wconf 85' lang='grc'>8.</span> <span class='ocrx_word' id='word_1_297' title='bbox 334 2542 417 2572; x_wconf 86' lang='lat' dir='ltr'>Sane</span> <span class='ocrx_word' id='word_1_298' title='bbox 433 2550 491 2580; x_wconf 90' lang='lat' dir='ltr'>ego</span> <span class='ocrx_word' id='word_1_299' title='bbox 507 2542 566 2571; x_wconf 89' lang='grc'><strong>1100</strong></span> <span class='ocrx_word' id='word_1_300' title='bbox 590 2542 717 2579; x_wconf 83' lang='lat' dir='ltr'>legens,</span> <span class='ocrx_word' id='word_1_301' title='bbox 739 2542 945 2582; x_wconf 78' lang='lat' dir='ltr'>referensque</span> 
     </span>
     <span class='ocr_line' id='line_1_52' title="bbox 249 2587 947 2625; baseline 0.001 -9"><span class='ocrx_word' id='word_1_302' title='bbox 249 2588 359 2617; x_wconf 81' lang='lat' dir='ltr'>oculos</span> <span class='ocrx_word' id='word_1_303' title='bbox 375 2588 409 2617; x_wconf 94' lang='lat' dir='ltr'>in</span> <span class='ocrx_word' id='word_1_304' title='bbox 424 2595 489 2625; x_wconf 88' lang='lat' dir='ltr'>me,</span> <span class='ocrx_word' id='word_1_305' title='bbox 504 2588 537 2617; x_wconf 90' lang='lat' dir='ltr'>et</span> <span class='ocrx_word' id='word_1_306' title='bbox 552 2587 681 2617; x_wconf 90' lang='lat' dir='ltr'>intuens</span> <span class='ocrx_word' id='word_1_307' title='bbox 696 2587 883 2625; x_wconf 78' lang='lat' dir='ltr'>diligenter,</span> <span class='ocrx_word' id='word_1_308' title='bbox 897 2589 947 2618; x_wconf 90' lang='lat' dir='ltr'>in-</span> 
     </span>
     <span class='ocr_line' id='line_1_53' title="bbox 251 2632 945 2672; baseline 0.003 -12"><span class='ocrx_word' id='word_1_309' title='bbox 251 2633 347 2665; x_wconf 54' lang='grc'><strong>10010</strong></span> <span class='ocrx_word' id='word_1_310' title='bbox 362 2641 413 2663; x_wconf 88' lang='lat' dir='ltr'>me</span> <span class='ocrx_word' id='word_1_311' title='bbox 427 2633 517 2672; x_wconf 82' lang='lat' dir='ltr'>peste</span> <span class='ocrx_word' id='word_1_312' title='bbox 531 2633 599 2672; x_wconf 81' lang='lat' dir='ltr'>ipsa</span> <span class='ocrx_word' id='word_1_313' title='bbox 615 2632 784 2671; x_wconf 79' lang='lat' dir='ltr'>intectum,</span> <span class='ocrx_word' id='word_1_314' title='bbox 800 2641 895 2671; x_wconf 89' lang='lat' dir='ltr'>quam</span> <span class='ocrx_word' id='word_1_315' title='bbox 914 2634 945 2663; x_wconf 90' lang='lat' dir='ltr'>in</span> 
     </span>
    </p>
   </div>
   <div class='ocr_carea' id='block_1_2' title="bbox 719 211 1228 241">
    <p class='ocr_par' dir='ltr' id='par_1_4' title="bbox 719 211 1228 241">
     <span class='ocr_line' id='line_1_54' title="bbox 719 211 1228 241; baseline 0 0"><span class='ocrx_word' id='word_1_316' title='bbox 719 213 752 240; x_wconf 82' lang='lat' dir='ltr'>S.</span> <span class='ocrx_word' id='word_1_317' title='bbox 784 211 1016 241; x_wconf 75' lang='lat' dir='ltr'>BERNARD!</span> <span class='ocrx_word' id='word_1_318' title='bbox 1036 213 1228 241; x_wconf 79' lang='lat' dir='ltr'>ABBATls</span> 
     </span>
    </p>
   </div>
   <div class='ocr_carea' id='block_1_3' title="bbox 979 262 1697 2667">
    <p class='ocr_par' dir='ltr' id='par_1_5' title="bbox 979 262 1697 2667">
     <span class='ocr_line' id='line_1_55' title="bbox 989 262 1684 304; baseline 0.007 -13"><span class='ocrx_word' id='word_1_319' title='bbox 989 262 1110 301; x_wconf 83' lang='lat' dir='ltr'>Angelo</span> <span class='ocrx_word' id='word_1_320' title='bbox 1124 264 1280 295; x_wconf 88' lang='lat' dir='ltr'>Dominus</span> <span class='ocrx_word' id='word_1_321' title='bbox 1301 266 1335 295; x_wconf 88' lang='lat' dir='ltr'>in</span> <span class='ocrx_word' id='word_1_322' title='bbox 1355 266 1481 297; x_wconf 86' lang='lat' dir='ltr'>tantum</span> <span class='ocrx_word' id='word_1_323' title='bbox 1496 266 1684 304; x_wconf 79' lang='lat' dir='ltr'>exhorruit,</span> 
     </span>
     <span class='ocr_line' id='line_1_56' title="bbox 987 308 1685 349; baseline 0.009 -13"><span class='ocrx_word' id='word_1_324' title='bbox 987 308 1147 345; x_wconf 85' lang='lat' dir='ltr'>quatenus</span> <span class='ocrx_word' id='word_1_325' title='bbox 1167 311 1339 348; x_wconf 87' lang='lat' dir='ltr'>propterea</span> <span class='ocrx_word' id='word_1_326' title='bbox 1362 312 1541 342; x_wconf 81' lang='lat' dir='ltr'>declinaret</span> <span class='ocrx_word' id='word_1_327' title='bbox 1562 311 1602 340; x_wconf 86' lang='lat' dir='ltr'>ab</span> <span class='ocrx_word' id='word_1_328' title='bbox 1626 319 1685 349; x_wconf 90' lang='lat' dir='ltr'>e0,</span> 
     </span>
     <span class='ocr_line' id='line_1_57' title="bbox 988 356 1683 394; baseline 0.009 -13"><span class='ocrx_word' id='word_1_329' title='bbox 988 360 1060 382; x_wconf 90' lang='lat' dir='ltr'>cum</span> <span class='ocrx_word' id='word_1_330' title='bbox 1086 362 1197 385; x_wconf 84' lang='lat' dir='ltr'>omnes</span> <span class='ocrx_word' id='word_1_331' title='bbox 1218 356 1253 385; x_wconf 85' lang='lat' dir='ltr'>in</span> <span class='ocrx_word' id='word_1_332' title='bbox 1274 357 1414 388; x_wconf 88' lang='lat' dir='ltr'>circuitu</span> <span class='ocrx_word' id='word_1_333' title='bbox 1439 357 1509 394; x_wconf 88' lang='lat' dir='ltr'>ejus</span> <span class='ocrx_word' id='word_1_334' title='bbox 1537 357 1683 394; x_wconf 88' lang='lat' dir='ltr'>montes,</span> 
     </span>
     <span class='ocr_line' id='line_1_58' title="bbox 987 399 1684 441; baseline 0.003 -12"><span class='ocrx_word' id='word_1_335' title='bbox 987 399 1055 429; x_wconf 85' lang='lat' dir='ltr'>sive</span> <span class='ocrx_word' id='word_1_336' title='bbox 1069 399 1109 430; x_wconf 89' lang='lat' dir='ltr'>de</span> <span class='ocrx_word' id='word_1_337' title='bbox 1124 401 1268 439; x_wconf 87' lang='lat' dir='ltr'>Angelis,</span> <span class='ocrx_word' id='word_1_338' title='bbox 1283 402 1351 432; x_wconf 88' lang='lat' dir='ltr'>sive</span> <span class='ocrx_word' id='word_1_339' title='bbox 1363 403 1404 433; x_wconf 86' lang='lat' dir='ltr'>de</span> <span class='ocrx_word' id='word_1_340' title='bbox 1418 403 1617 441; x_wconf 81' lang='lat' dir='ltr'>hominibuS,</span> <span class='ocrx_word' id='word_1_341' title='bbox 1633 403 1684 433; x_wconf 56' lang='grc' dir='ltr'>111-Α</span> 
     </span>
     <span class='ocr_line' id='line_1_59' title="bbox 986 445 1685 487; baseline 0.009 -14"><span class='ocrx_word' id='word_1_342' title='bbox 986 445 1144 476; x_wconf 86' lang='lat' dir='ltr'>sitationis</span> <span class='ocrx_word' id='word_1_343' title='bbox 1162 455 1228 477; x_wconf 83' lang='lat' dir='ltr'>suae</span> <span class='ocrx_word' id='word_1_344' title='bbox 1240 448 1342 484; x_wconf 84' lang='lat' dir='ltr'>gratia</span> <span class='ocrx_word' id='word_1_345' title='bbox 1355 448 1562 487; x_wconf 81' lang='lat' dir='ltr'>dignaretur:</span> <span class='ocrx_word' id='word_1_346' title='bbox 1579 451 1611 479; x_wconf 89' lang='lat' dir='ltr'>et</span> <span class='ocrx_word' id='word_1_347' title='bbox 1629 456 1685 487; x_wconf 86' lang='lat' dir='ltr'>pa-</span> 
     </span>
     <span class='ocr_line' id='line_1_60' title="bbox 986 491 1683 532; baseline 0.004 -14"><span class='ocrx_word' id='word_1_348' title='bbox 986 497 1065 519; x_wconf 87' lang='lat' dir='ltr'>vens</span> <span class='ocrx_word' id='word_1_349' title='bbox 1080 491 1287 530; x_wconf 85' lang='lat' dir='ltr'>tremensque</span> <span class='ocrx_word' id='word_1_350' title='bbox 1303 493 1355 522; x_wconf 91' lang='lat' dir='ltr'>aio</span> <span class='ocrx_word' id='word_1_351' title='bbox 1376 493 1417 523; x_wconf 89' lang='lat' dir='ltr'>ad</span> <span class='ocrx_word' id='word_1_352' title='bbox 1431 494 1661 532; x_wconf 87' lang='lat' dir='ltr'>memetipsum</span> <span class='ocrx_word' id='word_1_353' title='bbox 1672 501 1683 521; x_wconf 71' lang='lat' dir='ltr'>z</span> 
     </span>
     <span class='ocr_line' id='line_1_61' title="bbox 986 534 1697 578; baseline 0.008 -15"><span class='ocrx_word' id='word_1_354' title='bbox 986 534 1019 563; x_wconf 92' lang='lat' dir='ltr'>Si</span> <span class='ocrx_word' id='word_1_355' title='bbox 1034 536 1079 565; x_wconf 89' lang='lat' dir='ltr'>sic</span> <span class='ocrx_word' id='word_1_356' title='bbox 1095 537 1204 566; x_wconf 85' lang='lat' dir='ltr'>actum</span> <span class='ocrx_word' id='word_1_357' title='bbox 1220 539 1270 568; x_wconf 86' lang='lat' dir='ltr'>est</span> <span class='ocrx_word' id='word_1_358' title='bbox 1285 546 1360 568; x_wconf 88' lang='grc'><strong>00111</strong></span> <span class='ocrx_word' id='word_1_359' title='bbox 1381 539 1500 576; x_wconf 79' lang='lat' dir='ltr'>Angelo</span> <span class='ocrx_word' id='word_1_360' title='bbox 1513 561 1523 577; x_wconf 86' lang='lat'>,</span> <span class='ocrx_word' id='word_1_361' title='bbox 1545 539 1624 578; x_wconf 88' lang='lat' dir='ltr'>quid</span> <span class='ocrx_word' id='word_1_362' title='bbox 1641 539 1697 569; x_wconf 50' lang='lat' dir='ltr'>de1</span> 
     </span>
     <span class='ocr_line' id='line_1_62' title="bbox 986 581 1685 614; baseline 0.01 -6"><span class='ocrx_word' id='word_1_363' title='bbox 986 588 1038 609; x_wconf 88' lang='lat' dir='ltr'>me</span> <span class='ocrx_word' id='word_1_364' title='bbox 1052 581 1109 611; x_wconf 89' lang='lat' dir='ltr'>fiet</span> <span class='ocrx_word' id='word_1_365' title='bbox 1122 582 1208 612; x_wconf 86' lang='lat' dir='ltr'>terra</span> <span class='ocrx_word' id='word_1_366' title='bbox 1221 583 1253 613; x_wconf 84' lang='lat' dir='ltr'>et</span> <span class='ocrx_word' id='word_1_367' title='bbox 1269 584 1400 614; x_wconf 79' lang='lat' dir='ltr'>cinere?</span> <span class='ocrx_word' id='word_1_368' title='bbox 1415 585 1472 614; x_wconf 90' lang='lat' dir='ltr'>llle</span> <span class='ocrx_word' id='word_1_369' title='bbox 1488 585 1521 614; x_wconf 90' lang='lat' dir='ltr'>in</span> <span class='ocrx_word' id='word_1_370' title='bbox 1536 586 1617 614; x_wconf 90' lang='lat' dir='ltr'>coelo</span> <span class='ocrx_word' id='word_1_371' title='bbox 1631 584 1685 614; x_wconf 86' lang='lat' dir='ltr'>in-</span> 
     </span>
     <span class='ocr_line' id='line_1_63' title="bbox 986 625 1684 667; baseline 0.006 -13"><span class='ocrx_word' id='word_1_372' title='bbox 986 625 1124 665; x_wconf 83' lang='lat' dir='ltr'>tumuit,</span> <span class='ocrx_word' id='word_1_373' title='bbox 1148 636 1206 666; x_wconf 86' lang='lat' dir='ltr'>ego</span> <span class='ocrx_word' id='word_1_374' title='bbox 1222 629 1259 659; x_wconf 90' lang='lat' dir='ltr'>in</span> <span class='ocrx_word' id='word_1_375' title='bbox 1283 630 1501 667; x_wconf 88' lang='lat' dir='ltr'>sterquilinio.</span> <span class='ocrx_word' id='word_1_376' title='bbox 1523 630 1601 667; x_wconf 88' lang='lat' dir='ltr'>Quis</span> <span class='ocrx_word' id='word_1_377' title='bbox 1620 636 1684 659; x_wconf 88' lang='lat' dir='ltr'>non</span> 
     </span>
     <span class='ocr_line' id='line_1_64' title="bbox 986 673 1684 714; baseline 0.003 -13"><span class='ocrx_word' id='word_1_378' title='bbox 986 673 1239 704; x_wconf 85' lang='lat' dir='ltr'>tolerabiliorem</span> <span class='ocrx_word' id='word_1_379' title='bbox 1270 676 1305 705; x_wconf 90' lang='lat' dir='ltr'>in</span> <span class='ocrx_word' id='word_1_380' title='bbox 1339 676 1443 706; x_wconf 78' lang='lat' dir='ltr'>divite</span> <span class='ocrx_word' id='word_1_381' title='bbox 1478 674 1684 714; x_wconf 85' lang='lat' dir='ltr'>superbiam,</span> 
     </span>
     <span class='ocr_line' id='line_1_65' title="bbox 984 719 1683 758; baseline 0.004 -12"><span class='ocrx_word' id='word_1_382' title='bbox 984 726 1079 755; x_wconf 84' lang='lat' dir='ltr'>quam</span> <span class='ocrx_word' id='word_1_383' title='bbox 1102 719 1135 748; x_wconf 91' lang='grc'>111</span> <span class='ocrx_word' id='word_1_384' title='bbox 1159 728 1305 758; x_wconf 87' lang='lat' dir='ltr'>paupere</span> <span class='ocrx_word' id='word_1_385' title='bbox 1321 720 1434 751; x_wconf 71' lang='lat' dir='ltr'>ducat?</span> <span class='ocrx_word' id='word_1_386' title='bbox 1452 722 1508 751; x_wconf 82' lang='lat' dir='ltr'>Vae</span> <span class='ocrx_word' id='word_1_387' title='bbox 1530 719 1630 749; x_wconf 86' lang='lat' dir='ltr'>mihi!</span> <span class='ocrx_word' id='word_1_388' title='bbox 1657 719 1683 749; x_wconf 81' lang='lat' dir='ltr'>si</span> 
     </span>
     <span class='ocr_line' id='line_1_66' title="bbox 986 764 1684 804; baseline 0.006 -13"><span class='ocrx_word' id='word_1_389' title='bbox 986 765 1050 792; x_wconf 89' lang='lat' dir='ltr'>tam</span> <span class='ocrx_word' id='word_1_390' title='bbox 1066 764 1145 795; x_wconf 89' lang='lat' dir='ltr'>dure</span> <span class='ocrx_word' id='word_1_391' title='bbox 1162 766 1195 795; x_wconf 91' lang='lat' dir='ltr'>in</span> <span class='ocrx_word' id='word_1_392' title='bbox 1211 768 1343 804; x_wconf 88' lang='lat' dir='ltr'>potente</span> <span class='ocrx_word' id='word_1_393' title='bbox 1356 767 1414 796; x_wconf 88' lang='grc'><strong>1110</strong></span> <span class='ocrx_word' id='word_1_394' title='bbox 1425 766 1684 796; x_wconf 83' lang='lat' dir='ltr'>animadversum</span> 
     </span>
     <span class='ocr_line' id='line_1_67' title="bbox 985 810 1684 850; baseline 0.003 -12"><span class='ocrx_word' id='word_1_395' title='bbox 985 810 1032 838; x_wconf 86' lang='lat' dir='ltr'>est</span> <span class='ocrx_word' id='word_1_396' title='bbox 1046 818 1104 848; x_wconf 89' lang='lat' dir='ltr'>pro</span> <span class='ocrx_word' id='word_1_397' title='bbox 1120 819 1156 840; x_wconf 88' lang='lat' dir='ltr'>eo</span> <span class='ocrx_word' id='word_1_398' title='bbox 1172 812 1258 850; x_wconf 86' lang='lat' dir='ltr'>quod</span> <span class='ocrx_word' id='word_1_399' title='bbox 1272 813 1435 843; x_wconf 78' lang='lat' dir='ltr'>elevatum</span> <span class='ocrx_word' id='word_1_400' title='bbox 1451 812 1500 842; x_wconf 91' lang='lat' dir='ltr'>est</span> <span class='ocrx_word' id='word_1_401' title='bbox 1514 819 1569 841; x_wconf 88' lang='lat' dir='ltr'>cor</span> <span class='ocrx_word' id='word_1_402' title='bbox 1582 811 1684 849; x_wconf 87' lang='lat' dir='ltr'>illius,</span> 
     </span>
     <span class='ocr_line' id='line_1_68' title="bbox 984 856 1685 896; baseline 0.003 -13"><span class='ocrx_word' id='word_1_403' title='bbox 984 863 1043 884; x_wconf 90' lang='lat' dir='ltr'>nec</span> <span class='ocrx_word' id='word_1_404' title='bbox 1059 856 1089 885; x_wconf 90' lang='lat' dir='ltr'>ei</span> <span class='ocrx_word' id='word_1_405' title='bbox 1105 857 1328 896; x_wconf 75' lang='grc' dir='ltr'><strong>111-01011110οἀ</strong></span> <span class='ocrx_word' id='word_1_406' title='bbox 1343 859 1477 896; x_wconf 86' lang='lat' dir='ltr'>cognata</span> <span class='ocrx_word' id='word_1_407' title='bbox 1496 856 1685 896; x_wconf 82' lang='lat' dir='ltr'>potentibus</span> 
     </span>
     <span class='ocr_line' id='line_1_69' title="bbox 984 901 1682 941; baseline 0.001 -12"><span class='ocrx_word' id='word_1_408' title='bbox 984 901 1134 938; x_wconf 85' lang='lat' dir='ltr'>superbia</span> <span class='ocrx_word' id='word_1_409' title='bbox 1150 910 1218 932; x_wconf 86' lang='lat' dir='ltr'>esse</span> <span class='ocrx_word' id='word_1_410' title='bbox 1231 904 1434 940; x_wconf 81' lang='lat' dir='ltr'>cognoscitur</span> <span class='ocrx_word' id='word_1_411' title='bbox 1450 912 1457 932; x_wconf 93' lang='lat'><strong>:</strong></span> <span class='ocrx_word' id='word_1_412' title='bbox 1477 902 1557 941; x_wconf 90' lang='lat' dir='ltr'>quid</span> <span class='ocrx_word' id='word_1_413' title='bbox 1572 901 1613 931; x_wconf 89' lang='lat' dir='ltr'>de</span> <span class='ocrx_word' id='word_1_414' title='bbox 1629 909 1682 931; x_wconf 87' lang='lat' dir='ltr'>me</span> 
     </span>
     <span class='ocr_line' id='line_1_70' title="bbox 985 946 1684 986; baseline 0.004 -13"><span class='ocrx_word' id='word_1_415' title='bbox 985 946 1182 984; x_wconf 84' lang='lat' dir='ltr'>exigendum</span> <span class='ocrx_word' id='word_1_416' title='bbox 1195 948 1227 977; x_wconf 89' lang='lat' dir='ltr'>et</span> <span class='ocrx_word' id='word_1_417' title='bbox 1243 949 1381 986; x_wconf 85' lang='lat' dir='ltr'>misero,</span> <span class='ocrx_word' id='word_1_418' title='bbox 1397 949 1431 978; x_wconf 85' lang='grc'>01</span> <span class='ocrx_word' id='word_1_419' title='bbox 1447 946 1604 986; x_wconf 77' lang='lat' dir='ltr'>superbo?</span> <span class='ocrx_word' id='word_1_420' title='bbox 1618 947 1684 976; x_wconf 91' lang='lat' dir='ltr'>De-</span> 
     </span>
     <span class='ocr_line' id='line_1_71' title="bbox 984 991 1682 1031; baseline 0.001 -11"><span class='ocrx_word' id='word_1_421' title='bbox 984 991 1080 1029; x_wconf 88' lang='lat' dir='ltr'>nique</span> <span class='ocrx_word' id='word_1_422' title='bbox 1090 992 1157 1029; x_wconf 85' lang='lat' dir='ltr'>jam</span> <span class='ocrx_word' id='word_1_423' title='bbox 1172 994 1227 1023; x_wconf 89' lang='lat' dir='ltr'>luo</span> <span class='ocrx_word' id='word_1_424' title='bbox 1241 1002 1354 1031; x_wconf 86' lang='lat' dir='ltr'>poenas</span> <span class='ocrx_word' id='word_1_425' title='bbox 1364 995 1452 1031; x_wconf 80' lang='lat' dir='ltr'>,jam</span> <span class='ocrx_word' id='word_1_426' title='bbox 1473 993 1682 1023; x_wconf 84' lang='lat' dir='ltr'>acerbissime</span> 
     </span>
     <span class='ocr_line' id='line_1_72' title="bbox 984 1038 1684 1075; baseline 0.001 -9"><span class='ocrx_word' id='word_1_427' title='bbox 984 1038 1114 1075; x_wconf 78' lang='lat' dir='ltr'>vapulo.</span> <span class='ocrx_word' id='word_1_428' title='bbox 1131 1039 1199 1068; x_wconf 84' lang='lat' dir='ltr'>Non</span> <span class='ocrx_word' id='word_1_429' title='bbox 1213 1039 1286 1069; x_wconf 87' lang='lat' dir='ltr'>sine</span> <span class='ocrx_word' id='word_1_430' title='bbox 1300 1048 1395 1069; x_wconf 85' lang='lat' dir='ltr'>causa</span> <span class='ocrx_word' id='word_1_431' title='bbox 1413 1046 1490 1069; x_wconf 83' lang='grc'><strong>53116</strong></span> <span class='ocrx_word' id='word_1_432' title='bbox 1506 1039 1545 1068; x_wconf 88' lang='grc'>311</span> <span class='ocrx_word' id='word_1_433' title='bbox 1561 1038 1632 1067; x_wconf 84' lang='grc'><strong>11611</strong></span> <span class='ocrx_word' id='word_1_434' title='bbox 1649 1038 1684 1068; x_wconf 83' lang='lat' dir='ltr'>et</span> 
     </span>
     <span class='ocr_line' id='line_1_73' title="bbox 983 1083 1682 1122; baseline -0.001 -8"><span class='ocrx_word' id='word_1_435' title='bbox 983 1085 1222 1115; x_wconf 83' lang='lat' dir='ltr'>nudiustertius</span> <span class='ocrx_word' id='word_1_436' title='bbox 1246 1085 1367 1116; x_wconf 84' lang='lat' dir='ltr'>invasit</span> <span class='ocrx_word' id='word_1_437' title='bbox 1387 1093 1439 1115; x_wconf 89' lang='lat' dir='ltr'>me</span> <span class='ocrx_word' id='word_1_438' title='bbox 1462 1086 1596 1122; x_wconf 86' lang='lat' dir='ltr'>languor</span> <span class='ocrx_word' id='word_1_439' title='bbox 1621 1083 1682 1113; x_wconf 84' lang='lat' dir='ltr'>iste</span> 
     </span>
     <span class='ocr_line' id='line_1_74' title="bbox 983 1129 1682 1168; baseline -0.001 -9"><span class='ocrx_word' id='word_1_440' title='bbox 983 1130 1104 1168; x_wconf 83' lang='lat' dir='ltr'>animi,</span> <span class='ocrx_word' id='word_1_441' title='bbox 1127 1132 1162 1161; x_wconf 89' lang='lat' dir='ltr'>et</span> <span class='ocrx_word' id='word_1_442' title='bbox 1194 1131 1315 1161; x_wconf 88' lang='lat' dir='ltr'>mentis</span> <span class='ocrx_word' id='word_1_443' title='bbox 1338 1131 1523 1168; x_wconf 89' lang='lat' dir='ltr'>hebetudo,</span> <span class='ocrx_word' id='word_1_444' title='bbox 1551 1129 1682 1159; x_wconf 89' lang='lat' dir='ltr'>insolita</span> 
     </span>
     <span class='ocr_line' id='line_1_75' title="bbox 982 1175 1682 1215; baseline -0.003 -9"><span class='ocrx_word' id='word_1_445' title='bbox 982 1176 1129 1214; x_wconf 86' lang='lat' dir='ltr'>quaedam</span> <span class='ocrx_word' id='word_1_446' title='bbox 1145 1177 1263 1206; x_wconf 84' lang='lat' dir='ltr'>inertia</span> <span class='ocrx_word' id='word_1_447' title='bbox 1278 1177 1423 1215; x_wconf 90' lang='lat' dir='ltr'>spiritus.</span> <span class='ocrx_word' id='word_1_448' title='bbox 1437 1175 1608 1206; x_wconf 87' lang='lat' dir='ltr'>Currebam</span> <span class='ocrx_word' id='word_1_449' title='bbox 1624 1175 1682 1204; x_wconf 93' lang='lat' dir='ltr'>be-</span> 
     </span>
     <span class='ocr_line' id='line_1_76' title="bbox 982 1220 1684 1261; baseline 0 -11"><span class='ocrx_word' id='word_1_450' title='bbox 982 1230 1023 1251; x_wconf 89' lang='lat' dir='ltr'>ne</span> <span class='ocrx_word' id='word_1_451' title='bbox 1045 1231 1052 1250; x_wconf 91' lang='lat'>:</span> <span class='ocrx_word' id='word_1_452' title='bbox 1077 1222 1133 1252; x_wconf 87' lang='lat' dir='ltr'>sed</span> <span class='ocrx_word' id='word_1_453' title='bbox 1155 1231 1229 1252; x_wconf 87' lang='lat' dir='ltr'>ecce</span> <span class='ocrx_word' id='word_1_454' title='bbox 1246 1223 1328 1261; x_wconf 88' lang='lat' dir='ltr'>lapis</span> <span class='ocrx_word' id='word_1_455' title='bbox 1352 1221 1540 1253; x_wconf 81' lang='lat' dir='ltr'>offensionis</span> <span class='ocrx_word' id='word_1_456' title='bbox 1561 1222 1596 1251; x_wconf 91' lang='lat' dir='ltr'>in</span> <span class='ocrx_word' id='word_1_457' title='bbox 1610 1220 1684 1258; x_wconf 84' lang='lat' dir='ltr'>via;</span> 
     </span>
     <span class='ocr_line' id='line_1_77' title="bbox 983 1266 1682 1306; baseline 0.001 -11"><span class='ocrx_word' id='word_1_458' title='bbox 983 1267 1116 1305; x_wconf 81' lang='lat' dir='ltr'>impegi,</span> <span class='ocrx_word' id='word_1_459' title='bbox 1132 1268 1167 1298; x_wconf 88' lang='lat' dir='ltr'>et</span> <span class='ocrx_word' id='word_1_460' title='bbox 1181 1268 1300 1298; x_wconf 86' lang='lat' dir='ltr'>corrui.</span> <span class='ocrx_word' id='word_1_461' title='bbox 1314 1267 1472 1306; x_wconf 86' lang='lat' dir='ltr'>Superbia</span> <span class='ocrx_word' id='word_1_462' title='bbox 1484 1266 1618 1297; x_wconf 82' lang='lat' dir='ltr'>inventa</span> <span class='ocrx_word' id='word_1_463' title='bbox 1633 1267 1682 1296; x_wconf 85' lang='lat' dir='ltr'>est</span> 
     </span>
     <span class='ocr_line' id='line_1_78' title="bbox 984 1312 1680 1351; baseline -0.001 -10"><span class='ocrx_word' id='word_1_464' title='bbox 984 1313 1016 1342; x_wconf 88' lang='lat' dir='ltr'>in</span> <span class='ocrx_word' id='word_1_465' title='bbox 1030 1321 1101 1351; x_wconf 83' lang='lat' dir='ltr'>me,</span> <span class='ocrx_word' id='word_1_466' title='bbox 1117 1314 1151 1344; x_wconf 88' lang='lat' dir='ltr'>et</span> <span class='ocrx_word' id='word_1_467' title='bbox 1173 1314 1329 1344; x_wconf 89' lang='lat' dir='ltr'>Dominus</span> <span class='ocrx_word' id='word_1_468' title='bbox 1344 1312 1522 1343; x_wconf 83' lang='lat' dir='ltr'>declinavit</span> <span class='ocrx_word' id='word_1_469' title='bbox 1543 1313 1577 1342; x_wconf 92' lang='lat' dir='ltr'>in</span> <span class='ocrx_word' id='word_1_470' title='bbox 1599 1312 1647 1341; x_wconf 89' lang='lat' dir='ltr'>ira</span> <span class='ocrx_word' id='word_1_471' title='bbox 1662 1320 1680 1341; x_wconf 91' lang='lat' dir='ltr'>a</span> 
     </span>
     <span class='ocr_line' id='line_1_79' title="bbox 982 1357 1680 1390; baseline -0.003 -2"><span class='ocrx_word' id='word_1_472' title='bbox 982 1367 1074 1390; x_wconf 78' lang='lat' dir='ltr'>servo</span> <span class='ocrx_word' id='word_1_473' title='bbox 1094 1368 1164 1390; x_wconf 85' lang='lat' dir='ltr'>suo.</span> <span class='ocrx_word' id='word_1_474' title='bbox 1191 1360 1274 1390; x_wconf 79' lang='lat' dir='ltr'>Hinc</span> <span class='ocrx_word' id='word_1_475' title='bbox 1297 1360 1358 1389; x_wconf 82' lang='lat' dir='ltr'>ista</span> <span class='ocrx_word' id='word_1_476' title='bbox 1383 1358 1538 1389; x_wconf 88' lang='lat' dir='ltr'>sterilitas</span> <span class='ocrx_word' id='word_1_477' title='bbox 1565 1357 1680 1387; x_wconf 85' lang='lat' dir='ltr'>animae</span> 
     </span>
     <span class='ocr_line' id='line_1_80' title="bbox 981 1403 1680 1444; baseline -0.003 -10"><span class='ocrx_word' id='word_1_478' title='bbox 981 1413 1075 1443; x_wconf 82' lang='lat' dir='ltr'>meae,</span> <span class='ocrx_word' id='word_1_479' title='bbox 1092 1406 1313 1436; x_wconf 79' lang='lat' dir='ltr'>etdevotionis</span> <span class='ocrx_word' id='word_1_480' title='bbox 1329 1405 1438 1444; x_wconf 91' lang='lat' dir='ltr'>inopia</span> <span class='ocrx_word' id='word_1_481' title='bbox 1452 1413 1549 1443; x_wconf 90' lang='lat' dir='ltr'>quam</span> <span class='ocrx_word' id='word_1_482' title='bbox 1563 1403 1680 1443; x_wconf 84' lang='lat' dir='ltr'>patior.</span> 
     </span>
     <span class='ocr_line' id='line_1_81' title="bbox 981 1450 1683 1487; baseline -0.003 -7"><span class='ocrx_word' id='word_1_483' title='bbox 981 1450 1146 1486; x_wconf 89' lang='lat' dir='ltr'>Quomodo</span> <span class='ocrx_word' id='word_1_484' title='bbox 1161 1451 1206 1480; x_wconf 82' lang='lat' dir='ltr'>ita</span> <span class='ocrx_word' id='word_1_485' title='bbox 1219 1450 1348 1480; x_wconf 74' lang='lat' dir='ltr'>exaruit</span> <span class='ocrx_word' id='word_1_486' title='bbox 1359 1458 1413 1480; x_wconf 88' lang='lat' dir='ltr'>cor</span> <span class='ocrx_word' id='word_1_487' title='bbox 1426 1458 1549 1487; x_wconf 84' lang='lat' dir='ltr'>meum,</span> <span class='ocrx_word' id='word_1_488' title='bbox 1564 1457 1683 1487; x_wconf 86' lang='lat' dir='ltr'>coagu-</span> 
     </span>
     <span class='ocr_line' id='line_1_82' title="bbox 981 1494 1682 1533; baseline 0 -10"><span class='ocrx_word' id='word_1_489' title='bbox 981 1496 1084 1524; x_wconf 89' lang='lat' dir='ltr'>latum</span> <span class='ocrx_word' id='word_1_490' title='bbox 1109 1496 1158 1525; x_wconf 86' lang='lat' dir='ltr'>est</span> <span class='ocrx_word' id='word_1_491' title='bbox 1181 1496 1268 1525; x_wconf 88' lang='lat' dir='ltr'>sicut</span> <span class='ocrx_word' id='word_1_492' title='bbox 1285 1496 1354 1533; x_wconf 90' lang='grc'><strong>130,</strong></span> <span class='ocrx_word' id='word_1_493' title='bbox 1380 1495 1503 1524; x_wconf 83' lang='lat' dir='ltr'>factum</span> <span class='ocrx_word' id='word_1_494' title='bbox 1526 1495 1577 1525; x_wconf 87' lang='lat' dir='ltr'>est</span> <span class='ocrx_word' id='word_1_495' title='bbox 1597 1494 1682 1524; x_wconf 86' lang='lat' dir='ltr'>sicut</span> 
     </span>
     <span class='ocr_line' id='line_1_83' title="bbox 981 1539 1680 1579; baseline -0.001 -10"><span class='ocrx_word' id='word_1_496' title='bbox 981 1540 1066 1569; x_wconf 87' lang='lat' dir='ltr'>terra</span> <span class='ocrx_word' id='word_1_497' title='bbox 1085 1541 1155 1570; x_wconf 87' lang='grc'><strong>5106</strong></span> <span class='ocrx_word' id='word_1_498' title='bbox 1178 1540 1278 1579; x_wconf 78' lang='lat' dir='ltr'>aqua?</span> <span class='ocrx_word' id='word_1_499' title='bbox 1301 1541 1365 1570; x_wconf 79' lang='lat' dir='ltr'>Nec</span> <span class='ocrx_word' id='word_1_500' title='bbox 1389 1540 1563 1578; x_wconf 87' lang='lat' dir='ltr'>compungi</span> <span class='ocrx_word' id='word_1_501' title='bbox 1578 1539 1618 1569; x_wconf 91' lang='lat' dir='ltr'>ad</span> <span class='ocrx_word' id='word_1_502' title='bbox 1634 1540 1680 1568; x_wconf 85' lang='lat' dir='ltr'>la-</span> 
     </span>
     <span class='ocr_line' id='line_1_84' title="bbox 981 1584 1678 1623; baseline -0.001 -9"><span class='ocrx_word' id='word_1_503' title='bbox 981 1593 1105 1623; x_wconf 85' lang='lat' dir='ltr'>crymas</span> <span class='ocrx_word' id='word_1_504' title='bbox 1123 1594 1206 1623; x_wconf 88' lang='lat' dir='ltr'>queo</span> <span class='ocrx_word' id='word_1_505' title='bbox 1219 1595 1227 1623; x_wconf 77' lang='lat'><em>3</em></span> <span class='ocrx_word' id='word_1_506' title='bbox 1242 1586 1332 1615; x_wconf 85' lang='lat' dir='ltr'>tanta</span> <span class='ocrx_word' id='word_1_507' title='bbox 1355 1587 1403 1615; x_wconf 86' lang='lat' dir='ltr'>est</span> <span class='ocrx_word' id='word_1_508' title='bbox 1425 1586 1546 1615; x_wconf 85' lang='lat' dir='ltr'>duritia</span> <span class='ocrx_word' id='word_1_509' title='bbox 1561 1584 1678 1615; x_wconf 86' lang='lat' dir='ltr'>cordis.</span> 
     </span>
     <span class='ocr_line' id='line_1_85' title="bbox 980 1629 1680 1669; baseline -0.001 -9"><span class='ocrx_word' id='word_1_510' title='bbox 980 1631 1046 1660; x_wconf 78' lang='lat' dir='ltr'>Non</span> <span class='ocrx_word' id='word_1_511' title='bbox 1068 1632 1152 1669; x_wconf 86' lang='lat' dir='ltr'>sapit</span> <span class='ocrx_word' id='word_1_512' title='bbox 1175 1632 1334 1669; x_wconf 85' lang='lat' dir='ltr'>psalmus,</span> <span class='ocrx_word' id='word_1_513' title='bbox 1356 1639 1420 1660; x_wconf 90' lang='lat' dir='ltr'>non</span> <span class='ocrx_word' id='word_1_514' title='bbox 1444 1632 1552 1668; x_wconf 88' lang='lat' dir='ltr'>legere</span> <span class='ocrx_word' id='word_1_515' title='bbox 1578 1629 1680 1666; x_wconf 83' lang='lat' dir='ltr'>libet,</span> 
     </span>
     <span class='ocr_line' id='line_1_86' title="bbox 980 1675 1680 1713; baseline 0 -8"><span class='ocrx_word' id='word_1_516' title='bbox 980 1683 1044 1705; x_wconf 92' lang='lat' dir='ltr'>non</span> <span class='ocrx_word' id='word_1_517' title='bbox 1059 1684 1149 1705; x_wconf 89' lang='grc'><strong>01310</strong></span> <span class='ocrx_word' id='word_1_518' title='bbox 1161 1676 1312 1713; x_wconf 83' lang='grc'><strong>(10160131,</strong></span> <span class='ocrx_word' id='word_1_519' title='bbox 1329 1676 1558 1705; x_wconf 84' lang='lat' dir='ltr'>meditationes</span> <span class='ocrx_word' id='word_1_520' title='bbox 1570 1675 1680 1705; x_wconf 86' lang='lat' dir='ltr'>solitas</span> 
     </span>
     <span class='ocr_line' id='line_1_87' title="bbox 980 1720 1680 1759; baseline -0.001 -8"><span class='ocrx_word' id='word_1_521' title='bbox 980 1729 1043 1751; x_wconf 90' lang='lat' dir='ltr'>non</span> <span class='ocrx_word' id='word_1_522' title='bbox 1053 1722 1197 1752; x_wconf 89' lang='lat' dir='ltr'>invenio.</span> <span class='ocrx_word' id='word_1_523' title='bbox 1206 1722 1267 1751; x_wconf 83' lang='lat' dir='ltr'>Ubi</span> <span class='ocrx_word' id='word_1_524' title='bbox 1276 1723 1332 1751; x_wconf 82' lang='lat' dir='ltr'>illa</span> <span class='ocrx_word' id='word_1_525' title='bbox 1343 1721 1516 1751; x_wconf 87' lang='lat' dir='ltr'>inebriatio</span> <span class='ocrx_word' id='word_1_526' title='bbox 1527 1720 1680 1759; x_wconf 76' lang='lat' dir='ltr'>spiritus?</span> 
     </span>
     <span class='ocr_line' id='line_1_88' title="bbox 980 1767 1679 1804; baseline 0 -8"><span class='ocrx_word' id='word_1_527' title='bbox 980 1767 1037 1796; x_wconf 88' lang='lat' dir='ltr'>ubi</span> <span class='ocrx_word' id='word_1_528' title='bbox 1059 1767 1180 1797; x_wconf 87' lang='lat' dir='ltr'>mentis</span> <span class='ocrx_word' id='word_1_529' title='bbox 1200 1767 1375 1804; x_wconf 90' lang='lat' dir='ltr'>serenitas,</span> <span class='ocrx_word' id='word_1_530' title='bbox 1392 1767 1426 1796; x_wconf 85' lang='lat' dir='ltr'>et</span> <span class='ocrx_word' id='word_1_531' title='bbox 1445 1774 1530 1804; x_wconf 83' lang='lat' dir='ltr'>pax,</span> <span class='ocrx_word' id='word_1_532' title='bbox 1554 1767 1588 1796; x_wconf 86' lang='lat' dir='ltr'>et</span> <span class='ocrx_word' id='word_1_533' title='bbox 1601 1774 1679 1804; x_wconf 85' lang='lat' dir='ltr'>gau-</span> 
     </span>
     <span class='ocr_line' id='line_1_89' title="bbox 980 1811 1679 1850; baseline -0.001 -8"><span class='ocrx_word' id='word_1_534' title='bbox 980 1812 1070 1842; x_wconf 89' lang='lat' dir='ltr'>dium</span> <span class='ocrx_word' id='word_1_535' title='bbox 1096 1813 1131 1842; x_wconf 88' lang='lat' dir='ltr'>in</span> <span class='ocrx_word' id='word_1_536' title='bbox 1145 1813 1268 1850; x_wconf 86' lang='lat' dir='ltr'>Spiritu</span> <span class='ocrx_word' id='word_1_537' title='bbox 1293 1811 1421 1842; x_wconf 73' lang='lat' dir='ltr'>sancto?</span> <span class='ocrx_word' id='word_1_538' title='bbox 1443 1812 1518 1842; x_wconf 91' lang='lat' dir='ltr'>Ideo</span> <span class='ocrx_word' id='word_1_539' title='bbox 1539 1811 1578 1841; x_wconf 87' lang='lat' dir='ltr'>ad</span> <span class='ocrx_word' id='word_1_540' title='bbox 1599 1819 1679 1849; x_wconf 81' lang='lat' dir='ltr'>opus</span> 
     </span>
     <span class='ocr_line' id='line_1_90' title="bbox 979 1858 1682 1897; baseline -0.001 -10"><span class='ocrx_word' id='word_1_541' title='bbox 979 1866 1133 1888; x_wconf 86' lang='lat' dir='ltr'>manuum</span> <span class='ocrx_word' id='word_1_542' title='bbox 1144 1859 1248 1897; x_wconf 84' lang='lat' dir='ltr'>piger,</span> <span class='ocrx_word' id='word_1_543' title='bbox 1261 1859 1301 1888; x_wconf 84' lang='lat' dir='ltr'>ad</span> <span class='ocrx_word' id='word_1_544' title='bbox 1312 1858 1438 1897; x_wconf 82' lang='lat' dir='ltr'>vigilias</span> <span class='ocrx_word' id='word_1_545' title='bbox 1448 1858 1682 1894; x_wconf 86' lang='lat' dir='ltr'>somnolentus,</span> 
     </span>
     <span class='ocr_line' id='line_1_91' title="bbox 980 1903 1680 1942; baseline -0.004 -8"><span class='ocrx_word' id='word_1_546' title='bbox 980 1904 1018 1934; x_wconf 84' lang='lat' dir='ltr'>ad</span> <span class='ocrx_word' id='word_1_547' title='bbox 1028 1904 1108 1934; x_wconf 89' lang='lat' dir='ltr'>iram</span> <span class='ocrx_word' id='word_1_548' title='bbox 1117 1913 1272 1942; x_wconf 79' lang='lat' dir='ltr'>praeceps,</span> <span class='ocrx_word' id='word_1_549' title='bbox 1282 1904 1322 1934; x_wconf 89' lang='lat' dir='ltr'>ad</span> <span class='ocrx_word' id='word_1_550' title='bbox 1329 1904 1438 1934; x_wconf 89' lang='lat' dir='ltr'>odium</span> <span class='ocrx_word' id='word_1_551' title='bbox 1448 1903 1611 1941; x_wconf 85' lang='lat' dir='ltr'>pertinax,</span> <span class='ocrx_word' id='word_1_552' title='bbox 1619 1903 1680 1932; x_wconf 88' lang='lat' dir='ltr'>lin-</span> 
     </span>
     <span class='ocr_line' id='line_1_92' title="bbox 979 1949 1678 1989; baseline -0.004 -8"><span class='ocrx_word' id='word_1_553' title='bbox 979 1959 1049 1989; x_wconf 82' lang='lat' dir='ltr'>guae</span> <span class='ocrx_word' id='word_1_554' title='bbox 1062 1952 1094 1980; x_wconf 88' lang='lat' dir='ltr'>et</span> <span class='ocrx_word' id='word_1_555' title='bbox 1105 1951 1187 1989; x_wconf 81' lang='lat' dir='ltr'>gulae</span> <span class='ocrx_word' id='word_1_556' title='bbox 1199 1950 1429 1988; x_wconf 85' lang='lat' dir='ltr'>indulgentior,</span> <span class='ocrx_word' id='word_1_557' title='bbox 1443 1949 1570 1986; x_wconf 86' lang='lat' dir='ltr'>segnior</span> <span class='ocrx_word' id='word_1_558' title='bbox 1584 1949 1678 1978; x_wconf 85' lang='lat' dir='ltr'>obtu-</span> 
     </span>
     <span class='ocr_line' id='line_1_93' title="bbox 979 1995 1678 2035; baseline -0.003 -9"><span class='ocrx_word' id='word_1_559' title='bbox 979 1997 1109 2035; x_wconf 86' lang='lat' dir='ltr'>siorque</span> <span class='ocrx_word' id='word_1_560' title='bbox 1126 1996 1165 2026; x_wconf 88' lang='lat' dir='ltr'>ad</span> <span class='ocrx_word' id='word_1_561' title='bbox 1175 1996 1451 2034; x_wconf 57' lang='lat' dir='ltr'>praedicationem.</span> <span class='ocrx_word' id='word_1_562' title='bbox 1466 1995 1553 2024; x_wconf 85' lang='lat' dir='ltr'>Heu!</span> <span class='ocrx_word' id='word_1_563' title='bbox 1567 2003 1678 2024; x_wconf 85' lang='lat' dir='ltr'>omnes</span> 
     </span>
     <span class='ocr_line' id='line_1_94' title="bbox 980 2041 1677 2078; baseline -0.003 -7"><span class='ocrx_word' id='word_1_564' title='bbox 980 2043 1106 2073; x_wconf 88' lang='lat' dir='ltr'>montes</span> <span class='ocrx_word' id='word_1_565' title='bbox 1114 2043 1147 2072; x_wconf 90' lang='lat' dir='ltr'>in</span> <span class='ocrx_word' id='word_1_566' title='bbox 1156 2042 1296 2072; x_wconf 84' lang='lat' dir='ltr'>circuitu</span> <span class='ocrx_word' id='word_1_567' title='bbox 1306 2050 1379 2072; x_wconf 88' lang='lat' dir='ltr'>meo</span> <span class='ocrx_word' id='word_1_568' title='bbox 1388 2041 1499 2072; x_wconf 76' lang='lat' dir='ltr'>visitat</span> <span class='ocrx_word' id='word_1_569' title='bbox 1509 2041 1677 2078; x_wconf 83' lang='lat' dir='ltr'>Dominus,</span> 
     </span>
     <span class='ocr_line' id='line_1_95' title="bbox 980 2087 1678 2126; baseline -0.004 -8"><span class='ocrx_word' id='word_1_570' title='bbox 980 2088 1019 2117; x_wconf 88' lang='lat' dir='ltr'>ad</span> <span class='ocrx_word' id='word_1_571' title='bbox 1039 2096 1092 2118; x_wconf 91' lang='lat' dir='ltr'>me</span> <span class='ocrx_word' id='word_1_572' title='bbox 1115 2088 1225 2118; x_wconf 89' lang='lat' dir='ltr'>autem</span> <span class='ocrx_word' id='word_1_573' title='bbox 1248 2096 1313 2118; x_wconf 90' lang='lat' dir='ltr'>non</span> <span class='ocrx_word' id='word_1_574' title='bbox 1334 2087 1582 2126; x_wconf 86' lang='lat' dir='ltr'>appropinquat.</span> <span class='ocrx_word' id='word_1_575' title='bbox 1595 2087 1678 2116; x_wconf 72' lang='lat' dir='ltr'>Num</span> 
     </span>
     <span class='ocr_line' id='line_1_96' title="bbox 980 2131 1678 2171; baseline -0.003 -9"><span class='ocrx_word' id='word_1_576' title='bbox 980 2134 1070 2164; x_wconf 89' lang='lat' dir='ltr'>collis</span> <span class='ocrx_word' id='word_1_577' title='bbox 1093 2142 1158 2163; x_wconf 89' lang='lat' dir='ltr'>non</span> <span class='ocrx_word' id='word_1_578' title='bbox 1182 2141 1255 2164; x_wconf 91' lang='lat' dir='ltr'>sum</span> <span class='ocrx_word' id='word_1_579' title='bbox 1276 2142 1319 2163; x_wconf 80' lang='lat' dir='ltr'>ex</span> <span class='ocrx_word' id='word_1_580' title='bbox 1341 2133 1392 2163; x_wconf 86' lang='lat' dir='ltr'>his</span> <span class='ocrx_word' id='word_1_581' title='bbox 1419 2141 1499 2171; x_wconf 86' lang='lat' dir='ltr'>quos</span> <span class='ocrx_word' id='word_1_582' title='bbox 1520 2131 1678 2162; x_wconf 83' lang='lat' dir='ltr'>transsilit</span> 
     </span>
     <span class='ocr_line' id='line_1_97' title="bbox 980 2178 1677 2217; baseline -0.006 -8"><span class='ocrx_word' id='word_1_583' title='bbox 980 2178 1132 2217; x_wconf 75' lang='lat' dir='ltr'>sponsus?</span> <span class='ocrx_word' id='word_1_584' title='bbox 1155 2179 1234 2208; x_wconf 84' lang='lat' dir='ltr'>Nam</span> <span class='ocrx_word' id='word_1_585' title='bbox 1261 2179 1361 2208; x_wconf 88' lang='lat' dir='ltr'>alium</span> <span class='ocrx_word' id='word_1_586' title='bbox 1386 2178 1520 2216; x_wconf 90' lang='lat' dir='ltr'>quidem</span> <span class='ocrx_word' id='word_1_587' title='bbox 1548 2178 1677 2207; x_wconf 85' lang='lat' dir='ltr'>intueor</span> 
     </span>
     <span class='ocr_line' id='line_1_98' title="bbox 979 2223 1678 2263; baseline -0.006 -8"><span class='ocrx_word' id='word_1_588' title='bbox 979 2225 1149 2263; x_wconf 88' lang='lat' dir='ltr'>singularis</span> <span class='ocrx_word' id='word_1_589' title='bbox 1163 2224 1386 2261; x_wconf 78' lang='lat' dir='ltr'>abstinentiae,</span> <span class='ocrx_word' id='word_1_590' title='bbox 1403 2223 1504 2253; x_wconf 90' lang='lat' dir='ltr'>alium</span> <span class='ocrx_word' id='word_1_591' title='bbox 1522 2230 1599 2253; x_wconf 70' lang='lat' dir='ltr'>vero</span> <span class='ocrx_word' id='word_1_592' title='bbox 1619 2230 1678 2260; x_wconf 89' lang='lat' dir='ltr'>pa-</span> 
     </span>
     <span class='ocr_line' id='line_1_99' title="bbox 980 2269 1679 2307; baseline -0.006 -7"><span class='ocrx_word' id='word_1_593' title='bbox 980 2271 1102 2301; x_wconf 81' lang='lat' dir='ltr'>tientiae</span> <span class='ocrx_word' id='word_1_594' title='bbox 1115 2269 1312 2300; x_wconf 84' lang='lat' dir='ltr'>admirandae</span> <span class='ocrx_word' id='word_1_595' title='bbox 1324 2291 1333 2307; x_wconf 90' lang='lat'>,</span> <span class='ocrx_word' id='word_1_596' title='bbox 1349 2269 1450 2299; x_wconf 85' lang='lat' dir='ltr'>alium</span> <span class='ocrx_word' id='word_1_597' title='bbox 1468 2269 1576 2298; x_wconf 87' lang='grc'><strong>31110111</strong></span> <span class='ocrx_word' id='word_1_598' title='bbox 1589 2276 1679 2298; x_wconf 81' lang='grc'><strong>50111-</strong></span> 
     </span>
     <span class='ocr_line' id='line_1_100' title="bbox 979 2313 1677 2352; baseline -0.006 -6"><span class='ocrx_word' id='word_1_599' title='bbox 979 2325 1039 2346; x_wconf 81' lang='lat' dir='ltr'>mae</span> <span class='ocrx_word' id='word_1_600' title='bbox 1051 2315 1246 2346; x_wconf 84' lang='lat' dir='ltr'>humilitatis</span> <span class='ocrx_word' id='word_1_601' title='bbox 1255 2316 1287 2344; x_wconf 90' lang='lat' dir='ltr'>et</span> <span class='ocrx_word' id='word_1_602' title='bbox 1298 2313 1568 2352; x_wconf 83' lang='lat' dir='ltr'>mansuetudinis,</span> <span class='ocrx_word' id='word_1_603' title='bbox 1577 2313 1677 2343; x_wconf 83' lang='lat' dir='ltr'>alium</span> 
     </span>
     <span class='ocr_line' id='line_1_101' title="bbox 980 2359 1678 2398; baseline -0.006 -6"><span class='ocrx_word' id='word_1_604' title='bbox 980 2363 1090 2392; x_wconf 79' lang='lat' dir='ltr'>multae</span> <span class='ocrx_word' id='word_1_605' title='bbox 1111 2360 1340 2391; x_wconf 59' lang='lat' dir='ltr'>misericordiae</span> <span class='ocrx_word' id='word_1_606' title='bbox 1358 2361 1391 2390; x_wconf 88' lang='lat' dir='ltr'>et</span> <span class='ocrx_word' id='word_1_607' title='bbox 1408 2359 1558 2398; x_wconf 77' lang='lat' dir='ltr'>pietati53</span> <span class='ocrx_word' id='word_1_608' title='bbox 1585 2359 1678 2388; x_wconf 91' lang='lat' dir='ltr'>illum</span> 
     </span>
     <span class='ocr_line' id='line_1_102' title="bbox 979 2403 1680 2445; baseline -0.007 -7"><span class='ocrx_word' id='word_1_609' title='bbox 979 2407 1013 2438; x_wconf 91' lang='lat' dir='ltr'>in</span> <span class='ocrx_word' id='word_1_610' title='bbox 1025 2406 1295 2445; x_wconf 87' lang='lat' dir='ltr'>contemplatione</span> <span class='ocrx_word' id='word_1_611' title='bbox 1307 2406 1494 2443; x_wconf 80' lang='lat' dir='ltr'>frequenter</span> <span class='ocrx_word' id='word_1_612' title='bbox 1505 2403 1680 2442; x_wconf 84' lang='lat' dir='ltr'>excedere,</span> 
     </span>
     <span class='ocr_line' id='line_1_103' title="bbox 979 2449 1678 2492; baseline -0.009 -8"><span class='ocrx_word' id='word_1_613' title='bbox 979 2455 1063 2484; x_wconf 90' lang='lat' dir='ltr'>hunc</span> <span class='ocrx_word' id='word_1_614' title='bbox 1080 2454 1207 2492; x_wconf 84' lang='lat' dir='ltr'>pulsare</span> <span class='ocrx_word' id='word_1_615' title='bbox 1224 2453 1257 2482; x_wconf 88' lang='lat' dir='ltr'>et</span> <span class='ocrx_word' id='word_1_616' title='bbox 1272 2453 1442 2490; x_wconf 88' lang='lat' dir='ltr'>penetrare</span> <span class='ocrx_word' id='word_1_617' title='bbox 1454 2451 1551 2480; x_wconf 83' lang='lat' dir='ltr'>coelos</span> <span class='ocrx_word' id='word_1_618' title='bbox 1561 2449 1678 2480; x_wconf 88' lang='lat' dir='ltr'>oratio-</span> 
     </span>
     <span class='ocr_line' id='line_1_104' title="bbox 980 2496 1678 2536; baseline -0.009 -6"><span class='ocrx_word' id='word_1_619' title='bbox 980 2509 1058 2530; x_wconf 92' lang='lat' dir='ltr'>num</span> <span class='ocrx_word' id='word_1_620' title='bbox 1087 2498 1238 2529; x_wconf 86' lang='lat' dir='ltr'>instantia</span> <span class='ocrx_word' id='word_1_621' title='bbox 1252 2519 1262 2536; x_wconf 95' lang='lat'>,</span> <span class='ocrx_word' id='word_1_622' title='bbox 1283 2497 1427 2535; x_wconf 80' lang='lat' dir='ltr'>aliosque</span> <span class='ocrx_word' id='word_1_623' title='bbox 1452 2497 1486 2525; x_wconf 89' lang='lat' dir='ltr'>in</span> <span class='ocrx_word' id='word_1_624' title='bbox 1507 2496 1578 2526; x_wconf 85' lang='lat' dir='ltr'>aliis</span> <span class='ocrx_word' id='word_1_625' title='bbox 1596 2502 1678 2533; x_wconf 81' lang='grc'><strong>11136-</strong></span> 
     </span>
     <span class='ocr_line' id='line_1_105' title="bbox 980 2542 1676 2580; baseline -0.007 -6"><span class='ocrx_word' id='word_1_626' title='bbox 980 2545 1124 2574; x_wconf 83' lang='grc'><strong>0111111010</strong></span> <span class='ocrx_word' id='word_1_627' title='bbox 1141 2543 1329 2574; x_wconf 74' lang='lat' dir='ltr'>virtutibus,</span> <span class='ocrx_word' id='word_1_628' title='bbox 1340 2543 1403 2572; x_wconf 86' lang='lat' dir='ltr'>Hos</span> <span class='ocrx_word' id='word_1_629' title='bbox 1417 2563 1426 2580; x_wconf 88' lang='grc'><strong>,</strong></span> <span class='ocrx_word' id='word_1_630' title='bbox 1440 2542 1584 2579; x_wconf 86' lang='lat' dir='ltr'>inquam,</span> <span class='ocrx_word' id='word_1_631' title='bbox 1600 2547 1676 2570; x_wconf 91' lang='lat' dir='ltr'>con-</span> 
     </span>
     <span class='ocr_line' id='line_1_106' title="bbox 980 2584 1674 2623; baseline -0.01 -5"><span class='ocrx_word' id='word_1_632' title='bbox 980 2589 1084 2618; x_wconf 78' lang='lat' dir='ltr'>sidero</span> <span class='ocrx_word' id='word_1_633' title='bbox 1096 2596 1206 2618; x_wconf 89' lang='lat' dir='ltr'>omnes</span> <span class='ocrx_word' id='word_1_634' title='bbox 1220 2587 1394 2623; x_wconf 80' lang='lat' dir='ltr'>ferventes,</span> <span class='ocrx_word' id='word_1_635' title='bbox 1407 2593 1516 2615; x_wconf 86' lang='lat' dir='ltr'>omnes</span> <span class='ocrx_word' id='word_1_636' title='bbox 1531 2584 1674 2620; x_wconf 86' lang='lat' dir='ltr'>devotos,</span> 
     </span>
     <span class='ocr_line' id='line_1_107' title="bbox 981 2628 1676 2667; baseline -0.006 -5"><span class='ocrx_word' id='word_1_637' title='bbox 981 2642 1089 2663; x_wconf 79' lang='lat' dir='ltr'>onmes</span> <span class='ocrx_word' id='word_1_638' title='bbox 1108 2634 1139 2663; x_wconf 86' lang='lat' dir='ltr'>iu</span> <span class='ocrx_word' id='word_1_639' title='bbox 1157 2633 1279 2663; x_wconf 79' lang='lat' dir='ltr'>Christo</span> <span class='ocrx_word' id='word_1_640' title='bbox 1293 2632 1480 2667; x_wconf 80' lang='lat' dir='ltr'>unanimes,</span> <span class='ocrx_word' id='word_1_641' title='bbox 1497 2637 1607 2659; x_wconf 81' lang='lat' dir='ltr'>omnes</span> <span class='ocrx_word' id='word_1_642' title='bbox 1620 2628 1676 2659; x_wconf 75' lang='lat' dir='ltr'>do-</span> 
     </span>
    </p>
   </div>
  </div>
 </body>
</html>
