1846 3078
574 250 800 279 OFFICIUM
824 249 854 276 S.
882 248 1110 276 VICTORIS.

418 308 511 334 Lectio
531 308 566 334 V.

170 369 334 398 GAUDETE
344 364 378 395 in
386 365 536 403 Domino,
546 365 768 403 dilectissimi,
782 363 839 403 qui

138 414 202 442 etc.
220 412 297 443 Vide
310 419 407 449 supra
419 411 483 441 loco
500 411 551 441 cil.

176 465 213 486 rt.
225 457 309 486 Dum
325 456 478 486 transiret
490 457 561 486 Rex
576 456 771 485 Francorum
781 476 791 491 ,
808 454 840 485 et

134 501 264 533 veniret
286 509 379 531 secus
403 501 462 531 ubi
487 500 655 531 habitabat
680 500 817 530 eremita
830 521 840 538 ,

134 547 312 577 admiratus
326 547 376 578 est
389 555 488 586 super
501 546 553 577 his
561 555 632 585 quae
645 545 840 576 dicebantur

137 593 177 623 de
194 593 264 624 viro
278 592 351 623 hoc.

175 646 211 669 v.
227 638 354 676 Quanta
377 637 563 668 audivimus
583 637 617 667 et
632 635 841 675 cognovimus

135 693 191 723 ea,
204 684 239 714 et
252 684 362 722 patres
375 682 479 714 nostri
498 682 713 714 narraverunt
733 682 839 712 nobis·

134 732 239 770 Super
254 730 325 768 his,
348 729 411 760 etc.

406 784 500 809 Lectio
521 783 573 809 VI.

175 840 312 871 PAUsA'r
323 839 417 870 miles
429 839 585 870 emeritus
594 859 603 876 ,
620 839 653 868 et
668 838 740 876 post
751 837 842 867 labo-

134 893 204 923 res,
220 886 284 915 etc.
298 886 374 917 Vide
388 894 484 924 supra
499 886 563 915 loco
579 886 631 914 cit.

175 938 211 961 R.
225 932 297 960 Jam
315 931 505 961 thesaurum
520 929 744 960 absconditum
757 928 841 958 fama

135 977 277 1006 delatrix
291 976 498 1014 prodiderat,
514 976 547 1006 et
562 984 626 1005 non
641 975 747 1014 potuit
759 984 840 1013 prae-

134 1023 233 1052 terire
249 1031 359 1060 regem
374 1022 628 1060 praetereuntem
639 1043 647 1059 ,
664 1021 721 1051 sed
733 1021 842 1051 diver-

135 1069 175 1098 tit
186 1068 226 1098 ad
238 1068 405 1106 tugurium
419 1068 574 1107 pauperis
584 1089 594 1106 ,
610 1067 739 1098 excitus
754 1067 839 1097 fama

135 1115 329 1145 sanctitatis.

175 1168 209 1191 v·
224 1161 266 1191 Ut
281 1160 410 1191 videret
425 1168 523 1198 opera
544 1159 677 1189 Domini
694 1160 728 1190 et
741 1159 841 1190 mira-

135 1205 214 1237 bilia
228 1206 298 1244 eJus
315 1207 348 1236 in
363 1206 503 1236 deserto.
528 1206 679 1245 Excitus,
695 1206 757 1237 etc.

398 1269 491 1294 Lectio
508 1269 577 1295 VII.

177 1325 336 1356 FRATRES
346 1348 355 1364 ,
365 1325 504 1355 latitudo
516 1325 590 1355 coeli
605 1324 720 1355 dilatat
731 1324 839 1363 corda,

137 1381 201 1402 non
217 1371 337 1409 arctat,
351 1372 415 1401 etc.
432 1372 508 1402 Vide
525 1380 621 1410 supra
635 1372 699 1401 loco
714 1372 765 1400 cit.

175 1425 212 1447 R.
228 1418 371 1455 Ingresso
386 1425 462 1455 rege
476 1417 629 1456 pauperis
641 1417 842 1455 cellam,sol-

136 1464 246 1494 licitus
262 1464 378 1501 hospes
393 1464 479 1501 quod
496 1464 610 1494 vinum
624 1471 689 1492 non
705 1463 841 1492 haberet

136 1509 287 1539 haustam
302 1509 342 1539 de
364 1509 512 1547 proximo
535 1507 624 1537 fonte
645 1515 761 1545 aquam
783 1507 842 1536 be-

136 1555 293 1584 nedicens
308 1553 469 1583 convertit
494 1553 529 1582 iu
550 1553 666 1582 vinum
677 1574 687 1591 ,
703 1553 737 1583 et
756 1552 841 1582 bibit

137 1609 215 1638 rex,
229 1600 263 1630 et
273 1599 328 1638 qui
344 1607 418 1628 cum
434 1607 472 1629 eo
493 1599 598 1629 erant.

177 1653 212 1675 v.
243 1645 376 1683 Repleti
405 1644 481 1674 sunt
508 1652 620 1673 omnes
649 1644 780 1682 stupore
810 1645 843 1674 et

138 1690 253 1720 ecstasi
268 1690 303 1719 in
329 1697 367 1719 eo
392 1689 479 1727 quod
505 1688 686 1726 contigerat
711 1689 788 1719 illis.
806 1690 843 1718 Et

140 1735 244 1773 bibit,
260 1736 324 1765 etc.

391 1773 484 1797 Lectio
501 1772 588 1797 VIII.

181 1832 300 1861 Parvus
316 1830 356 1860 ad
378 1838 538 1869 pugnam,
564 1838 698 1868 magnus
721 1829 763 1860 ad
776 1829 844 1861 vic-

139 1877 273 1915 toriam,
286 1878 349 1906 etc.
368 1878 443 1908 Vide
454 1886 551 1914 supra
566 1876 630 1905 loco
649 1877 702 1905 cii.

180 1932 215 1953 R.
231 1924 355 1953 Novum
371 1931 471 1961 genus
487 1922 662 1960 potentiae!
679 1930 770 1959 aquae
792 1930 845 1951 ru-

140 1969 276 1999 bescunt
292 1968 435 2007 hydriae,
457 1969 573 1998 vinum
591 1967 680 2005 ,iussa
705 1967 843 1998 fundere

142 2015 280 2044 mutavit
291 2014 377 2044 unda
393 2014 565 2052 originem.

179 2068 214 2090 v.
239 2061 383 2090 Dextera
406 2060 537 2090 Domini
571 2058 650 2090 fecit
675 2057 842 2090 virtutem.

142 2105 259 2137 Vinum
271 2128 280 2144 ‚
302 2106 366 2136 etc.

252 2166 287 2191 In
303 2166 387 2190 terlio
398 2166 546 2207 Nocturno
559 2165 730 2196 antiphonae.

174 2222 275 2258 Quam
284 2220 388 2259 pium,
400 2227 498 2258 quam
508 2219 615 2256 dulce,
624 2227 720 2257 quam
732 2227 843 2257 suave,

142 2276 160 2296 ο
176 2267 304 2304 Victor,
320 2266 355 2295 in
377 2266 519 2295 hocloco
539 2264 744 2302 afflictionis,
763 2265 844 2294 etin

142 2313 202 2341 hoc
214 2319 347 2349 corpore
358 2311 471 2340 mortis
482 2311 514 2341 te
527 2318 642 2341 canere
651 2332 661 2347 ‚
676 2311 710 2341 te
725 2311 845 2348 colere,

143 2360 175 2387 te
199 2356 338 2396 precari.

183 2403 322 2432 n.1101no
330 2401 461 2439 quidam
470 2409 534 2431 non
541 2400 666 2431 veritus
675 2401 844 2439 malignari

147 2451 178 2478 in
193 2449 339 2479 sanctum
350 2470 358 2486 ,
375 2447 500 2477 furatus
515 2448 564 2477 est
588 2447 735 2476 triticum
751 2448 822 2484 ejus
834 2470 843 2486 ,

145 2495 176 2524 ct
197 2493 365 2524 abscondit
380 2493 414 2521 in
432 2493 571 2530 terram,
597 2492 630 2522 et
651 2500 726 2522 ecce
748 2493 846 2523 miser

146 2540 281 2570 traditur
295 2539 436 2576 maligno
458 2537 602 2576 spiritui,

183 2593 218 2615 v.
243 2584 434 2614 Maledictus
471 2584 568 2613 homo
596 2583 653 2622 qui
680 2582 847 2615 abscondit

147 2632 305 2661 tramenta
322 2630 355 2660 in
366 2629 506 2667 populis.
522 2629 684 2659 Traditur.

192 2686 220 2705 u.
247 2676 350 2705 Triste
390 2676 602 2705 miraculum.
632 2675 688 2704 sed
711 2674 845 2712 justitiae

1504 253 1561 283 [⁴:57

876 299 1021 336 plenum.
1037 299 1078 329 Ut
1091 306 1187 337 quem
1207 308 1420 339 suggestorem
1431 327 1439 343 ,
1461 305 1564 343 ipsum

875 345 909 374 et
936 345 1076 375 ultorem
1107 344 1240 375 sceleris
1270 345 1364 377 homo
1389 349 1564 380 daemonem

874 390 1054 428 pateretur.

913 443 948 465 v.
964 435 1073 466 Justus
1088 443 1139 473 es,
1162 433 1317 472 Domine,
1333 434 1365 464 et
1381 438 1502 467 rectum
1516 439 1567 475 ju-

874 481 996 510 dicium
1011 481 1115 511 tuum.
1131 479 1171 510 Ut
1186 487 1302 518 quem,
1326 479 1390 508 etc.

913 534 948 556 R.
966 525 1166 556 Revelantur
1191 524 1372 563 iniquitatis
1394 526 1566 562 mysteria:

873 572 998 601 daemon
1020 572 1186 601 hominem
1212 570 1315 608 cogit,
1341 570 1437 599 homo
1457 571 1572 601 daemoa

874 624 947 645 nem
971 616 1091 654 prodit.
1118 616 1229 645 Victor
1255 614 1383 644 medius
1417 615 1573 652 dijudicat

874 662 1040 691 interillos
1054 669 1061 690 :
1075 661 1152 690 dum
1164 661 1343 690 daemonem
1355 659 1444 698 fugat
1453 682 1462 697 ,
1479 661 1511 689 et
1520 660 1576 690 ho-

874 707 995 736 minem
1006 707 1098 736 sanat
1107 728 1115 743 ,
1128 705 1330 735 frumentum
1340 705 1499 744 prodente
1507 706 1575 744 ipsa

873 752 1074 789 malignitate
1094 751 1278 789 recuperat.

905 805 939 826 v.
950 798 984 825 ln
1000 796 1113 826 fraude
1130 796 1459 826 circumvenientium
1472 796 1577 828 adfuit

872 843 921 871 illi
932 864 941 880 ,
959 843 991 872 et
1007 842 1180 872 honestum
1194 841 1272 872 fecit
1286 841 1394 872 illum.
1410 843 1496 872 Dum
1512 843 1577 872 dae-

874 897 1020 926 monem,
1036 888 1100 918 etc.

911 942 947 964 R.
978 933 1169 971 Suspiciens
1207 933 1335 971 Victor,
1364 934 1449 964 vidit
1480 935 1577 964 coelos

872 980 1016 1017 apertos,
1034 980 1067 1008 et
1081 986 1211 1008 crucem
1225 986 1358 1008 auream
1374 980 1511 1017 gemmis
1526 988 1578 1008 or-

872 1027 999 1062 natam,
1017 1026 1049 1054 et
1072 1033 1139 1054 vox
1161 1025 1202 1054 ad
1228 1032 1302 1054 eum
1320 1034 1328 1053 ε
1345 1026 1486 1055 Geminae
1503 1027 1578 1056 sunt

873 1072 1005 1108 animae,
1022 1070 1128 1101 crucis
1139 1070 1274 1108 gloriam
1289 1071 1443 1100 assecutae
1456 1093 1466 1109 ,
1481 1070 1578 1108 Cujus

872 1116 1083 1155 ignominiam
1118 1116 1343 1154 portaverunt.
1366 1124 1402 1147 v.
1435 1117 1578 1146 Laetetur

872 1163 968 1192 Israel
985 1163 1019 1192 in
1038 1171 1076 1192 eo
1088 1162 1144 1201 qui
1160 1162 1240 1192 fecit
1253 1170 1346 1200 eum,
1361 1164 1394 1192 et
1412 1162 1487 1192 filiae
1501 1162 1577 1192 Sion

873 1209 1039 1239 exsultent
1055 1209 1090 1238 in
1104 1216 1179 1246 rege
1195 1216 1252 1238 suo
1268 1215 1277 1237 :
1295 1208 1403 1245 CuJus.

1065 1272 1111 1296 Ad
1126 1272 1233 1296 Laudes
1240 1289 1248 1302 ‚
1267 1272 1384 1303 Antiph.

913 1331 1052 1368 Corpore
1076 1328 1198 1367 terras,
1224 1329 1335 1358 mente
1360 1329 1458 1358 coelos
1469 1328 1579 1358 Victor

874 1375 1061 1405 inhabitans
1071 1397 1080 1413 ,
1105 1374 1278 1412 anquando
1291 1374 1413 1412 aliquid
1425 1375 1579 1404 nuntian-

874 1422 940 1459 tes,
967 1420 1140 1458 aliquando
1163 1419 1321 1449 ineffabili
1343 1421 1457 1450 cantus
1469 1420 1578 1449 suavi-

874 1467 940 1496 tate
970 1465 1163 1503 plausibiles
1199 1471 1295 1494 voces
1318 1465 1483 1502 angelicas
1521 1473 1579 1494 au-

874 1511 998 1541 diebat.

913 1557 985 1586 Jam
1008 1555 1105 1586 coelos
1130 1555 1311 1594 ingressus,
1343 1563 1422 1593 quos
1448 1556 1481 1586 et
1503 1556 1577 1585 anie

874 1602 978 1631 oculis
1003 1601 1124 1639 apertis
1149 1600 1364 1638 suspiciebat,
1394 1608 1471 1630 vere
1493 1609 1579 1630 nunc

877 1648 1021 1677 revelata
1045 1646 1128 1675 facie
1154 1646 1340 1684 speculatur
1355 1645 1490 1683 gloriam
1507 1646 1579 1675 Dei.

914 1694 1013 1723 Beata
1034 1691 1133 1722 visio!
1150 1700 1213 1729 qua
1238 1691 1271 1720 in
1299 1691 1447 1720 eamdem
1468 1691 1581 1728 imagi-

874 1748 950 1769 nem
972 1739 1083 1768 Victor
1108 1736 1346 1766 transformaris
1368 1736 1407 1765 de
1433 1737 1579 1767 claritate

876 1786 909 1814 in
923 1784 1123 1821 claritatem,
1149 1783 1314 1820 tamquam
1331 1790 1349 1812 a
1363 1782 1494 1811 DomIni
1515 1783 1580 1820 spi-

876 1832 954 1861 ritu.

917 1877 1001 1906 Vere
1017 1874 1125 1905 anima
1136 1874 1190 1904 tua
1201 1895 1210 1911 ,
1222 1872 1352 1910 Victor,
1364 1881 1427 1903 una
1440 1881 1482 1902 ex
1494 1881 1583 1912 gem⁴

876 1926 937 1955 mis
950 1933 1020 1963 quae
1029 1923 1089 1953 tibi
1103 1922 1137 1952 in
1146 1931 1242 1953 cruce
1252 1921 1491 1960 apparuerunt,
1504 1931 1581 1952 vero

877 1971 978 2001 infixa
1007 1969 1114 2007 cruci,
1136 1977 1210 1999 cum
1235 1967 1353 1997 divinae
1369 1967 1492 1997 inserta
1513 1968 1583 2004 glo-

878 2017 933 2047 riae
944 2038 952 2054 ,
966 2015 1115 2046 eamdem
1130 2014 1194 2044 sibi
1209 2013 1316 2043 induit
1326 2012 1482 2043 claritatis
1497 2013 1581 2042 ima-

878 2063 985 2100 ginem
996 2082 1004 2098 ,
1020 2068 1117 2098 quam
1135 2058 1276 2089 invenit.

918 2107 1126 2145 Omnipotens
1146 2106 1256 2143 Pater,
1279 2105 1486 2143 peccavimus
1501 2104 1561 2134 tibi
1574 2126 1581 2140 ,

879 2154 954 2184 facti
970 2153 1029 2182 filii
1045 2152 1145 2182 alieni
1163 2160 1170 2180 :
1187 2151 1244 2180 sed
1258 2150 1522 2189 appropiavimus
1550 2150 1582 2178 in

879 2200 1009 2229 Victore
1025 2198 1150 2235 nostro,
1166 2196 1223 2235 qui
1238 2204 1312 2225 cum
1325 2195 1443 2225 vicerit
1455 2195 1582 2233 cupidi-

880 2247 979 2276 tatem
995 2252 1086 2275 suam
1097 2265 1106 2281 ,
1123 2242 1232 2273 vincat
1252 2243 1285 2272 et
1308 2241 1389 2271 iram
1405 2242 1512 2279 tuam,
1527 2250 1582 2270 nos

879 2299 1006 2331 quoque
1023 2291 1058 2319 in
1074 2289 1175 2327 gratia
1192 2289 1342 2326 potenter
1357 2287 1518 2317 restituat.

919 2346 954 2367 R.
971 2336 1060 2366 Filiae
1075 2334 1270 2371 Jerusalem,
1283 2333 1390 2362 sancta
1403 2332 1511 2361 anima
1523 2332 1582 2360 wi-

879 2384 948 2422 grat
964 2392 972 2412 ε
991 2382 1085 2412 Exite
1109 2380 1238 2411 obviam
1255 2379 1297 2408 ei.

918 2437 953 2460 v.
970 2428 1113 2458 Veniens
1136 2426 1228 2457 venit
1253 2433 1326 2455 cum
1350 2422 1543 2453 exsultationi

881 2475 974 2505 Exite
985 2496 993 2512 ,
1010 2474 1074 2504 etc.

1130 2516 1285 2541 manvus.

910 2575 983 2600 Vina
995 2575 1028 2598 (le
1044 2573 1117 2597 sonte
1132 2578 1185 2594 non
1201 2570 1232 2593 dc
1246 2570 1300 2592 viic
1311 2571 1421 2591 manant
1433 2584 1440 2596 ,

882 2611 972 2634 Musta
984 2616 1034 2640 pro
1048 2608 1114 2631 rivis
1127 2607 1246 2630 colorata
1258 2604 1350 2627 ssmani
1362 2620 1368 2631 ⁷

882 2645 1071 2671 benedicentis
1083 2649 1169 2665 manu
1183 2641 1250 2663 liene
1264 2647 1310 2662 usu

1002 2683 1053 2704 l'ro
1070 2678 1213 2702 torculari.
