1830 3073
310 207 371 237 400

780 210 809 237 S.
831 209 1063 237 BERNAflm
1084 210 1275 238 ABBATIS

310 261 344 291 in
361 260 547 292 innocentia
565 262 598 293 et
612 262 648 292 in
667 262 896 293 beneficentia.
914 263 1009 291 Inno-
1027 264 1031 290 i
1046 263 1116 300 tus,
1129 265 1271 292 correcta
1287 263 1353 293 vita
1369 263 1499 302 corrigit
1517 263 1550 293 et
1561 263 1678 298 verba:
1694 271 1746 292 sc-

311 306 418 337 centia
439 307 600 345 justitiam
626 308 775 345 inchoat,
794 307 1011 337 beneficentia
1027 295 1030 324 ⁹
1045 315 1108 344 que
1129 307 1236 345 ipsum
1258 316 1428 347 accusans,
1443 311 1527 340 mala
1541 310 1746 350 sibicompn‘

312 353 524 382 consummat.
549 353 607 383 Pie
635 354 794 392 quantum
823 353 864 382 ad
892 353 1009 381 Deum.

309 397 416 429 Pietas
431 398 480 429 est
503 399 538 429 in
552 398 693 436 duobus,
714 399 750 427 ut
775 398 814 427 de
840 397 933 427 nobis
947 405 1012 426 non

310 451 559 483 praesumamus,
574 444 630 475 sed
645 444 679 473 in
692 445 758 473 Deo
773 443 918 481 perfecte
936 451 1013 472 con-

310 489 445 520 fidamus
459 499 467 519 ε
480 490 517 519 ut
529 498 588 528 per
603 498 677 519 eum
693 489 801 518 omnia
823 488 937 519 mundi
950 489 1013 518 im-

310 535 499 573 pedimenta
522 535 701 564 vincamus.
719 534 755 563 ln
779 534 846 563 Deo
873 542 938 563 non
965 534 1013 563 est

310 580 540 617 diffidendum,
556 579 613 610 sed
627 587 741 609 secure
765 579 798 608 et
817 578 1012 609 fiducialiter

311 627 361 657 est
387 626 558 664 agendum.
580 626 664 664 lpse,
694 626 857 663 tamquam
878 625 950 663 pius
980 625 1013 655 et

309 672 480 702 laudabilis
491 671 649 710 medicus,
657 672 748 710 prius
756 671 1012 709 bihitpotionem

310 726 405 756 quam
420 717 554 755 parabat
566 717 651 756 suis,
667 717 701 747 id
719 719 767 748 est
784 717 967 756 passionem
980 718 1013 747 et

310 765 447 794 mortem
463 763 617 793 sustinuit
632 772 640 792 :
659 764 692 793 et
707 763 752 793 sic
765 763 934 792 sanitatem
951 763 1013 792 im-

308 809 515 839 mortalitatis
529 809 667 847 accepit,
680 810 712 839 et
729 808 1011 847 impassibilitatis,

310 855 429 885 (locens
444 863 516 885 suos
528 856 565 885 ut
581 856 780 885 confidenter
795 855 1013 892 biberentpo-

309 901 452 939 tionem,
477 910 548 939 quae
576 902 709 940 generat
722 901 895 931 sanitatem
916 901 948 930 et
963 900 1014 929 vi-

309 946 374 975 tam
388 955 395 973 :
413 948 445 976 et
459 947 515 985 qui
530 948 601 985 post
616 947 798 985 passionem
810 946 876 975 vita
893 948 1012 976 aeterna

309 991 410 1029 vivit,
422 1001 512 1031 spem
528 993 581 1023 dat
592 992 685 1022 nobis
698 992 734 1022 ut
748 992 835 1022 idem
847 999 1014 1030 speremus

308 1037 349 1067 ab
365 1046 403 1068 eo
418 1039 535 1069 securi.

528 1126 695 1159 SEmIO
731 1126 814 1159 LV.

447 1198 487 1222 De
499 1204 544 1222 sex
556 1197 666 1229 hydriis
678 1196 878 1228 spiritualibus.

350 1260 380 1289 l.
398 1260 497 1289 Erant
512 1259 555 1289 ibi
564 1259 671 1298 positoe
692 1258 816 1296 lapideae
827 1265 881 1287 sex
899 1255 1014 1294 hydrioe

310 1307 475 1337 secundum
495 1305 736 1343 purificationem
754 1303 944 1332 Judoeorum.
962 1302 1015 1330 111-

311 1353 495 1391 telligamus
515 1350 573 1379 has
588 1358 647 1379 sex
665 1348 798 1386 hydrias
815 1347 860 1376 ibi
875 1347 1013 1384 positas,

311 1407 380 1429 esse
397 1406 455 1428 sex
471 1395 690 1426 observantias
705 1393 808 1423 servis
826 1393 886 1421 Dei
902 1401 1016 1431 propo-

311 1445 401 1481 sitas,
420 1443 454 1472 in
474 1441 590 1480 quibus
601 1440 765 1477 tamquam
783 1438 886 1468 Judaei
902 1439 1014 1476 puriti-

312 1490 379 1520 cari
395 1488 546 1519 debeant.
564 1486 645 1516 Sunt
669 1486 778 1514 autem
794 1483 862 1513 istae
874 1506 882 1520 ‚
909 1484 1015 1514 Silen—

311 1537 411 1573 tium,
434 1532 630 1569 Psalmodia,
654 1530 800 1568 Vignae,
830 1529 1013 1567 Jejunium.

312 1583 397 1622 Opus
412 1588 579 1616 manuum,
595 1576 704 1606 Carnis
718 1575 888 1605 munditia.
907 1576 942 1604 In
958 1576 1015 1614 hy-

311 1629 382 1659 dria
393 1626 521 1657 Silentii
531 1624 739 1663 purificamur
754 1630 770 1651 a
780 1621 933 1660 peccatis,
943 1630 1014 1660 quae

310 1673 510 1705 verbositate
549 1667 779 1699 contrahimus.
811 1667 907 1704 Cujus
941 1667 1014 1696 vitii

311 1722 387 1752 sunt
396 1720 466 1749 octo
476 1716 613 1755 species.
623 1714 676 1743 Est
691 1712 779 1743 enim
790 1713 927 1742 verbum
938 1713 1016 1742 stul-

311 1769 382 1798 tum
393 1787 402 1803 ,
414 1772 532 1794 vanum
543 1785 552 1799 ,
578 1760 719 1790 mendax
730 1781 739 1796 ,
754 1759 890 1788 otiosum
900 1781 909 1795 ,
926 1759 1015 1788 dolo-

311 1822 396 1850 sum,
407 1809 614 1845 maledicum,
624 1805 839 1843 impudicum,
849 1814 863 1833 c
871 1806 1016 1835 xcus'ato-

311 1860 408 1891 rium.
418 1858 494 1895 Quae
504 1854 656 1884 nimirum
666 1851 1014 1890 pestisdeloquacitate

312 1905 476 1940 nascitur,
495 1902 528 1931 et
547 1907 607 1938 per
624 1897 748 1928 silentii
765 1905 935 1927 censuram
960 1899 1015 1927 aut

313 1950 472 1982 evertitur
485 1945 643 1981 funditur„
657 1943 712 1973 aut
726 1943 813 1972 certe
825 1950 867 1972 ne
877 1943 1014 1972 multum

311 1995 427 2028 noceat
442 2016 450 2032 ,
479 1989 679 2029 reprimitur.
707 1989 745 2017 In
772 1988 949 2025 psalmodia
980 1988 1016 2018 fit

313 2042 437 2081 duplex
462 2036 638 2072 confessio,
659 2033 717 2064 ubi
743 2033 775 2063 et
800 2034 950 2071 peccator
975 2034 1014 2064 de

314 2088 418 2126 culpis
435 2081 679 2122 compungitur,
697 2079 730 2109 et
745 2080 813 2109 Deo
828 2079 940 2108 laudes
965 2088 1012 2109 su-

314 2142 371 2173 per
394 2130 517 2171 judicia
540 2127 676 2166 justitiae
701 2133 767 2155 suae
791 2125 952 2154 dicuntur.
979 2127 1014 2155 In

311 2181 373 2211 hac
395 2186 468 2214 ergo
490 2173 606 2213 hydria
630 2171 760 2201 Judaeus
789 2171 945 2208 quisque,
960 2171 1015 2208 qui

313 2224 440 2256 scilicet
465 2222 555 2251 recte
571 2217 758 2255 confitetur,
770 2216 960 2255 purificatur
976 2218 1014 2247 ab

313 2267 479 2301 immundo
494 2265 613 2303 spiritu
626 2262 855 2301 blasphemiae,
872 2263 925 2292 cui
940 2264 1014 2293 ante

315 2313 558 2347 conversionem
583 2309 782 2346 subjacebat.
814 2309 899 2338 Dum
927 2309 1015 2338 enim

314 2362 457 2400 selpsum
471 2356 636 2392 laudaret,
653 2363 689 2383 ac
704 2355 810 2383 Deum
828 2356 1014 2393 accusaret,

313 2406 394 2447 quid
413 2402 502 2434 aliud
525 2408 618 2439 quam
642 2399 850 2437 blasphemus
866 2400 954 2430 erat?
968 2402 1015 2431 An

313 2460 380 2484 non
407 2449 481 2480 sunt
503 2445 702 2483 blasphemi,
718 2446 775 2482 qui
790 2445 903 2475 dicunt
919 2455 927 2475 :
944 2448 1015 2476 Non

313 2500 357 2530 est
371 2504 460 2535 oequa
474 2495 527 2524 via
540 2490 688 2523 Domini?
704 2491 751 2519 An
772 2498 838 2520 non
858 2490 1015 2529 insipiens

314 2544 373 2576 ille
384 2540 608 2579 blasphemus,
625 2535 680 2575 qui
694 2535 773 2565 dicit
788 2536 823 2565 in
838 2537 933 2566 corde
945 2545 1014 2575 suo,

316 2591 387 2621 Non
410 2588 453 2618 est
473 2583 575 2616 Deus?
589 2583 660 2612 Jam
685 2589 764 2611 vcro
788 2589 961 2611 conversus
984 2583 1016 2611 et

317 2634 499 2671 confessus,
519 2628 715 2666 canticisque
736 2626 856 2657 divinis
878 2626 1013 2657 instruc·

1044 352 1109 381 tat:
1123 352 1227 381 Deum
1239 354 1348 383 autem
1359 355 1496 385 laudans
1506 377 1514 393 ,
1530 355 1648 385 bonum
1660 354 1744 392 quod

1045 395 1078 425 in
1094 405 1128 426 se
1144 396 1252 434 videt,
1264 405 1329 427 non
1341 399 1420 437 sibi,
1433 400 1490 430 sed
1514 400 1563 429 illi
1578 400 1716 438 applicat
1735 407 1744 428 ε

1046 442 1077 471 et
1095 442 1156 472 hoc
1177 443 1280 473 totum
1303 444 1408 481 agitur
1422 445 1457 475 in
1481 445 1668 484 psalmodia.
1686 446 1746 472 Per

1045 488 1255 525 psalmodiam
1270 489 1381 527 accipe
1395 490 1547 528 quicquid
1558 492 1627 520 Deo
1639 489 1746 528 agitur

1046 542 1121 563 cum
1137 535 1256 565 mentis
1270 535 1409 565 melodia
1420 558 1429 574 ,
1446 536 1516 566 sive
1531 537 1595 566 sint
1608 536 1721 574 psalmi
1734 557 1743 572 ‚

1046 578 1113 607 sive
1144 579 1284 618 hymni,
1309 580 1378 610 sive
1404 581 1503 611 etiam
1531 588 1744 619 quaecumque

1047 624 1183 655 cantica.

1085 668 1115 697 2.
1140 669 1281 699 Tertiam
1307 669 1454 708 hydriam
1478 669 1571 709 posui
1599 670 1746 708 superius

1046 712 1191 750 Vigilias.
1222 715 1285 745 Has
1312 723 1440 754 semper
1469 715 1567 745 debet
1599 715 1745 746 comitari

1046 758 1226 788 orationum
1242 760 1406 791 instantia.
1419 761 1509 790 Unde
1531 760 1564 790 et
1588 760 1747 791 Dominus

1047 802 1080 831 in
1093 805 1260 842 evangelio
1272 805 1391 842 legitur
1406 806 1440 836 in
1455 806 1599 836 oratione
1612 813 1747 844 pernoc-

1046 847 1128 877 tasse
1156 857 1163 877 :
1190 850 1223 879 et
1247 850 1423 889 discipulos
1450 859 1523 881 suos
1553 851 1746 888 exhortans,

1046 893 1219 932 utrumque
1232 895 1327 926 simul
1341 896 1528 934 conjunxit,
1544 896 1675 926 dicens:
1691 897 1748 927 Vi-

1047 940 1136 976 qilnte
1151 942 1178 970 et
1192 944 1297 978 orate,
1312 945 1417 972 utnon
1429 944 1546 974 intretis
1558 944 1588 972 in
1605 944 1747 974 tentatio-

1047 994 1127 1015 nem.
1142 986 1235 1016 Tales
1246 987 1368 1026 vigiliae
1388 988 1523 1018 abluunt
1539 997 1596 1018 nos
1614 997 1632 1018 a
1647 988 1747 1018 sordi-

1048 1029 1125 1067 bus,
1142 1039 1219 1068 quas
1243 1033 1462 1063 contraximus
1480 1042 1540 1072 per
1565 1034 1749 1063 somnolen-

1049 1075 1125 1104 tiam
1140 1077 1292 1114 resoluti,
1308 1078 1383 1107 dum
1399 1079 1562 1109 oblivione
1577 1079 1714 1117 quadam
1729 1086 1748 1108 a

1048 1120 1102 1149 via
1127 1121 1238 1152 salutis
1266 1122 1466 1160 intepuimus
1493 1131 1530 1153 ac
1554 1124 1748 1162 torpuimus.

1048 1165 1166 1202 Quarta
1192 1167 1308 1206 hydria
1337 1169 1386 1198 est
1413 1169 1598 1207 Jejunium,
1621 1170 1660 1199 de
1684 1177 1748 1208 quo

1049 1212 1119 1249 quis
1135 1213 1261 1243 dubitet
1273 1222 1313 1243 an
1326 1215 1358 1244 et
1371 1214 1476 1252 ipsum
1489 1214 1750 1252 purificetssera

1049 1259 1097 1287 est
1119 1259 1174 1288 illa
1194 1260 1355 1290 sententia
1373 1269 1380 1289 ε
1398 1261 1571 1291 Contrariis
1595 1262 1749 1291 curantur

1050 1306 1218 1335 contraria.
1243 1306 1276 1335 Si
1293 1314 1367 1344 ergo
1392 1315 1451 1344 per
1471 1307 1577 1344 gulam
1597 1307 1749 1345 peccavi-

1048 1357 1119 1378 mus
1135 1350 1167 1379 et
1189 1350 1385 1388 ingluviem,
1411 1351 1490 1388 quid
1510 1352 1610 1381 restat
1635 1352 1696 1381 nisi
1713 1353 1750 1382 ut

1049 1403 1106 1432 per
1116 1395 1344 1425 abstinentiam
1354 1395 1558 1433 reparemur?
1569 1396 1633 1426 Nec
1644 1397 1749 1426 solum

1050 1441 1146 1477 hujus
1160 1442 1235 1471 vitii
1250 1441 1285 1471 fit
1301 1450 1359 1479 per
1371 1441 1535 1479 jejunium
1547 1442 1748 1480 purificatio;

1050 1487 1182 1525 insuper
1207 1488 1238 1517 et
1262 1487 1367 1517 virtus
1389 1488 1429 1517 ad
1454 1488 1663 1525 expellendos
1686 1489 1751 1519 ‹1ae-

1050 1542 1160 1563 mones
1185 1534 1405 1572 comparatur,
1430 1533 1560 1563 dicente
1587 1534 1747 1563 Domino:

1049 1580 1112 1608 Hoc
1138 1588 1230 1616 oenus
1251 1580 1282 1608 in
1305 1580 1388 1609 millo
1406 1580 1503 1618 potest
1527 1581 1629 1617 exire,
1645 1581 1706 1611 nisi
1717 1582 1750 1611 iu

1049 1624 1186 1653 oratione
1198 1626 1226 1654 et
1235 1625 1361 1661 jejunio.

1088 1670 1117 1698 5.
1136 1670 1288 1709 Sequitur
1310 1670 1422 1708 quinta
1437 1669 1570 1709 hydria,
1585 1680 1656 1709 quae
1668 1671 1750 1702 dici-

1048 1716 1102 1745 tur
1118 1716 1203 1753 Opus
1224 1724 1398 1745 manuum:
1414 1716 1446 1745 in
1465 1724 1527 1754 quo
1546 1717 1573 1745 si
1585 1717 1750 1754 quaeratur

1050 1770 1090 1790 an
1111 1762 1153 1791 sit
1180 1762 1287 1799 aliqua
1308 1761 1509 1799 purificatio,
1525 1761 1620 1791 facile
1643 1763 1750 1800 potest

1050 1806 1191 1836 inveniri
1220 1815 1278 1845 per
1305 1806 1419 1836 multa.
1447 1806 1525 1835 Nam
1551 1807 1586 1836 ut
1609 1807 1750 1845 plurIma

1049 1854 1257 1891 praeteream,
1270 1853 1331 1882 hoc
1353 1853 1453 1882 solum
1471 1852 1583 1890 quanti
1605 1853 1647 1882 sit
1666 1861 1751 1890 prae-

1050 1897 1294 1935 conii,quantae
1310 1897 1433 1935 gratiae,
1457 1897 1529 1935 quis
1550 1897 1645 1935 digne
1667 1898 1752 1928 aesti-

1049 1943 1132 1979 met,
1145 1951 1201 1972 suo
1213 1951 1246 1972 se
1258 1950 1418 1980 quemque
1432 1942 1541 1971 labore
1552 1942 1729 1980 transigere
1738 1966 1748 1982 ,

1049 1996 1084 2017 ac
1101 1988 1221 2017 nullius
1234 1987 1360 2026 aliquid
1371 1987 1573 2018 desiderare?
1585 1989 1628 2018 Ac
1639 1997 1681 2018 ne
1698 1997 1750 2020 me

1049 2034 1216 2072 quisquam
1241 2034 1334 2071 putet
1347 2033 1416 2062 haec
1436 2033 1536 2071 magis
1557 2034 1752 2064 declamato-

1050 2078 1114 2116 r1e‚
1130 2087 1227 2116 quam
1246 2086 1289 2107 ex
1304 2078 1442 2107 veritate
1462 2077 1626 2116 proferre3
1642 2079 1752 2110 audiat

1050 2123 1154 2162 ipsum
1167 2123 1329 2153 doctorem
1346 2122 1490 2152 nostrum
1514 2122 1547 2151 in
1562 2122 1624 2152 fide
1648 2124 1681 2153 et
1695 2132 1752 2154 ve-

1049 2171 1145 2200 ritate
1159 2170 1338 2208 apostolum
1353 2170 1487 2198 Paulum
1499 2168 1694 2199 scribentem
1710 2169 1749 2200 ad

1049 2215 1367 2253 Thessalonicenses,
1392 2214 1461 2244 haec
1488 2214 1556 2252 ipsa
1581 2213 1750 2246 docentem

1050 2265 1083 2293 et
1097 2261 1353 2300 praecipientem.
1365 2263 1520 2299 Roqamus
1535 2269 1587 2291 vos
1598 2281 1609 2297 ‚
1624 2260 1750 2300 inquit,

1050 2310 1180 2347 fraires,
1193 2310 1225 2337 ut
1241 2307 1398 2337 abundetis
1409 2307 1507 2343 maqis
1522 2307 1550 2335 et
1564 2315 1687 2344 operam
1700 2308 1752 2337 de-

1050 2356 1086 2385 tis
1099 2357 1131 2384 ut
1151 2354 1320 2393 quietisilis
1353 2354 1381 2382 ct
1393 2354 1427 2382 ut
1442 2353 1573 2382 vestrum
1596 2353 1751 2390 ncqolium

1050 2401 1164 2439 afflatis,
1190 2401 1218 2429 ct
1243 2398 1408 2437 operemini
1420 2397 1562 2427 manibus
1574 2398 1696 2434 vestris,
1708 2399 1750 2428 εῖ-

1049 2448 1098 2476 cut
1122 2446 1317 2484 prcccepimus
1333 2443 1416 2474 vobis
1426 2453 1437 2482 3
1453 2445 1479 2473 et
1494 2445 1527 2473 ut
1541 2442 1661 2473 honeste
1682 2452 1752 2473 ama

1051 2491 1155 2521 bulelis
1177 2491 1216 2519 ad
1240 2498 1289 2520 eos
1317 2490 1371 2527 qui
1390 2489 1465 2527 soris
1487 2489 1614 2524 sunt,ct
1638 2488 1750 2518 nulllus

1050 2537 1165 2575 aliquid
1190 2536 1371 2566 desideretis.
1389 2533 1506 2564 Audiat
1527 2532 1677 2563 eumdem
1699 2533 1751 2571 ip·
1799 2544 1802 2545 ⁷

1050 2591 1121 2611 sum
1142 2581 1316 2611 facientem
1332 2589 1403 2618 quae
1425 2578 1570 2609 docebat.
1588 2579 1650 2616 Ipsi
1669 2579 1749 2608 enim

1050 2629 1148 2665 scitis,
1178 2625 1312 2665 inquit,
1336 2624 1586 2664 quemadmodum
1613 2623 1749 2662 oportent
