1830 3073
475 205 530 234 DF,
552 202 760 235 DIVERSIS
783 200 930 230 SERMO
957 202 1091 229 xxiii.

72 257 157 290 tium
197 260 299 299 exigit
331 258 512 290 recordatio
549 257 768 296 peccatorum.

75 307 236 346 Numquid
260 306 269 345 (
285 306 321 336 ut
342 305 437 342 vulgo
463 301 611 342 dicitur)
638 302 679 332 de
706 309 771 330 una

75 352 139 382 tilia
151 353 229 382 ‹luos
244 359 378 390 generos
391 350 533 380 statuisti
550 347 680 379 tacere?

114 398 144 428 8.
158 398 240 434 Quid
258 397 284 426 si
298 396 433 426 tertium
448 395 510 425 tibi
528 394 708 424 debitorem
721 399 772 421 os-

76 442 223 479 tendam,
237 441 293 480 qui
308 449 372 470 non
396 440 505 470 minus
526 438 663 475 acriter,
675 444 772 475 quam

75 487 233 516 veraciter
247 486 391 517 vindicat
411 494 482 515 eam
497 484 578 515 sihi?
591 482 672 513 Puto
687 480 772 519 quod

76 534 108 562 et
123 532 157 562 tu
172 532 335 570 possidere
351 532 515 561 desideras
531 529 696 560 civitatem
707 549 716 565 ,
733 527 772 556 de

75 586 135 616 qua
150 578 280 616 dicitur,
297 579 438 609 Gloriosa
449 576 610 607 dictasunt
621 574 655 603 de
670 575 697 603 te
707 593 716 609 ‚
732 574 774 602 ci-

75 624 150 653 vitas
157 624 216 653 Dei
225 634 236 662 ‚-
251 623 386 662 gloriam
397 623 485 652 illam
493 643 502 658 ,
518 628 615 659 quam
625 627 685 669 nec
695 626 774 648 ocu-

73 668 124 698 lus
135 669 230 706 vidit,
245 677 307 699 nec
322 667 408 698 auris
428 666 573 703 audivit,
589 672 650 694 nec
665 671 700 693 111
719 671 774 693 cor

74 713 215 743 hominis
228 713 375 744 ascendit
384 735 394 751 ,
407 719 544 750 regnum
557 709 703 740 omnium
715 717 774 738 sae-

75 760 236 797 culorum,
259 759 370 788 vivere
386 759 420 788 in
441 758 618 793 aeternum,
648 756 682 785 in
696 763 774 792 per-

74 806 189 843 petuas
220 804 430 835 aeternitates.
458 802 560 833 Credo
583 801 668 840 quod
691 800 773 831 velis

74 858 144 881 esse
162 851 294 888 aequalis
309 849 440 888 Angelis
454 849 516 879 Dei
531 847 566 878 in
584 847 685 884 coelo,
702 854 771 876 esse

76 896 173 926 etiam
184 895 287 926 haeres
295 896 374 933 Dei,
389 895 533 924 cohaeres
541 892 658 922 Christi
669 914 678 930 ,
695 892 728 921 et
740 893 773 921 in

76 940 190 979 plateis
211 949 358 979 supernae
380 940 456 970 Sion
472 939 574 969 melos
589 938 773 976 angelicum

74 987 270 1024 auscultare,
285 988 319 1016 et
333 986 445 1016 videre
457 984 613 1023 quiequid
625 983 708 1013 illud
719 983 772 1020 sit,

76 1041 149 1062 cum
178 1032 320 1062 Christus
344 1030 513 1060 tradiderit
544 1037 679 1067 regnum
707 1028 774 1058 Deo

75 1078 178 1114 Patri,
193 1077 300 1107 eterit
314 1077 400 1106 Deus
420 1075 527 1105 omnia
550 1075 586 1104 in
607 1073 774 1111 omnibus3

75 1124 236 1162 postremo
264 1130 334 1152 esse
361 1121 477 1151 similis
503 1122 570 1150 Deo
581 1142 590 1158 ,
608 1121 640 1150 et
663 1119 775 1149 videre

77 1177 150 1198 eum
166 1167 261 1197 sicuti
276 1168 334 1197 est.
349 1167 414 1201 Nec
429 1165 541 1195 dubito
556 1165 635 1202 quin
653 1165 685 1194 et
700 1172 776 1193 con-

76 1214 222 1250 cupiscas
249 1211 414 1248 suspicere
444 1210 477 1239 et
506 1210 639 1239 umbras
672 1210 776 1239 decli-

75 1258 206 1295 nantes,
223 1257 256 1287 et
277 1256 363 1285 diem
383 1254 620 1292 admirantem,
639 1262 712 1283 cum
735 1254 775 1282 il-

74 1302 198 1332 luxerit
221 1302 277 1331 illa
302 1300 457 1330 solemnis
492 1300 563 1329 dies
575 1313 595 1337 ,·
606 1300 638 1330 et
662 1299 775 1328 nubila

75 1356 182 1378 rerum
192 1347 369 1377 excusserit
380 1355 389 1384 ;
401 1345 599 1384 quandojam
609 1353 672 1374 non
680 1345 775 1374 incli-

73 1394 205 1424 nabitur
220 1394 307 1430 dies,
324 1392 380 1422 scd
399 1391 461 1422 erit
476 1392 596 1422 aeterna
609 1390 773 1429 meridies;

75 1440 203 1478 quando
219 1439 280 1469 erit
294 1437 466 1476 plenitudo
483 1436 620 1467 fervoris
633 1439 664 1466 et
680 1437 773 1474 lucis,

75 1485 150 1515 solis
164 1485 258 1514 statio
272 1506 281 1522 ,
293 1483 505 1514 tenebrarum
526 1482 773 1521 exterminatio,

75 1529 248 1559 desiccatio
258 1529 431 1567 paludum,
447 1528 598 1558 foetorum
615 1528 773 1566 depulsio.

72 1575 186 1605 Nonne
198 1575 238 1605 ad
252 1575 313 1605 hoe
325 1574 498 1604 emendum
510 1574 614 1604 totum
629 1575 675 1612 te,
688 1583 776 1612 quae-

75 1628 213 1658 cumque
224 1643 233 1659 ,
265 1622 299 1651 et
323 1620 552 1657 undecumque
584 1621 775 1650 contrahere

75 1666 216 1704 poteris,
246 1666 322 1696 dare
337 1665 523 1704 oportebit?
544 1666 582 1694 Et
604 1674 678 1695 cum
705 1666 777 1695 uni-

75 1720 167 1742 versa
195 1712 408 1750 compleveris
422 1735 431 1750 ,
453 1719 519 1741 non
546 1711 659 1741 tamen
682 1713 776 1749 putes

75 1766 142 1787 esse
159 1758 331 1794 condignas
346 1758 513 1796 passiones
533 1757 632 1793 hujus
647 1758 775 1795 tempo-

74 1803 119 1832 ris
134 1803 188 1832 vel
213 1803 354 1840 eorporis
381 1803 420 1832 ad
446 1802 590 1832 futuram
619 1802 756 1840 gloriam
767 1826 776 1841 ,

75 1856 147 1886 quae
163 1847 363 1877 revelabitur
378 1848 412 1877 in
426 1848 531 1877 nobis.
544 1847 592 1876 An
607 1847 654 1876 sic
669 1847 777 1886 impu—

76 1892 155 1922 dens
170 1901 203 1923 es
214 1914 222 1930 ,
238 1893 290 1922 vel
314 1893 503 1930 imprudens
515 1914 525 1929 ,
549 1893 587 1922 ut
610 1892 775 1924 minutum

75 1938 180 1975 tuum,
193 1937 277 1976 quod
289 1938 351 1967 sibi
367 1938 433 1968 tam
447 1937 567 1968 Chr1sti
583 1937 663 1976 vita,
678 1948 775 1977 quam

74 1984 200 2022 peccati
228 1984 421 2022 poenitentia
445 1984 595 2016 certatim
625 1986 774 2025 rapiunt,

75 2029 174 2059 etiam
189 2029 298 2059 adhoc
315 2030 573 2068 conquirendum
587 2032 641 2063 vel
655 2033 775 2064 audeas

74 2074 264 2105 numerare?

115 2121 145 2150 9.
162 2120 245 2157 Quid
260 2120 347 2151 dices
358 2143 369 2158 ,
386 2122 412 2151 si
428 2122 460 2152 et
480 2123 632 2160 quartum
648 2122 775 2155 debito-

75 2173 143 2196 rem
153 2166 186 2195 in
195 2166 337 2196 medium
344 2166 521 2205 adduxero,
531 2169 587 2206 qui
601 2169 665 2199 sibi
675 2170 775 2200 etiam

74 2211 145 2249 jure
171 2212 327 2250 primatus
353 2213 403 2243 sui
425 2214 607 2251 superiores
630 2215 695 2245 tres
720 2225 775 2246 ce-

77 2256 153 2286 dere
166 2257 265 2287 velit?
281 2259 361 2288 Ecce
385 2259 421 2288 in
433 2259 542 2296 januis
561 2261 610 2290 est
624 2261 680 2298 qui
697 2261 776 2292 fecit

77 2301 194 2331 coelum
216 2303 248 2331 et
274 2303 413 2332 terram:
431 2304 464 2333 et
484 2304 612 2334 Creator
625 2306 699 2335 tuus
715 2308 774 2345 est,

77 2345 113 2374 tu
128 2348 273 2377 creatura
289 2357 297 2376 ι
314 2349 349 2377 tu
363 2357 492 2386 servus,
514 2349 572 2379 ille
587 2351 748 2381 Dominus
765 2360 773 2380 :

78 2389 134 2420 ille
151 2390 282 2428 figulus,
297 2393 334 2422 tu
345 2393 545 2431 figmentum.
563 2395 679 2425 Totum
701 2404 776 2434 ergo

78 2437 164 2473 quod
181 2445 233 2474 es,
250 2437 298 2466 illi
314 2437 424 2476 debes,
441 2447 459 2469 a
472 2448 534 2478 quo
547 2441 650 2471 totum
662 2442 774 2480 hahes3

78 2480 126 2510 illi
143 2482 306 2520 praecipue
332 2482 469 2514 Domino
482 2507 492 2522 ‚
507 2485 564 2523 qui
579 2486 612 2515 et
626 2486 660 2515 te
685 2486 774 2527 fecit,

78 2526 110 2556 et
127 2526 292 2557 benefecit
304 2528 385 2565 tibi;
401 2530 456 2567 qui
478 2531 538 2560 tibi
557 2531 720 2562 ministrat
734 2534 777 2563 si-

78 2571 191 2602 derum
199 2580 323 2611 cursus,
339 2575 423 2605 aeris
437 2575 642 2614 temperiem,
655 2577 777 2609 foecun-

79 2616 215 2648 ditatem
243 2620 353 2657 terrae,
384 2620 549 2651 fructuum
579 2623 772 2655 ubertatem.

1464 207 1502 235 lali

802 255 886 284 Huic
907 263 1022 285 revera
1041 255 1117 284 totis
1139 255 1306 295 medullis,
1330 258 1401 290 totis
1424 262 1504 291 viri-

803 300 863 329 bus
880 300 1087 330 serviendum
1104 309 1112 330 :
1128 308 1170 330 ne
1202 301 1284 331 forte
1309 303 1504 341 indignatio-

803 344 854 374 n1s
873 345 969 374 oculo
987 345 1020 375 te
1040 346 1215 384 respiciat,
1238 347 1272 377 et
1286 347 1458 389 despiciat,
1473 355 1505 382 ct

804 389 949 419 conterat
964 390 998 420 in
1010 392 1166 421 aeternum
1182 392 1261 421 etIn
1277 395 1428 424 saeculum
1447 406 1505 425 sam

804 434 882 463 culi.
896 434 966 463 Non
982 435 1121 465 arbitror
1142 437 1251 466 autem
1268 438 1355 474 quod
1368 440 1401 468 te
1417 441 1506 470 tanta

804 479 912 517 raptet
947 479 1075 510 insania
1089 502 1099 518 ,
1128 482 1166 512 ut
1194 483 1227 512 et
1259 482 1313 512 hic
1342 484 1505 514 minutum

804 525 896 554 tuum
911 525 1092 565 nominare,
1108 527 1229 558 nedum
1237 537 1408 560 numerare
1424 541 1508 570 pra*-

804 578 922 600 sumas.
939 571 1072 610 Expone
1096 581 1170 612 ergo
1186 573 1290 612 mihi,
1314 576 1367 604 cui
1390 576 1506 607 horum

804 615 942 652 quatuor
955 624 1115 654 proponas
1130 618 1268 648 reddere
1283 620 1369 657 quod
1380 621 1479 652 debes
1497 630 1506 650 ι

805 668 878 689 cum
892 663 1115 700 unusquisque
1124 664 1234 695 tantus
1250 667 1382 696 exactor
1397 667 1457 706 sit,
1470 669 1508 699 ut

804 706 836 736 te
851 707 952 744 possit
964 708 1174 746 singulariter
1187 711 1359 742 suffocare.
1375 714 1431 743 Eia
1446 715 1508 743 Do-

804 751 892 783 mine
905 775 915 791 ,
934 753 1001 783 vim
1016 755 1134 794 patior,
1147 758 1305 796 responde
1318 767 1375 796 pro
1390 768 1454 790 me.
1471 762 1508 791 lu

804 806 917 829 manus
926 801 996 829 tuas
1006 822 1015 838 ,
1032 801 1186 840 Domine,
1199 804 1387 834 commendo
1401 806 1510 836 minu-

804 845 872 874 tum
883 853 991 875 meum
1002 855 1010 875 :
1021 847 1058 876 tu
1072 849 1219 886 persolve
1234 851 1401 890 omnibus,
1418 853 1454 882 tu
1469 853 1509 882 ab

804 890 955 920 omnibus
965 891 1067 921 libera
1077 913 1086 929 ,
1100 894 1175 930 quia
1186 894 1222 924 tu
1236 903 1269 924 es
1284 896 1369 926 Deus
1380 919 1389 934 ‚
1403 898 1509 927 etnon

805 934 898 965 homo
907 944 916 973 3
927 936 960 966 et
968 938 1052 975 quod
1061 938 1244 971 hominibus
1253 941 1451 980 impossibile
1461 945 1510 974 est

805 982 957 1019 possibile
976 984 1108 1014 esttibi.
1124 986 1216 1023 Quod
1229 987 1347 1027 habui,
1362 990 1395 1019 et
1418 989 1481 1020 feci
1499 999 1508 1019 ε

805 1027 954 1065 Domine,
970 1028 1053 1059 habe
1068 1038 1120 1059 me
1133 1033 1322 1063 excusatum
1333 1056 1342 1070 ,
1357 1035 1432 1072 quia
1449 1036 1510 1065 im-

806 1072 984 1108 perfectum
993 1083 1101 1104 meum
1110 1076 1354 1108 videruntoculi
1364 1080 1422 1110 tui.
1432 1082 1511 1118 Quis

807 1125 880 1155 ergo
895 1120 1032 1156 amplius
1046 1122 1209 1160 grunniet,
1225 1123 1335 1154 dicens
1348 1133 1357 1154 ε
1369 1126 1510 1157 Nimium

808 1163 1147 1203 laboramus,nimium
1159 1167 1354 1208 jeJ'unamus,
1370 1172 1510 1202 nimium

807 1208 979 1246 vigilamus
996 1219 1004 1239 ε
1022 1220 1095 1241 cum
1110 1221 1171 1243 nec
1186 1215 1370 1246 millesimae
1383 1239 1392 1254 ,
1410 1217 1509 1246 immo

807 1261 867 1283 nec
890 1255 1034 1286 minimae.
1059 1257 1144 1293 parti
1174 1258 1357 1290 debitorum
1378 1270 1509 1292 suorum

807 1299 913 1329 valeat
942 1302 1160 1339 respondere?
1186 1305 1262 1334 Haee
1289 1307 1338 1336 est
1362 1307 1508 1346 fortasse,

807 1346 943 1384 Fratres,
956 1347 1013 1377 illa
1029 1357 1106 1378 vera
1121 1350 1230 1379 vestra
1245 1351 1509 1392 Quadragesima,

806 1398 869 1420 uon
882 1393 1038 1431 exterior,
1053 1394 1110 1424 sed
1125 1395 1351 1435 interior,quae
1362 1407 1424 1428 non
1441 1408 1510 1430 cor<

807 1436 904 1465 tieem
920 1439 1125 1478 sacramenti,
1141 1440 1197 1469 sed
1212 1441 1340 1479 adipem
1352 1443 1510 1475 frumenti

807 1482 981 1513 contineat.
1009 1483 1041 1513 Si
1058 1485 1146 1515 enim
1164 1486 1342 1525 unicuique
1371 1489 1509 1520 istorum

807 1529 946 1565 quatuor
961 1530 994 1559 et
1014 1539 1072 1568 pro
1088 1540 1142 1569 se,
1171 1533 1205 1562 et
1233 1541 1293 1570 per
1318 1542 1352 1563 se
1381 1543 1510 1565 omnem

807 1574 1195 1614 decalogiperfectionem
1207 1578 1334 1608 debetis
1346 1588 1354 1608 :
1364 1581 1510 1618 profecto

808 1620 921 1650 decem
956 1623 1071 1659 quater
1103 1623 1199 1653 ducta
1231 1625 1511 1663 quadragesimam

808 1668 947 1696 vestram
972 1667 1117 1706 faciunt,
1147 1678 1243 1708 quam
1265 1673 1430 1703 custodire
1454 1683 1512 1704 vos

808 1713 956 1748 oporteat
976 1715 1126 1744 omnibus
1146 1716 1261 1746 diebus
1287 1717 1364 1748 vitae
1379 1719 1510 1750 vestrae.

810 1758 846 1786 Et
861 1757 929 1795 ipse
943 1759 998 1796 qui
1008 1768 1063 1789 vos
1074 1762 1287 1800 congregavit
1301 1763 1334 1792 in
1348 1764 1419 1794 loco
1435 1765 1509 1804 isto,

811 1802 909 1831 vitan:
924 1805 1064 1834 vestram
1081 1809 1252 1837 conservet
1266 1808 1299 1838 in
1311 1817 1409 1846 opere
1419 1818 1512 1841 sanc-

809 1846 841 1875 to
859 1856 867 1876 :
880 1847 918 1876 ut
929 1857 1002 1878 cum
1020 1849 1089 1887 ipse
1105 1853 1292 1889 apparuerit
1307 1854 1376 1884 vita
1391 1856 1511 1895 vestra,

810 1892 842 1923 et
857 1901 913 1925 vos
927 1896 1110 1934 appareatis
1125 1905 1201 1927 eum
1215 1898 1285 1937 ipso
1303 1900 1339 1930 in
1360 1901 1475 1940 gloria.

983 2006 1153 2046 SERMO
1180 2008 1331 2042 XXIII.

962 2073 1003 2097 De
1016 2073 1180 2098 discretione
1191 2074 1355 2105 spirituum.

847 2124 877 2155 1.
899 2125 1078 2155 ilIAcierR
1103 2126 1250 2164 gentium
1271 2127 1389 2158 Paulus
1404 2135 1447 2159 ex
1460 2137 1513 2159 oc-

808 2171 938 2201 casione
961 2171 1065 2209 ipsius
1082 2172 1264 2209 spiritualis
1279 2174 1424 2211 naturae,
1448 2182 1513 2212 qua

809 2216 965 2255 vivimus,
992 2217 1032 2246 ad
1057 2217 1263 2255 spiritualem
1292 2220 1514 2249 conversatio-

807 2271 882 2292 nem
899 2263 1045 2293 excitans
1056 2262 1250 2301 discipulos,
1267 2263 1313 2294 ait
1329 2273 1337 2293 :
1355 2266 1390 2295 Si
1402 2266 1514 2303 spiritu

807 2309 952 2345 vivimus,
965 2309 1075 2347 spz'ritu
1087 2311 1115 2339 et
1129 2309 1332 2340 ambulemus.
1348 2310 1392 2339 Ac
1413 2310 1441 2340 si
1462 2311 1514 2340 di-

808 2354 876 2384 catz
893 2354 926 2383 Si
939 2363 1011 2383 caro
1025 2362 1090 2384 non
1104 2354 1238 2393 prodest
1252 2355 1439 2393 quiequam,
1455 2357 1513 2386 sed

808 2399 941 2437 spiritus
955 2400 1011 2437 {est
1031 2400 1087 2437 qui
1106 2400 1252 2430 viviticat
1274 2401 1396 2439 ipsam3
1419 2410 1513 2439 sepa-

808 2453 878 2474 rare
890 2446 1018 2483 oportet
1028 2446 1208 2484 pretiosum
1223 2446 1322 2485 avili‚
1339 2447 1372 2477 et
1386 2447 1511 2485 dignio-

809 2498 876 2521 rem
892 2500 1086 2530 praeponere
1107 2493 1253 2531 partem,
1271 2492 1310 2522 ut
1333 2493 1511 2522 secundum

809 2536 958 2573 spiritum
991 2537 1213 2576 ambulemus,
1240 2546 1306 2568 non
1330 2536 1509 2567 secundum

809 2589 951 2611 carnem.
968 2581 1014 2611 Ad
1031 2583 1181 2620 spiritum
1205 2583 1293 2613 eniin
1318 2581 1416 2611 (lebet
1439 2581 1512 2611 fieri

810 2627 975 2657 conversio
987 2628 1102 2664 carniS,
1118 2628 1155 2657 ut
1170 2627 1290 2672 serviat
1302 2627 1383 2663 ipsa,
1399 2626 1433 2655 et
1447 2633 1511 2657 non
