1830 3073
446 214 500 241 DE
525 211 738 240 DIVERSIS
762 209 913 237 SERMO
939 209 1128 238 LXXXVI.

97 280 167 302 cam¹
179 295 187 311 ,
203 269 401 306 sensificare,
423 276 548 306 regere.
572 267 634 297 Sed
651 266 720 297 sive
733 273 790 294 au-

96 319 215 348 feratur
229 317 313 354 vita,
338 315 406 346 sive
432 322 544 345 sensus
566 311 788 352 perturbetur,

96 364 136 393 de
150 364 262 394 neutro
281 360 524 390 condemnatur.
541 359 598 389 Sin
626 365 704 388 vero
719 357 791 386 ten·

96 408 190 438 tatori
203 407 287 437 victa
295 405 495 441 succumbit,
509 405 570 435 hoc
586 403 637 434 illi
651 402 692 433 ad
711 409 790 440 pec—

96 454 199 483 catum
225 452 407 490 reputatur.
436 451 564 481 Dicitur
590 449 621 480 ei
646 456 720 486 ergo
747 454 788 477 ne

95 497 285 528 ascendente
298 506 394 535 super
415 504 486 526 eam
516 495 654 535 spiritu,
682 494 788 523 locum

94 551 185 574 suum
213 543 358 581 deserat,
382 543 443 572 hoc
468 541 517 572 est
547 549 588 571 ne
616 538 788 577 ingruente

92 588 272 618 tentatione
287 589 434 618 membra
455 595 511 618 sua
526 594 614 617 arma
635 583 789 622 iniquita-

91 634 133 664 tis
147 635 278 672 peccato
294 634 463 664 exhibeat.

131 679 161 708 2.
178 679 356 708 Notandum
372 678 480 708 autem
499 676 584 714 quod
596 673 738 705 dicitur:
756 674 791 705 Si

92 726 259 754 ascenderit
269 733 358 762 super
370 725 396 753 te
407 724 531 762 spiritus
539 722 718 761 potestatem
731 720 789 750 ha-

93 769 196 799 bentis.
219 769 306 798 Nihil
321 768 442 806 quippe
463 767 616 798 adversus
641 774 700 796 nos
723 773 790 795 ma-

91 814 196 851 lignus
215 814 347 852 spiritus
365 813 493 852 potest,
509 813 575 843 nisi
602 812 718 842 missus
734 810 789 841 aut

89 859 273 897 permissus.
286 859 377 889 Unde
393 867 467 889 cum
487 859 558 897 ejus
578 859 622 889 sit
636 858 788 888 voluntas

90 912 218 942 semper
243 905 326 934 mala
343 913 543 943 :numquam
568 904 711 942 potestas
741 903 789 933 est

90 950 259 988 nisijusta.
289 951 367 980 Nam
383 951 532 981 voluntas
547 950 680 988 quidem
705 949 789 978 mala

90 1005 132 1025 cx
146 996 252 1034 seipso
280 996 342 1026 sibi
364 996 466 1035 inest,
496 996 689 1034 potestatem
712 1003 789 1025 vero

90 1050 153 1071 non
169 1042 298 1072 aliunde
313 1051 410 1081 quam
432 1051 450 1072 a
475 1043 543 1072 Deo
559 1041 670 1071 habet.
686 1041 788 1077 Quam

89 1089 200 1118 tamen
227 1089 424 1127 potestatem
449 1095 578 1126 semper
604 1086 790 1116 moderatur

89 1134 245 1164 Dominus
255 1156 264 1172 ,
276 1143 317 1164 ne
329 1135 456 1164 scilieet
465 1142 504 1164 ex
518 1133 666 1172 nequitia
673 1133 791 1163 volun-

89 1179 166 1209 tatis
182 1180 254 1217 plus
269 1180 396 1218 puniat,
408 1187 505 1218 quam
518 1188 632 1209 eorum
654 1179 791 1216 exigunt

89 1224 205 1254 merita
216 1225 272 1262 qui
293 1225 485 1263 puniuntur.
500 1225 539 1254 Et
557 1225 626 1254 haec
641 1224 681 1254 de
704 1224 790 1253 infe-

89 1269 168 1298 riori
181 1269 251 1300 loco
267 1269 352 1300 dicta
368 1270 444 1300 sint.
462 1270 619 1299 Caeterum
635 1269 675 1299 de
696 1277 790 1307 supe-

90 1314 168 1344 riori
184 1314 243 1344 hoc
258 1314 465 1353 intelligitur,
477 1323 519 1345 ne
538 1315 685 1353 quietem
697 1323 790 1344 men-

90 1360 132 1390 tis
145 1382 154 1398 ,
183 1369 280 1398 quam
314 1362 349 1391 in
382 1362 450 1391 Deo
486 1361 605 1398 habet,
640 1360 788 1390 tentante

92 1406 219 1436 diabolo
243 1407 386 1446 deserat,
413 1407 470 1437 sed
490 1407 715 1445 undecumque
734 1407 789 1436 ille

90 1453 283 1489 tentaverit,
299 1453 368 1491 ipsa
389 1454 424 1483 in
439 1454 506 1483 Deo
521 1453 586 1482 fixa
606 1452 790 1483 constanter

90 1498 124 1527 iu
140 1498 376 1537 tranquillitate
397 1499 598 1537 permaneat.
626 1499 702 1529 Haec
718 1507 790 1537 pos-

92 1545 191 1574 terior
202 1546 363 1576 sententia
383 1546 534 1576 convenit
549 1545 703 1584 perfectis
712 1567 721 1583 ,
733 1546 789 1584 qui

91 1597 164 1619 eum
179 1591 247 1620 Elia
262 1591 372 1622 dicere
397 1592 530 1630 possunt
547 1601 554 1621 :
572 1592 654 1623 Vivit
681 1594 790 1622 Domi-

92 1644 148 1666 nus
163 1638 244 1667 Deus
257 1638 368 1674 Israel,
399 1638 531 1676 incujus
557 1640 717 1676 conspectu
731 1640 788 1669 sto.

91 1682 128 1709 Et
145 1681 225 1711 illud
240 1682 278 1712 de
294 1683 441 1713 Johanne
457 1684 606 1721 Apostolo
617 1705 625 1721 ,
647 1685 721 1722 quia
748 1685 791 1714 εί-

92 1729 141 1756 cue
155 1728 203 1757 ille
217 1729 272 1764 est,
288 1730 315 1758 et
329 1736 386 1758 nos
412 1737 518 1758 sumus
540 1730 571 1758 in
586 1729 641 1758 hoc
663 1730 788 1759 mundo.

91 1772 165 1801 Haec
178 1794 186 1809 ‚
203 1773 334 1811 inquam
347 1794 356 1810 ,
372 1774 532 1803 sententia
547 1774 701 1803 convenit
717 1782 792 1811 per—

93 1817 204 1855 scetis,
231 1818 285 1856 qui
309 1818 376 1855 jam
401 1819 435 1847 in
457 1828 513 1849 sua
539 1819 790 1849 conversatione

92 1862 229 1898 quodam
258 1863 351 1893 modo
372 1863 541 1894 imitantur
555 1865 671 1894 statum
698 1865 791 1894 aeter-

91 1908 211 1938 nitatis.

239 2003 407 2037 SERMO
447 2005 637 2037 LXXXV.

117 2082 182 2111 Sive
194 2083 233 2112 ad
240 2085 393 2120 austrum,
402 2084 461 2114 sive
469 2085 507 2113 ad
514 2084 686 2122 aquilonem
696 2082 791 2112 arbor

92 2129 244 2165 ceciderit,
259 2128 302 2158 ibi
317 2130 385 2159 erit.
400 2129 505 2159 Austri
520 2131 607 2159 calor
626 2129 659 2159 et
673 2129 790 2159 lenitas

92 2174 125 2203 in
141 2183 229 2204 sacra
252 2175 417 2213 Scriptura
435 2175 559 2205 bonam,
569 2176 651 2206 solet
668 2175 789 2204 habere

92 2220 373 2258 significationem:
384 2221 423 2250 ab
432 2221 582 2259 aquilone
590 2229 666 2251 vero
678 2220 791 2259 pandi-

92 2267 143 2295 tur
158 2274 252 2296 omne
274 2267 405 2297 malum.
421 2268 517 2297 Porro
536 2267 684 2296 homines
706 2266 790 2296 sicut

91 2312 221 2341 arbores
234 2311 319 2341 vidit
339 2312 468 2350 aliquis.
489 2312 659 2341 Exciditur
679 2313 788 2341 autem

92 2356 184 2385 arbor
192 2356 225 2385 in
233 2357 352 2386 morte:
364 2357 398 2386 et
407 2364 609 2394 quocumque
619 2356 788 2394 ceciderit,

90 2402 137 2430 ibi
155 2402 237 2432 erit:
253 2402 329 2440 quia
346 2402 391 2430 ibi
406 2402 610 2439 tejudicabit
630 2402 719 2432 Deus
732 2402 788 2432 ubi

93 2447 265 2478 invenerit.
284 2447 344 2484 lbi,
357 2447 488 2485 inquam
498 2469 507 2485 ,
529 2448 592 2478 erit
604 2447 790 2478 immutabi-

91 2493 167 2524 liter
179 2494 211 2524 et
223 2492 515 2523 irretractabiliter.
529 2493 647 2522 Videat
658 2502 719 2531 quo
736 2502 789 2523 ca-

91 2547 164 2570 sura
191 2540 233 2570 sit
261 2538 435 2577 autequam
467 2538 560 2568 cadat
572 2547 579 2567 :
591 2539 668 2577 quia
702 2542 790 2578 post-

92 2593 185 2624 quam
199 2584 366 2623 ceciderit,
375 2592 438 2614 non
446 2584 621 2621 adjicietut
633 2586 789 2623 resurgat,

92 2632 148 2663 sed
170 2640 227 2663 nec
251 2634 284 2663 ut
307 2642 338 2663 se
364 2631 480 2662 vertat.
498 2631 564 2667 Quo
582 2638 657 2660 vero
680 2640 790 2662 casura

1465 208 1520 238 117

823 263 865 293 sit
880 262 974 292 arhor
984 285 993 301 ,
1010 263 1037 292 si
1053 264 1136 294 scire
1161 255 1304 294 volueris
1315 285 1324 300 ,
1336 273 1439 295 ramos
1452 265 1522 303 ejus

823 307 968 338 attende.
994 308 1087 338 Unde
1113 309 1216 347 major
1234 309 1283 339 est
1302 310 1393 347 copia
1418 319 1523 340 ramo-

822 362 895 383 rum
913 353 947 383 et
962 354 1192 392 ponderosior,
1208 353 1284 384 inde
1310 361 1457 383 casuram
1481 362 1521 384 ne

823 398 974 437 dubites,
989 399 1017 429 si
1036 399 1148 429 tamen
1169 399 1271 429 fuerit
1295 398 1374 429 tunc
1400 399 1520 428 excisa.

823 444 917 473 Rami
944 443 1069 482 nostri,
1094 444 1259 475 desideria
1287 443 1396 474 nostra
1423 444 1497 472 sunt
1512 453 1519 471 z

822 489 940 527 quibus
955 490 996 520 ad
1009 490 1164 520 Austrum
1182 489 1402 526 extendImur,
1414 488 1441 518 si
1458 488 1525 526 spi-

823 534 955 564 ritualia
967 535 1107 567 fuerint:
1121 536 1148 566 si
1165 535 1322 574 carnalia,
1338 534 1379 565 ad
1394 533 1526 572 Aquilo-

822 581 995 619 nem.Quae
1008 590 1086 612 vero
1100 581 1367 622 praeponderent,
1380 579 1526 609 medium

823 635 938 665 corpus
963 627 1096 659 indicat.
1113 630 1156 658 Ea
1177 636 1318 667 namque
1332 625 1526 667 praeponde-

823 674 913 712 rant,
933 683 1005 712 quae
1022 683 1133 705 secum
1150 674 1314 706 traxerint
1330 680 1457 711 corpus.
1474 670 1525 700 Sic

824 719 911 748 enim
927 720 975 750 est
990 728 1104 759 corpus
1115 721 1263 752 nostrum
1276 719 1363 750 inter
1373 717 1525 757 spiritum

823 765 875 795 cui
896 767 1021 797 servire
1038 767 1148 806 debet,
1165 767 1198 797 et
1213 766 1350 797 carnalis
1365 762 1527 794 desideria

822 819 895 849 quae
915 812 1062 843 militant
1089 813 1246 843 adversus
1274 811 1435 847 animam,
1457 809 1526 839 sive

823 857 1000 894 potestates
1010 859 1243 897 tenebrarum,
1258 866 1296 889 ac
1316 857 1343 887 si
1364 863 1463 888 vacca
1485 854 1528 884 sit

823 903 909 934 inter
923 906 1087 944 raptorem
1102 906 1135 936 et
1146 905 1308 936 rusticum
1337 901 1524 934 constituta.

823 949 985 990 Quicquid
995 951 1052 982 ille
1064 951 1221 990 minetur,
1247 948 1528 990 quicquidyinteu-

824 995 890 1033 dat,
918 997 945 1026 si
961 1005 1093 1028 vaccam
1118 1006 1184 1027 non
1209 997 1364 1034 duxerit,
1385 995 1528 1025 rusticus

824 1042 914 1072 vicit.
933 1042 984 1073 Sic
999 1044 1296 1082 quantumcumque
1305 1041 1417 1072 saeviat
1433 1040 1528 1069 mali-

823 1089 1223 1128 gnus,quantumcumque
1250 1096 1351 1127 prava
1366 1087 1528 1117 desideria

824 1135 986 1173 crucient3
997 1135 1023 1165 si
1035 1144 1093 1166 vas
1107 1144 1201 1166 suum
1213 1135 1275 1165 sibi
1287 1134 1434 1165 vindicat
1457 1134 1527 1162 ani-

824 1188 892 1218 ma,
902 1181 1021 1211 vicisse
1032 1181 1194 1212 credenda
1206 1182 1255 1212 est
1267 1203 1276 1219 ,
1291 1181 1350 1219 ut,
1367 1179 1527 1219 quemad-

824 1227 956 1257 modum
978 1227 1023 1257 uit
1048 1228 1235 1266 Apostolus,
1253 1228 1324 1257 Νοη
1338 1227 1527 1265 requctpec—

824 1273 927 1302 catum
954 1274 986 1303 in
1012 1275 1115 1303 nostro
1143 1273 1270 1302 mortali
1293 1280 1418 1310 corpore
1435 1281 1445 1300 .·
1468 1270 1537 1300 sed*

824 1317 907 1347 sicut
923 1318 1135 1348 exhibuimus
1163 1317 1310 1348 membra
1334 1316 1443 1346 nostra
1459 1324 1528 1345 ser-

824 1362 894 1392 vire
911 1363 1077 1401 iniquitati
1092 1363 1133 1393 ad
1158 1362 1364 1400 iniquitatem
1380 1383 1389 1399 ,
1406 1361 1453 1391 sic
1469 1369 1527 1390 ex-

824 1407 994 1439 hibeamus
1009 1409 1132 1439 servire
1144 1407 1279 1446 justitiae
1296 1407 1331 1437 in
1344 1406 1527 1439 sanetifica-

824 1454 958 1485 tionem.

966 1544 1134 1578 SERMO
1171 1543 1383 1578 LXXXVI.

865 1622 893 1651 1.
918 1623 1031 1654 Omnia
1055 1623 1151 1661 fecisti
1169 1624 1201 1652 in
1222 1623 1373 1661 pondere,
1400 1623 1427 1650 ct
1443 1629 1527 1649 mm-

823 1676 910 1704 sura,
927 1670 955 1698 ct
970 1677 1110 1698 munero.
1127 1668 1174 1697 Ad
1189 1667 1408 1697 differentiam
1424 1665 1526 1704 ipsius

825 1712 943 1744 divinae
960 1714 1108 1744 essentiae
1133 1714 1258 1744 dictum
1278 1714 1338 1743 est.
1364 1712 1526 1741 ereaturae

826 1759 913 1788 enIm
928 1759 964 1789 in
985 1760 1150 1798 pondere,
1167 1760 1201 1789 et
1226 1766 1379 1789 mensura
1392 1780 1401 1795 ,
1419 1758 1452 1787 et
1467 1765 1527 1786 nu-

825 1812 914 1834 mero
927 1804 1018 1835 factae
1034 1805 1109 1835 sunt
1124 1813 1133 1833 τ
1150 1805 1235 1834 solus
1249 1804 1380 1834 Creator
1397 1803 1448 1833 his
1461 1811 1526 1832 om-

826 1850 921 1880 nibus
943 1851 1046 1880 caret.
1076 1850 1203 1880 Pondus
1232 1851 1266 1880 in
1294 1849 1452 1887 dignitate
1477 1849 1525 1878 rei

826 1896 1061 1927 consideratur.
1084 1898 1120 1926 In
1142 1896 1285 1935 pondere
1315 1896 1414 1934 igitur
1442 1895 1525 1925 facta

826 1944 885 1981 est,
901 1951 972 1981 quae
982 1944 1030 1973 rei
1040 1943 1090 1973 sui
1100 1942 1229 1981 generis
1240 1942 1288 1973 est
1300 1941 1525 1980 comparanda,

825 1990 880 2020 aut
906 1990 1086 2020 secundum
1112 1988 1216 2026 majus
1228 2012 1237 2029 ,
1267 1989 1323 2019 aut
1347 1987 1525 2018 secundum

824 2037 931 2067 minus
943 2059 952 2075 ,
970 2037 1025 2067 aut
1040 2038 1220 2068 secundum
1245 2035 1381 2074 aequale.
1398 2034 1527 2064 Pondus

825 2083 935 2122 habet,
951 2094 1022 2123 quae
1037 2084 1150 2123 quanti
1165 2083 1274 2113 valeat
1288 2081 1451 2112 ,aestimari
1467 2089 1526 2119 po-

825 2129 897 2159 test.
915 2131 1063 2160 Mensura
1078 2137 1156 2159 vero
1179 2129 1213 2158 in
1229 2129 1299 2158 loco
1322 2128 1356 2157 et
1378 2127 1526 2165 tempore
1572 2163 1575 2165 ‚

824 2176 1059 2207 consideratur.
1073 2176 1166 2214 Quod
1180 2175 1208 2206 si
1223 2175 1332 2205 locum
1355 2174 1459 2204 solum
1474 2181 1526 2203 ac-

824 2221 962 2259 cipimus
1000 2221 1220 2260 corporalem,
1260 2221 1525 2258 incorporeorum

823 2276 972 2297 mensura
988 2268 1022 2297 in
1036 2269 1181 2306 tempore
1195 2267 1268 2305 erit,
1280 2267 1386 2297 etnon
1400 2265 1525 2295 inloco.

823 2313 932 2351 Neque
956 2314 1045 2344 enim
1061 2314 1169 2344 anima
1189 2314 1223 2343 iu
1247 2314 1317 2342 loco
1332 2311 1524 2351 potestesse

824 2366 1071 2397 corporeo3uec
1087 2366 1214 2396 corpus,
1230 2357 1269 2387 de
1283 2365 1345 2395 quo
1361 2356 1462 2394 magis
1474 2356 1525 2385 vi-

824 2403 929 2442 detur,
946 2405 1036 2434 locus
1051 2405 1167 2435 animae
1175 2404 1235 2434 est.
1252 2402 1416 2441 Quomodo
1433 2401 1523 2431 enim

824 2458 958 2488 corpore
974 2450 1149 2487 clauditur,
1166 2459 1237 2488 quae
1254 2450 1300 2480 sic
1319 2449 1452 2486 vegetat
1463 2456 1524 2476 ex-

824 2496 943 2526 teriora
957 2519 965 2535 ,
994 2497 1080 2526 sicut
1095 2497 1263 2527 interiora.
1284 2495 1337 2524 Sic
1361 2494 1455 2523 estin
1472 2501 1523 2522 su-

824 2542 956 2580 perficie
981 2542 1063 2572 cutis
1076 2565 1084 2579 ,
1096 2543 1178 2572 sicut
1207 2543 1239 2571 in
1270 2539 1447 2570 visceribus
1474 2538 1524 2567 in-

824 2587 924 2618 tim1s.

865 2633 893 2662 2.
909 2633 971 2664 Sed
985 2641 1026 2664 cx
1038 2631 1332 2663 affcctionocarnali
1348 2630 1377 2659 et
1393 2637 1525 2659 censue-
