1846 3078
566 232 613 259 IN
635 229 839 259 CANTICA
859 230 1011 259 SERMO
1032 232 1174 261 LXXII.

155 284 289 324 spiritus
300 284 352 316 die
368 283 441 323 illo,
462 292 535 315 cum
550 293 615 315 non
638 285 740 315 solum
757 284 853 316 corda

155 331 212 361 sed
241 333 274 362 et
298 339 430 369 corpora
453 339 513 360 suo
537 331 669 369 quidem
686 331 718 360 in
734 339 852 368 genere

153 376 336 415 spiritualia
349 375 444 406 erunt
454 385 462 413 ;
471 376 503 406 et
512 377 566 414 qui
580 377 670 413 digni
682 376 854 406 invenien-

152 423 223 460 tur,
240 421 488 451 inebriabuntur
503 422 542 450 ab
566 422 714 451 ubertate
741 421 853 451 domus

152 466 301 503 Domini,
325 467 358 496 et
384 467 527 498 torrente
554 467 730 505 voluptatis
763 467 852 497 illius

152 513 362 551 potabuntur.

199 558 228 587 7.
255 559 314 587 Vel
342 559 449 588 aliter.
481 559 552 587 Jam
578 558 697 588 sanctis
725 558 854 595 Angelis

151 603 222 633 dies
248 604 467 634 sanctificatus
495 604 623 641 illuxit,
640 604 763 642 spirans
789 604 853 633 illis

147 647 219 686 jugi
236 648 359 686 impetu
382 649 525 687 perpetis
549 650 675 679 meatus
696 649 851 678 melliflua

149 694 356 732 sempiternae
369 694 550 724 divinitatis
565 702 694 724 arcana.
705 694 852 732 Denique

147 739 283 776 fluminis
307 741 435 778 impetus
450 740 582 777 loelificat
609 741 759 770 civilatem
775 741 851 777 Dei,-

148 784 206 814 sed
222 785 406 822 civitatem,
420 785 606 814 cuidicitur
621 793 629 813 :
647 785 732 815 sicut
746 785 853 814 lffltan-

149 831 226 860 tium
250 832 387 860 omnium
411 830 559 859 habitatio
581 831 624 860 est
651 831 682 859 in
706 832 744 859 te.
774 830 851 859 Cum

149 875 257 905 autem
268 876 300 905 et
314 875 406 905 nobis
418 875 475 913 qui
484 875 603 904 terram
612 874 851 912 inhabitamus,

148 920 270 958 spirare
278 920 520 958 adjecerit,e1·it
532 929 595 950 non
608 921 702 950 modo
714 921 851 959 spirans,

147 964 202 995 sed
218 965 250 995 et
264 966 443 1003 adspirans,
462 965 545 1003 quod
558 965 691 995 dilatato
706 965 779 994 sinu
795 965 852 994 ad—

148 1010 255 1040 mittat
270 1012 303 1040 et
325 1019 393 1040 nos.
410 1012 471 1040 Vel
492 1009 548 1050 (ut
562 1011 659 1049 paulo
685 1011 782 1040 altius
799 1020 852 1040 re-

145 1055 311 1093 petamus,
338 1056 370 1085 et
395 1055 590 1085 disseramus
619 1054 735 1094 latius)
762 1056 849 1093 plas-

145 1101 231 1130 mato
246 1100 376 1130 homine
393 1100 522 1130 delimo
538 1101 644 1137 terrae,
662 1101 847 1139 plasmator,

145 1145 230 1175 sicut
257 1153 359 1174 verax
379 1146 489 1175 narrat·
512 1145 665 1182 historia,
692 1147 850 1184 inspirarit

144 1191 176 1220 in
192 1191 302 1228 faciem
324 1191 388 1228 ejus
412 1191 602 1229 spiraculum
630 1192 718 1228 vitoe,
748 1191 849 1221 factus

144 1236 279 1273 proinde
292 1235 338 1265 illi
356 1236 425 1265 dies
447 1235 610 1273 inspirans
626 1244 634 1264 :
651 1236 685 1266 et
700 1244 775 1266 ecce
796 1237 846 1265 in-

142 1281 219 1310 vida
234 1290 299 1311 nox
314 1281 429 1311 callide
443 1281 578 1319 impegit
592 1282 626 1311 in
643 1282 729 1312 diem
745 1282 847 1320 hanc,

143 1325 217 1355 luce
239 1326 353 1363 utique
377 1326 538 1356 simulata.
558 1326 637 1355 Nam
653 1327 728 1356 dum
755 1327 846 1365 quasi

143 1372 345 1409 splendidius
360 1372 470 1400 lumen
485 1371 631 1400 scientiae
653 1373 846 1409 pollicetur,

144 1417 322 1455 inopinatas
336 1425 429 1446 novae
440 1416 506 1446 luci
523 1417 739 1456 offuditpravi
754 1419 849 1448 tene-

144 1462 217 1492 bras
231 1463 375 1501 consilii,
390 1464 423 1494 et
432 1463 618 1501 primordiis
630 1463 761 1500 originis
773 1472 847 1493 nos-

142 1510 201 1538 trae
234 1509 351 1538 tetram
378 1509 538 1538 damnosae
569 1510 846 1546 praevaricationis

142 1553 273 1584 invexit
285 1555 469 1592 caliginem.
486 1556 540 1584 Vae
553 1563 619 1593 vae,
639 1555 844 1594 nescierunt,

142 1608 248 1637 neque
260 1600 515 1637 intellexerunt,
528 1600 561 1629 in
574 1601 718 1630 tenebris
730 1602 846 1631 ambu-

141 1645 208 1674 lant
233 1645 432 1683 nescientes,
449 1647 606 1683 ponentes
624 1646 773 1676 tenebras
796 1649 846 1677 lu-

142 1698 230 1726 cem,
243 1691 275 1719 et
288 1691 394 1720 lucem
407 1691 569 1720 tenebras.
583 1691 730 1729 Denique
741 1700 846 1722 come—

141 1735 188 1764 dit
205 1735 244 1764 de
259 1735 344 1773 ligno
370 1736 508 1772 mulier,
524 1736 609 1773 quod
628 1736 689 1765 sibi
712 1737 845 1768 dederat

140 1789 290 1818 serpens,
308 1782 458 1811 vetuerat
480 1782 586 1811 Deus:
604 1782 758 1820 deditque
776 1783 844 1813 vlro

140 1834 213 1863 suo,
228 1826 260 1855 et
273 1826 371 1864 coepit
383 1826 448 1855 illis
460 1827 552 1864 quasi
569 1827 608 1856 de
625 1835 709 1856 novo
720 1828 845 1859 diesce-

140 1872 367 1901 1·e.Namilli‹·o
377 1873 843 1913 apertisuntoculiamborum,

140 1917 173 1946 et
195 1917 297 1947 factus
309 1918 357 1947 est
370 1918 438 1947 dies
461 1918 667 1958 conspirans,
683 1919 843 1956 inspiran-

137 1964 204 1993 tem
217 1963 416 2000 extundens,
425 1963 666 1993 etsubstituens
677 1965 845 2002 exspiran—

140 2009 500 2046 tem.Conspiraverunt
510 2009 669 2046 siquidem
685 2010 842 2041 etconve-

138 2054 300 2083 ueruntin
317 2062 416 2082 unum
429 2054 583 2083 adversus
599 2054 793 2094 Dominum,
811 2058 842 2086 et

137 2099 289 2129 adversus
311 2099 473 2128 Christum
500 2098 588 2136 ejiis,
606 2100 766 2137 serpentis
792 2110 842 2131 as-

137 2144 218 2174 tutia
229 2144 393 2181 ,mulieriS
403 2143 568 2173 blanditiae
578 2166 587 2181 ,
597 2145 660 2174 viri
674 2146 839 2176 mollities.

135 2190 227 2220 Unde
244 2190 275 2219 et
292 2190 508 2227 loquebantur
531 2190 662 2227 mutuo,
684 2191 840 2221 Dominus

136 2235 263 2265 scilicet
286 2235 319 2264 et
343 2234 487 2264 Christus
513 2235 608 2272 ejus:
632 2237 710 2266 Ecce
736 2237 837 2267 Adam

137 2282 236 2319 factus
255 2282 297 2310 est
323 2282 412 2318 quasi
429 2290 509 2311 unus
525 2291 564 2311 cx
579 2281 666 2312 nobis
675 2303 684 2318 ,
701 2283 786 2320 quod
802 2284 839 2312 ad

137 2325 306 2363 utriusque
331 2325 483 2360 injuriam
498 2326 693 2357 lactantibus
711 2336 745 2358 se
760 2337 839 2366 pec-

138 2371 297 2401 catoribus
312 2370 540 2408 acquievisset.

176 2417 208 2447 8.
241 2417 278 2445 In
307 2416 367 2445 hac
395 2415 448 2445 die
477 2416 641 2447 nascimur
680 2418 838 2448 universi.

137 2461 302 2492 Portamus
337 2461 477 2499 denique
513 2470 623 2491 omnes
648 2461 839 2501 impressum

137 2506 229 2537 nobis
264 2507 445 2536 cauterium
486 2507 732 2545 conspirationis
756 2510 840 2539 anti-

137 2561 226 2591 quae,
255 2553 320 2582 Eva
360 2552 476 2590 utique
506 2552 639 2582 vivente
670 2553 705 2582 in
742 2562 837 2585 carne

137 2599 262 2637 nostra,
279 2598 372 2635 cujus
386 2607 445 2637 per
460 2598 699 2628 haereditariam
719 2607 838 2630 concu-

136 2643 332 2683 piscentiam
358 2652 490 2683 serpens
514 2644 658 2674 nostrum
686 2652 751 2675 suae
773 2644 839 2675 sac-

888 284 968 316 tioni
985 286 1096 316 sedula
1115 286 1231 325 satagit
1245 287 1460 324 sollicitudine
1474 293 1582 325 vindi-

888 339 961 361 care
979 340 1180 363 eonsensum.
1209 334 1381 371 Propterea
1405 337 1460 376 (ut
1488 339 1579 379 dixi)

887 378 964 407 huic
989 378 1054 408 diei
1070 379 1271 408 maledixere
1297 381 1422 419 Sancti,
1446 384 1582 415 brevem

888 425 1035 462 optantes
1044 425 1094 460 ,et
1106 425 1169 455 cito
1180 426 1264 455 verti
1280 426 1314 455 in
1322 427 1470 457 tenebras
1480 450 1488 466 ,
1498 431 1584 467 quod

888 470 929 500 sit
944 471 1161 500 contentionis
1176 470 1210 501 et
1224 471 1485 501 contradictionis
1496 474 1582 512 dies,

888 515 963 544 dum
982 524 1044 545 non
1059 516 1162 546 cesset
1174 516 1207 545 in
1223 524 1260 545 ea
1272 524 1344 546 caro
1357 517 1585 553 concupiscere

887 561 1042 592 adversus
1088 562 1238 599 spiritum
1249 583 1258 600 ,
1298 562 1427 599 legique
1467 562 1587 592 mentis

887 607 1106 636 membrorum
1129 608 1287 638 contraria
1321 608 1377 637 lex
1404 607 1583 636 rebellione

888 649 1080 688 infatigabili
1096 651 1221 680 assidue
1245 651 1454 681 contradicat.
1473 651 1586 688 Itaque

887 693 956 723 dies
976 695 1143 732 exspirans
1159 695 1261 725 factus
1273 697 1332 725 est.
1351 696 1480 725 Extunc
1497 694 1587 724 enim

887 739 919 768 et
944 738 1118 776 deincepS,
1132 740 1204 777 quis
1220 741 1267 769 est
1281 740 1376 770 homo
1397 739 1452 777 qui
1474 738 1587 775 vivet,

887 782 918 811 ct
932 790 996 811 non
1021 782 1147 811 videbit
1174 783 1331 813 mortem?
1355 783 1449 812 Dicat
1463 791 1520 820 pro
1536 782 1585 812 ira

885 825 957 863 quis
973 834 981 854 z
999 834 1056 863 ego
1076 834 1139 855 non
1162 827 1269 856 minus
1294 835 1352 865 pro
1368 826 1589 856 misericordia

886 872 1008 910 putem,
1022 880 1062 901 ne
1076 872 1196 902 electos
1209 873 1344 910 scilicet,
1356 873 1490 911 propter
1505 879 1585 910 quos

885 917 991 946 omnia
1007 917 1105 956 fiunt,
1122 917 1178 947 diu
1193 917 1349 956 defatiget
1362 917 1495 947 molesta
1513 925 1588 946 con-

886 963 1050 1001 tradictiO,
1067 971 1129 1001 qua
1150 963 1271 1001 captivi
1286 964 1448 994 ducuntur
1469 963 1502 992 et.
1523 962 1584 1000 ipsi

885 1008 918 1036 in
934 1008 1004 1046 lege
1017 1009 1153 1047 peccati,
1169 1019 1241 1048 quae
1257 1010 1306 1041 est
1320 1010 1353 1039 in
1366 1009 1520 1039 memhris
1536 1009 1587 1047 ip-

885 1061 1002 1082 sorum.
1020 1055 1158 1084 Horrent
1170 1055 1335 1093 nimirum,
1352 1055 1584 1093 aegerrimeque

886 1098 993 1128 serunt
1009 1101 1137 1138 turpem
1153 1101 1395 1140 captivitatem,
1412 1102 1445 1131 et
1456 1099 1583 1131 tristem

884 1145 1138 1176 contentionem.

922 1190 954 1219 9.
981 1192 1187 1221 Festinemus
1213 1191 1349 1230 proinde
1380 1190 1539 1230 respirare
1564 1199 1584 1221 a.

883 1237 1122 1275 conspiratione
1151 1239 1283 1276 antiqua
1310 1238 1343 1268 et
1358 1238 1488 1276 iniqua,
1502 1245 1584 1274 quo-

883 1281 968 1310 niam
986 1281 1101 1311 breves
1129 1283 1199 1312 dies
1229 1282 1369 1312 hominis
1397 1281 1483 1312 sunt.
1502 1281 1581 1310 Ante

882 1333 958 1355 sane
975 1326 1118 1364 excipiat
1133 1335 1189 1356 nos
1205 1327 1273 1356 dies
1291 1327 1470 1364 respirans,
1487 1333 1582 1363 quam

883 1378 946 1399 nox
967 1370 1130 1408 suspirans
1148 1371 1337 1408 absorbeat,
1353 1372 1482 1400 aeternae
1503 1369 1584 1399 cali-

881 1417 1116 1453 ginistenebris
1129 1417 1347 1446 exterioribus
1356 1415 1580 1445 involvendos.

880 1462 1002 1498 Quaeris
1015 1462 1049 1491 in
1067 1470 1129 1500 quo
1143 1462 1315 1500 respiratio
1331 1460 1411 1491 ista?
1425 1462 1462 1490 In
1482 1469 1538 1499 eo,
1554 1461 1582 1490 si

883 1507 1016 1545 incipiat
1031 1508 1163 1545 spiritus
1186 1507 1329 1537 vicissim
1353 1506 1581 1544 concupiscere

880 1551 1036 1583 adversus
1071 1562 1212 1583 carnem.
1238 1553 1321 1583 Huic
1347 1552 1374 1582 si
1401 1559 1581 1590 repugnas,

881 1598 1078 1636 respiras:si
1093 1599 1210 1637 spiritu
1233 1599 1315 1628 facta
1338 1598 1443 1628 earnis
1468 1598 1582 1627 morti-

880 1643 972 1681 ficas,
988 1645 1154 1681 respirasti
1168 1653 1176 1673 :
1193 1645 1220 1674 si
1247 1645 1328 1673 hanc
1354 1652 1427 1673 cum
1441 1643 1532 1673 vitiis
1548 1643 1582 1673 et

880 1689 1224 1727 concupiscentiissuis
1234 1688 1410 1726 crucifigis,
1424 1688 1581 1726 respiras-

879 1733 915 1763 ti.
940 1735 1078 1773 Castiqo,
1094 1735 1221 1773 inquit,
1237 1744 1346 1772 corpus
1360 1743 1479 1770 meum,
1504 1735 1532 1763 et
1547 1734 1580 1763 in

877 1781 1050 1810 servitutem
1061 1782 1180 1818 recliqo,
1193 1789 1230 1810 ‘ne
1244 1781 1321 1818 forte
1335 1789 1403 1809 cum
1419 1780 1487 1809 aliis
1494 1788 1578 1817 proe-

878 1827 1038 1856 dicaverint
1054 1827 1115 1864 ipse
1130 1826 1276 1864 reprobus
1296 1826 1423 1863 efficiar.
1444 1825 1515 1854 Vox
1530 1825 1580 1855 est

879 1872 1086 1910 respirantis,
1102 1872 1202 1901 immo
1223 1871 1278 1909 qui
1300 1871 1368 1908 Jam
1392 1870 1577 1908 respirarat.

880 1919 964 1947 Vade
973 1938 983 1954 ,
999 1919 1027 1947 et
1039 1918 1130 1955 tusae
1140 1918 1296 1953 simililer,
1308 1917 1344 1946 ut
1355 1916 1387 1945 te
1402 1916 1579 1953 respirasse

878 1963 1010 2001 probes,
1023 1964 1060 1993 ut
1076 1963 1163 1993 diem
1177 1963 1281 1992 denuo
1294 1962 1504 2000 inspirantem
1517 1962 1579 1992 tibi

877 2008 1005 2039 noveris
1023 2008 1185 2039 illuxisse.
1200 2009 1263 2038 Nec
1284 2016 1349 2037 nox
1370 2007 1481 2037 mortis
1495 2016 1579 2045 prae-

877 2055 997 2084 valebit
1012 2055 1165 2084 adversus
1177 2054 1361 2084 redivivum
1372 2054 1460 2083 hunc
1475 2053 1580 2083 diem:

876 2100 975 2137 magis
990 2100 1098 2130 autem
1109 2100 1143 2130 in
1158 2100 1304 2130 tenebris
1316 2099 1422 2136 lucet,
1440 2099 1474 2129 et
1488 2099 1579 2129 tene-

875 2146 940 2175 brae
975 2154 1050 2175 eum
1088 2155 1153 2176 non
1181 2144 1509 2184 comprehenderunt.
1540 2145 1578 2174 In

876 2192 999 2221 tantum
1026 2200 1090 2221 non
1119 2200 1193 2221 reor
1219 2200 1279 2221 nec
1305 2190 1372 2221 vita
1398 2190 1577 2220 decedente

875 2238 990 2267 cedere
1003 2238 1112 2266 lumen
1122 2237 1211 2275 vitae,
1220 2238 1256 2267 ut
1268 2235 1391 2266 nemini
1404 2243 1579 2272 congruen-

874 2283 938 2313 tius
953 2292 1048 2321 quam
1062 2283 1107 2312 sic
1119 2284 1245 2312 mortuo
1261 2281 1483 2320 assignandam
1501 2289 1577 2311 cen-

874 2337 960 2359 seam
984 2337 1096 2359 vocem
1118 2329 1207 2358 illam
1223 2337 1231 2357 ε
1248 2329 1288 2358 Et
1303 2337 1367 2357 nox
1390 2327 1575 2357 illuminatio

873 2383 942 2404 mea
950 2375 980 2404 in
988 2375 1099 2404 deliciis
1108 2372 1443 2411 meisQuidniclarius
1452 2370 1574 2408 videat,

873 2419 972 2458 nube,
982 2420 1149 2458 velpotius
1159 2420 1237 2450 faece
1254 2419 1393 2456 corporis
1409 2415 1575 2447 evolutus?

874 2465 1017 2495 Eritsine
1027 2465 1126 2495 dubio
1134 2464 1274 2495 vinculis
1282 2463 1403 2493 solutus
1411 2460 1572 2499 corporeis

874 2509 958 2539 inter
973 2510 1115 2539 mortuos
1130 2509 1232 2546 liber,
1245 2508 1277 2537 et
1296 2507 1380 2535 inter
1401 2512 1499 2534 caecos
1520 2503 1572 2533 vi-

873 2555 961 2584 dens.
984 2555 1063 2583 Nam
1078 2551 1348 2592 quemadmodum
1364 2549 1459 2586 olim,
1480 2548 1572 2578 omni

873 2600 964 2630 oculo
987 2600 1145 2638 caligante
1166 2605 1224 2637 per
1248 2596 1432 2626 universam
1459 2594 1575 2632 AEgyp-

873 2645 1056 2683 tum,solus
1080 2643 1111 2673 in
1137 2642 1252 2672 mediis
1269 2639 1413 2670 tenebris
1423 2639 1510 2670 clare
1524 2639 1575 2671 vi-
