1846 3078
292 219 352 249 306

756 225 786 251 S.
806 223 1048 252 BERNARDI
1069 224 1263 252 ABBATJS

291 274 442 306 Ecclesiae
464 274 541 306 Iesu
570 275 687 307 Christi
714 276 843 307 Domini
870 275 992 314 nostri,
1026 276 1156 306 virtutis
1169 276 1246 308 tuae.
1261 276 1324 308 Sed
1349 277 1501 316 consutile,
1518 278 1724 319 inquit,qm'a

290 321 348 359 qui
373 321 424 351 est
451 330 549 361 super
570 323 678 353 omnia
692 323 778 354 Deus
800 322 992 353 benedictus

290 364 326 396 in
338 366 455 399 saecula
464 388 474 406 ‚
489 375 595 398 amen.

446 484 618 518 SERMO
648 481 833 516 XLVIII.

287 555 330 583 De
339 557 423 581 laude
437 558 577 587 reciproca
586 573 593 585 ,
607 562 673 585 quae
686 555 717 578 fit
730 554 805 577 inter
817 560 950 584 sponsum
963 555 990 578 et

317 599 444 623 sponsam
458 600 463 616 :
476 595 502 615 et
521 592 643 621 qualiter
661 597 710 620 per
730 590 866 613 umbram
885 590 990 615 Christi

317 628 496 658 intelligatur
509 633 608 656 corpus
621 628 647 650 et
662 626 730 649 fides
741 625 809 656 ejus.

328 685 359 714 1.
375 686 459 714 Sicut
479 685 576 713 lilium
598 684 679 712 inter
692 684 815 721 spinas,
831 683 874 714 sic
887 684 989 715 amica

287 739 356 760 mea
370 731 449 760 inter
458 730 548 766 filias.
560 729 627 758 Non
635 729 808 759 honaefiliae
823 738 894 767 quae
905 738 990 768 pun-

287 774 378 812 gunt.
404 775 541 804 Attende
563 774 738 812 pessimum
751 782 883 812 germen
899 774 989 812 ejus,

287 821 340 850 cui
356 820 563 850 maledictum
573 821 620 850 est
630 842 639 857 ,
651 820 746 850 terrae
755 820 883 850 nostrae.
898 822 988 857 Cum,

287 865 409 903 inquit,
434 867 562 896 coluera's
587 875 676 902 cam,
691 867 796 904 spinas
821 868 849 896 et
864 866 990 897 tribulos

286 911 469 948 yet-minabit
484 912 549 941 tibi.
562 912 674 942 Donec
697 919 773 950 ergo
786 911 819 940 in
834 920 928 942 carne
940 912 989 942 est

286 956 411 994 anima,
427 956 515 986 inter
538 957 648 995 spinas
662 957 807 994 profecto
822 957 988 995 versatur3

286 1002 319 1030 et
333 1010 465 1032 necesse
482 1001 530 1032 est
545 1003 582 1032 ut
592 1003 735 1040 patiatur
746 1002 989 1040 inquietudines

285 1047 500 1077 tentationum
510 1048 839 1086 ,tribulationumque
849 1049 987 1078 aculeos.

284 1090 374 1127 Quod
389 1092 415 1121 si
431 1092 537 1122 lilium
549 1093 598 1122 est
612 1093 680 1131 ipsa
691 1091 784 1129 juxta
799 1093 906 1131 sponsi
917 1101 990 1123 ver-

285 1137 361 1166 bum
372 1159 381 1174 ,
390 1138 603 1176 videatquam
610 1138 745 1176 vigilem
754 1138 989 1177 sollicitamque

285 1190 353 1212 esse
369 1184 516 1221 oporteat
533 1192 631 1222 super
648 1184 794 1213 custodia
815 1185 886 1222 sui,
898 1186 989 1223 septa

284 1229 427 1268 undique
449 1230 569 1268 spinis,
591 1229 666 1259 hinc
688 1230 766 1259 inde
790 1230 920 1259 aculeos
938 1231 990 1260 in-

284 1275 506 1306 tendentibus.
532 1276 598 1305 Nec
612 1276 700 1305 enim
718 1276 772 1305 vel
790 1276 990 1306 levissimam

284 1322 385 1358 spinae
410 1322 550 1352 sustinet
582 1322 746 1351 ullatenus
777 1323 989 1360 punctionem

283 1367 371 1397 floris
395 1367 601 1407 teneritudo,
627 1368 684 1397 sed
699 1376 776 1396 mox
801 1368 838 1397 ut·
863 1368 989 1397 modice

283 1412 461 1451 premitur,
477 1413 670 1451 perforatur.
688 1413 794 1442 Sentis
809 1421 907 1451 quam
922 1422 989 1443 me-

283 1459 346 1488 rito
354 1458 598 1496 necessarieque
606 1459 753 1487 hortetur
762 1466 818 1488 nos
830 1459 989 1496 Propheta

284 1504 408 1534 servire
424 1504 560 1533 Domino
576 1504 610 1533 in
618 1505 755 1541 timore3
769 1504 890 1534 etitem
905 1505 990 1542 Apo-

284 1550 403 1586 stolus,
421 1557 495 1579 cum
512 1549 627 1579 timore
649 1549 863 1579 nihilominus
879 1551 911 1580 et
924 1551 989 1579 tre-

283 1603 373 1626 more
388 1595 679 1633 nostramipsorum
688 1595 816 1635 operari
833 1595 990 1625 salutem?

283 1640 611 1677 Tenebantnimirum
620 1640 750 1678 proprio
763 1641 988 1677 experimento

284 1686 380 1722 hujus
389 1685 560 1715 sententiae
568 1685 740 1714 veritatem
751 1706 760 1721 ,
771 1685 883 1722 utpote
893 1686 989 1715 amici

284 1731 412 1769 sponsi,
425 1731 480 1768 qui
489 1730 624 1759 minime
635 1738 765 1768 prorsus
773 1730 988 1768 ambigerent,

285 1778 319 1806 et
333 1777 373 1807 ad
387 1785 460 1806 suas
474 1777 597 1805 animas
621 1775 786 1813 pertinere
803 1776 888 1814 quod
911 1776 990 1806 dici-

284 1822 338 1851 tur
353 1830 360 1851 :
377 1823 461 1852 Sicut
478 1822 576 1851 lilium
603 1821 683 1850 inter
696 1821 816 1858 spinas,
832 1822 874 1850 sic
889 1822 990 1851 amica

283 1876 353 1897 mea
365 1869 443 1897 inter
466 1867 556 1904 filius.
580 1865 728 1903 Denique
753 1873 838 1895 unus
859 1874 987 1896 eorum:

285 1914 453 1943 Com-ersus
463 1920 544 1948 sum,
556 1911 602 1940 ait
611 1933 620 1948 ,
629 1912 660 1940 in
673 1919 813 1940 oerumna
826 1920 904 1947 mea,
917 1913 990 1942 dum

285 1960 444 1997 confluitur
453 1959 553 1995 spina.
572 1958 659 1987 Bene
672 1956 816 1986 confixus
825 1978 834 1994 ,
846 1957 902 1995 qui
916 1965 990 1987 con-

285 2012 399 2033 versus
422 2004 543 2033 exinde
571 2004 631 2033 est.
661 2003 748 2033 Bene
775 2002 945 2040 pungeris,
962 2003 988 2033 si

285 2050 523 2087 compungeris.
549 2048 641 2078 Multi
661 2056 735 2077 cum
756 2048 902 2077 sentiunt
923 2056 990 2085 poe-

285 2104 359 2124 nam
371 2117 379 2132 ,
397 2095 558 2133 corrIgunt
574 2095 721 2133 culpam3
744 2095 776 2123 et
791 2094 864 2123 talis
880 2093 989 2124 dicere

284 2142 392 2179 potest
408 2149 415 2169 :
434 2143 602 2172 Conversus
612 2150 679 2171 sum
703 2142 735 2170 in
747 2149 887 2170 oerumna
904 2149 988 2177 mea,

286 2188 359 2216 dum
383 2187 541 2225 confiqc'lur
561 2188 661 2226 spina.
684 2186 783 2225 Spina
808 2186 903 2224 culpa
919 2186 988 2224 est,

287 2231 381 2269 spina
408 2240 504 2269 poena
528 2233 594 2269 est,
616 2230 709 2270 spina
736 2231 835 2262 falsus
870 2230 989 2269 frater,

287 2276 380 2314 spina
395 2276 522 2305 vicinus
547 2277 594 2306 est
610 2277 727 2307 malus.

329 2321 361 2351 2.
388 2323 471 2351 Sicut
486 2322 674 2352 liliuminter
690 2323 812 2361 spinas,
832 2323 873 2352 sic
888 2323 990 2352 amica

286 2375 358 2397 mea
368 2368 447 2396 inter
454 2366 543 2403 filias.
554 2367 577 2395 Ο
587 2367 858 2398 candenslilium!
871 2368 991 2397 otener

289 2412 323 2442 et
338 2411 478 2442 delicate
492 2411 569 2441 flos!
597 2411 756 2443 increduli
769 2414 803 2443 et
818 2413 990 2443 subverso-

287 2466 342 2488 res
364 2458 441 2488 sunt
459 2457 592 2487 tecum:
608 2457 683 2488 vide
707 2459 866 2496 quomodo
896 2460 989 2490 caute

288 2504 434 2535 ambules
455 2503 542 2534 inter
561 2502 679 2541 spinas.
699 2504 818 2534 Plenus
833 2505 881 2534 est
896 2513 991 2535 mun-

290 2550 351 2581 dus
365 2549 466 2588 spinis
480 2557 489 2579 τ
504 2549 539 2579 in
553 2549 641 2579 terra
654 2549 746 2585 sunt,
762 2549 796 2578 in
811 2558 886 2580 aere
902 2551 988 2589 sunt,

290 2596 324 2626 in
339 2604 434 2626 carne
449 2596 505 2626 tua
519 2595 605 2626 sunt.
620 2594 747 2623 Versari
757 2594 791 2624 in
804 2595 874 2632 his,
887 2596 918 2625 et
931 2596 990 2625 mi-

291 2642 379 2672 nime
394 2641 468 2672 laedi
479 2663 488 2681 ,
509 2640 630 2672 divinae
654 2640 808 2678 potentiae
834 2642 899 2678 est,
925 2648 989 2671 non

1025 330 1076 359 eqo
1090 323 1149 351 vici
1158 323 1315 352 mundum.
1323 323 1388 353 Etsi
1400 323 1498 362 igitur
1509 323 1651 363 undique
1662 324 1723 355 tibi

1023 365 1149 396 intendi
1170 368 1345 405 prospicias
1357 369 1624 408 tribulationum,
1641 370 1726 399 tam-

1023 418 1121 448 quam
1135 412 1347 452 tribulorum,
1367 415 1496 445 aculeos
1509 423 1518 452 3
1534 423 1600 444 non
1614 415 1725 446 turbe-

1023 457 1076 485 tur
1089 465 1144 486 cor
1170 459 1262 488 tuum
1287 467 1393 497 neque
1420 460 1586 498 formidet,
1617 460 1723 490 sciens

1023 503 1096 538 quia
1110 502 1266 533 tribulatio
1292 506 1436 542 operatur
1447 507 1645 544 patientiam,
1664 514 1724 544 pa-

1023 548 1128 577 tientia
1139 548 1369 587 probationem,
1388 551 1529 588 probatio
1543 560 1642 589 spem,
1658 559 1726 589 spes

1022 594 1124 622 autem
1138 602 1200 623 non
1212 595 1380 633 confundit.
1395 595 1565 625 Considera
1574 596 1643 625 lilia
1655 595 1725 633 agri

1021 638 1179 675 quomodo
1204 639 1291 670 inter
1304 641 1412 678 spinas
1425 641 1537 678 ‘vigent
1552 641 1586 671 et
1600 642 1720 671 nitent,

1021 683 1054 714 Si
1069 683 1191 714 foenum
1206 686 1290 723 quod
1302 687 1399 716 hodie
1411 687 1460 717 est
1475 687 1509 716 et
1523 695 1592 716 cras
1614 687 1648 716 in
1661 687 1722 716 cli-

1022 729 1140 759 banum
1176 731 1336 769 mittitur,
1370 733 1456 762 Deus
1483 732 1530 761 sic
1564 731 1722 768 custodit,

1021 776 1139 812 quanto
1153 777 1254 814 magis
1268 778 1403 807 amicam
1420 778 1453 808 et
1467 785 1616 816 sponsam
1632 784 1722 806 suam

1021 821 1240 852 carissimam?
1260 823 1409 861 Denique
1433 824 1560 853 custodit
1574 823 1725 852 Dominus

1020 875 1123 897 omnes
1137 868 1291 906 diliqentes
1305 878 1347 899 se.
1360 870 1446 899 Sicut
1464 870 1561 899 lilium
1576 869 1655 897 inter
1665 868 1725 906 spi—

1021 920 1095 949 nas,
1107 913 1149 942 sic
1164 914 1267 943 amica
1278 922 1348 944 mea
1371 915 1451 944 inter
1465 915 1557 952 filias.
1574 914 1641 943 Non
1655 920 1725 941 me-

1021 955 1138 985 diocris
1161 957 1279 987 titulus
1299 958 1443 996 profecto
1466 958 1617 996 virtutis,
1638 958 1725 987 inter

1021 1008 1135 1037 pravos
1149 1002 1262 1032 vivere
1290 1003 1430 1040 bonum,
1456 1004 1490 1033 et
1511 1004 1597 1033 inter
1612 1003 1724 1039 malig-

1021 1046 1133 1076 nantes
1157 1045 1353 1076 innocentiae
1374 1048 1518 1078 retinere
1534 1047 1723 1084 candorem,

1021 1089 1054 1119 et
1080 1098 1206 1121 morum
1235 1092 1404 1123 lenitatem
1423 1101 1431 1121 ε
1448 1093 1550 1131 magis
1574 1094 1681 1122 autem
1698 1091 1725 1121 si

1022 1135 1071 1166 his
1085 1137 1142 1174 qui
1164 1137 1303 1167 oderunt
1330 1147 1463 1177 pacem,
1488 1138 1675 1176 pacificum,
1692 1138 1725 1167 et

1020 1182 1162 1211 amicum
1183 1183 1263 1221 ipsis
1277 1185 1310 1214 te
1333 1185 1492 1214 exhibeas
1507 1184 1664 1215 inimicis.
1689 1184 1724 1213 ld

1022 1228 1115 1264 plane
1129 1228 1190 1257 tibi
1208 1229 1459 1260 similitudinem
1475 1230 1583 1260 datam
1599 1230 1638 1259 de
1654 1231 1725 1260 lilio

1018 1273 1090 1309 Jure
1118 1274 1257 1311 quodam
1291 1276 1500 1313 proprietatis
1538 1276 1725 1313 specialiter

1022 1318 1198 1349 vindicabit
1207 1342 1215 1358 ,
1224 1320 1310 1358 quod
1320 1321 1404 1358 ipsas
1417 1321 1532 1359 utique
1542 1323 1726 1359 pungentes

1020 1373 1054 1394 se
1069 1365 1176 1403 spinas
1201 1366 1338 1396 candore
1363 1366 1493 1404 proprio
1514 1366 1675 1396 illustrare
1692 1368 1726 1395 et

1021 1411 1191 1441 venustare
1217 1419 1281 1440 non
1307 1412 1421 1442 cessat.
1450 1413 1496 1441 An
1511 1419 1574 1440 non
1590 1411 1724 1449 proinde

1021 1455 1127 1485 lilium
1153 1457 1213 1486 tibi
1239 1457 1385 1494 videtur,
1415 1457 1554 1495 implere
1585 1457 1725 1494 quodam

1021 1502 1113 1531 modo
1123 1503 1289 1540 Evangelii
1299 1502 1530 1539 perfectionem
1540 1524 1549 1540 ,
1559 1511 1621 1540 qua
1634 1511 1724 1532 orare

1018 1547 1170 1582 jubemur
1194 1556 1250 1585 pro
1267 1548 1544 1577 calumniantibus
1558 1548 1592 1577 et
1615 1556 1725 1585 perse-

1020 1592 1194 1629 quentibus
1209 1600 1285 1629 nos,
1302 1592 1495 1622 benefacere
1511 1592 1561 1621 his
1577 1593 1631 1630 qui
1648 1593 1726 1622 ode-

1021 1637 1095 1665 runt
1116 1636 1191 1666 nos?
1216 1637 1294 1674 Ergo
1316 1638 1349 1666 et
1371 1638 1408 1666 tu
1436 1637 1485 1667 fac
1508 1637 1675 1675 similiter,
1692 1638 1726 1667 et

1021 1681 1084 1710 erit
1095 1682 1202 1710 anima
1216 1682 1270 1711 tua
1290 1682 1395 1712 amica
1406 1682 1555 1719 Domini,
1572 1684 1605 1712 et
1616 1683 1726 1713 lauda-

1022 1727 1068 1756 bit
1089 1728 1122 1756 te
1137 1727 1177 1756 de
1198 1728 1249 1765 te,
1275 1727 1411 1757 dicens:
1428 1728 1505 1765 quia
1525 1729 1603 1758 sicut
1627 1729 1725 1758 lilium

1021 1774 1099 1802 e‘nlcr
1112 1774 1231 1810 spinas,
1243 1774 1284 1803 sic
1296 1774 1398 1803 amica
1418 1782 1488 1803 mea
1500 1774 1579 1804 inter
1591 1774 1682 1810 filias.

1059 1819 1090 1847 5.
1107 1817 1260 1856 Sequitur
1277 1826 1284 1846 :
1307 1819 1390 1848 Sicut
1414 1818 1516 1848 malus
1540 1818 1620 1848 inter
1640 1819 1725 1855 liqna

1019 1864 1184 1900 silvarum,
1208 1865 1250 1893 sic
1276 1864 1400 1894 dilectus
1427 1872 1512 1893 wicus
1536 1864 1616 1893 inter
1631 1864 1722 1900 filios.

1022 1910 1138 1939 Reddit
1149 1918 1262 1947 sponsa
1277 1909 1546 1947 praeconiivicem
1559 1917 1725 1938 commen-

1005 1955 1109 1984 danti
1134 1963 1168 1984 se
1194 1963 1308 1992 sponso
1319 1976 1328 1992 ,
1344 1963 1362 1984 a
1377 1963 1441 1992 quo
1455 1954 1579 1984 laudari
1591 1955 1640 1984 est
1654 1955 1725 1984 lau-

1006 1996 1007 2006 *
1021 2000 1161 2030 (labilem
1176 2000 1245 2030 fieri
1257 2009 1265 2037 3
1279 2001 1312 2030 et
1325 2009 1422 2038 quem
1437 2000 1568 2030 laudare
1579 2023 1588 2038 ,
1599 2000 1724 2030 intelli-

1021 2054 1096 2084 gere
1112 2046 1145 2076 et
1165 2046 1318 2075 admirari
1342 2045 1551 2075 laudabilem.
1576 2046 1615 2075 Et
1639 2045 1725 2076 sicut

1022 2100 1063 2121 ex
1081 2091 1239 2121 eminenti
1254 2091 1332 2120 flore
1348 2091 1481 2129 figurata
1497 2098 1515 2120 a
1530 2099 1644 2128 sponso
1656 2091 1726 2121 laus

1022 2138 1090 2175 ejus
1105 2139 1173 2174 est,
1190 2137 1234 2166 ita
1250 2145 1268 2166 e
1284 2136 1418 2173 regione
1435 2137 1469 2165 et
1490 2144 1532 2165 ex
1546 2135 1723 2165 excellenti

1022 2184 1107 2220 ligno
1142 2182 1210 2220 ipsa
1240 2181 1331 2210 illius
1360 2181 1555 2218 singularem
1589 2180 1723 2217 gloriam

1022 2227 1298 2265 eminentiamque
1321 2225 1530 2255 demonstrat.
1543 2225 1649 2254 Movet
1674 2226 1724 2254 ta-

1021 2281 1095 2303 men
1108 2281 1160 2303 me
1176 2273 1216 2302 de
1227 2273 1313 2310 ligno
1333 2272 1413 2309 hoc,
1437 2270 1522 2309 quod
1546 2278 1610 2300 non
1625 2270 1725 2300 tantae

1022 2327 1090 2349 esse
1106 2318 1313 2348 excellentiae
1332 2317 1501 2354 videatur,
1517 2315 1645 2353 quantae
1666 2315 1725 2344 ali-

1021 2373 1084 2403 qua
1112 2364 1322 2401 caeterorum,
1349 2363 1383 2392 et
1397 2361 1471 2391 ideo
1495 2360 1603 2391 minus
1627 2359 1724 2397 digne

1021 2410 1139 2440 assumi
1168 2409 1202 2439 in
1222 2416 1301 2446 opus
1327 2406 1549 2437 similitudinis
1574 2414 1583 2435 z
1611 2406 1725 2443 utpote

1021 2456 1107 2494 quod
1118 2463 1183 2485 non
1198 2452 1446 2485 sufficiatlaudis
1456 2452 1565 2482 vicem
1575 2451 1723 2488 implere.

1022 2503 1106 2532 Sicut
1116 2502 1218 2532 atialus
1238 2501 1318 2530 inter
1331 2500 1414 2538 liqna
1433 2499 1579 2529 silvarum
1592 2518 1602 2532 ‚
1619 2497 1661 2526 sic
1677 2496 1725 2525 di-

1022 2548 1114 2578 lectus
1145 2555 1230 2577 meus
1257 2547 1336 2576 inter
1367 2545 1456 2582 filios.
1490 2542 1636 2579 Denique
1662 2548 1724 2570 nec

1023 2598 1137 2632 sponsa
1166 2591 1276 2630 magni
1303 2590 1476 2621 aestimasse
1491 2587 1640 2624 videtur,
1653 2593 1725 2623 quae

1023 2639 1133 2670 hocin
1159 2637 1257 2676 lignis
1285 2636 1439 2667 silvarum
1458 2631 1724 2666 tantum'efferro
