1846 3078
328 244 390 276 286

330 298 434 338 piscet
460 296 531 332 Rei
559 300 709 333 decorem
737 299 841 333 tunm.
868 302 892 331 O
918 302 1027 331 sancta

329 345 454 385 anima,
465 346 531 377 sola
546 348 631 386 esto,
644 348 680 378 ut
694 347 752 377 soli
765 346 906 377 omnium
919 353 1028 375 serves

328 389 478 431 teipsam,
491 402 588 432 quem
601 403 642 424 ex
655 393 802 424 omnibus
813 392 874 422 tibi
887 390 1025 428 elegisti.

328 434 415 474 Fuge
429 438 617 476 publicum,
633 438 706 476 fuge
727 439 758 468 et
776 439 860 475 ipsos
876 436 1028 466 domesti-

327 489 397 513 cos:
415 485 530 514 secede
547 485 585 514 ab
601 484 713 514 amicis
730 483 761 512 et
778 482 913 519 intimis,
928 481 1026 511 etiam

327 527 361 557 et
376 528 415 558 ab
434 529 490 559 illo
513 530 567 567 qui
583 529 643 558 tibi
662 528 834 558 ministrat.
850 528 897 556 An
921 526 1025 557 nescis

326 572 359 602 te
375 575 593 604 verecundum
610 574 729 603 habere
742 581 893 610 sponsum
903 594 912 610 ,
926 572 959 602 et
969 573 1024 610 qui

325 625 529 657 nequaquam
553 627 642 648 suam
665 618 747 649 velit
768 618 828 648 tibi
855 618 1023 655 indulgere

324 665 531 701 praesentiam
556 664 770 702 praesentibus
791 662 941 694 caeteris?
967 663 1025 693 Se-

325 709 404 738 cede
428 717 524 747 ergo,
545 709 602 739 sed
623 710 751 747 mente,
777 718 842 739 non
868 717 1021 748 corpore3

323 754 381 783 sed
396 754 594 792 intentione,
609 755 666 785 sed
679 755 853 785 devotione
867 776 876 793 ,
889 754 946 785 sed
956 755 1024 793 spi-

322 799 401 828 ritu.
425 799 563 837 Spiritus
586 801 673 830 enim
699 802 773 831 ante
797 800 913 830 faciem
933 800 1021 830 tuam

322 844 463 874 Christus
476 845 650 882 Dominus,
664 846 860 884 spiritusque
872 845 1021 884 requirit,

323 895 386 917 non
399 890 539 927 corporis
550 891 771 929 solitudinem3
782 899 975 930 quamquam
990 892 1021 920 et

323 941 456 971 corpore
470 936 635 965 interdum
646 944 710 966 non
721 936 822 966 otiose
835 937 867 966 te
879 944 1020 973 separas,

321 985 395 1007 cum
419 981 600 1017 opportune
630 981 743 1018 potes,
775 980 957 1019 praesertim
988 980 1021 1009 in

321 1023 465 1061 tempore
482 1025 646 1055 orationis.
663 1025 767 1055 Tenes
790 1025 889 1055 etiam
911 1024 946 1054 in
961 1024 1021 1054 hoc

322 1069 355 1097 et
369 1069 555 1100 mandatum
567 1070 683 1108 Sponsi
696 1093 705 1109 ,
723 1071 756 1101 et
771 1071 907 1101 formam
927 1079 935 1099 :
954 1071 999 1100 Tu
1010 1091 1020 1106 ,

320 1114 443 1152 inquit,
468 1125 537 1146 cum
559 1119 716 1154 oraveris,
735 1119 820 1147 intra
842 1119 874 1147 in
898 1116 1022 1147 cubicu-

319 1160 383 1189 lum
405 1163 491 1191 tuum
504 1183 514 1198 ,
536 1164 564 1192 et
580 1163 682 1193 clauso
701 1165 776 1194 ostio
799 1172 866 1192 ora.
883 1163 922 1192 Et
937 1162 1020 1200 quod

321 1204 423 1244 dixit,
439 1207 529 1237 fecit.
546 1208 637 1238 Solus
649 1209 681 1237 in
694 1209 838 1238 oratione
851 1208 1022 1246 pernocta-

320 1249 390 1289 bat,
406 1260 471 1281 non
484 1252 579 1283 modo
594 1261 628 1283 se
644 1254 846 1284 abscondens
861 1262 878 1283 a
896 1253 1018 1292 turbis,

318 1297 376 1326 scd
397 1305 459 1327 nec
479 1298 584 1327 ullum
609 1299 742 1337 quidem
767 1300 1019 1339 discipulorum,

318 1350 380 1372 nec
417 1343 523 1372 ullum
550 1344 803 1374 domesticorum
832 1345 1018 1377 admittens.

319 1388 466 1426 Denique
487 1389 554 1419 tres
577 1398 688 1420 secum
716 1390 849 1420 intimos
875 1391 937 1421 sibi
963 1392 1020 1422 ad-

319 1432 474 1472 duxerat,
513 1443 587 1464 cum
626 1437 712 1465 ultro
752 1438 945 1474 properaret
979 1438 1019 1467 ad

319 1479 475 1518 mortem3
499 1481 629 1510 avulsus
648 1482 697 1511 est
716 1482 748 1511 et
769 1482 807 1511 ab
830 1482 908 1519 ipsis
927 1490 1018 1513 orare

319 1524 444 1554 volens.
455 1526 534 1563 Ergo
547 1526 580 1555 et
594 1527 631 1555 tu
646 1526 695 1555 fac
710 1527 874 1565 similiter,
889 1528 1017 1566 quando

319 1577 409 1599 orare
424 1571 580 1601 volueris.

357 1615 389 1644 5.
404 1616 451 1645 De
467 1618 582 1646 caetero
597 1617 662 1646 sola
676 1617 832 1647 indicitur
848 1617 908 1648 tibi
923 1627 1018 1648 men-

315 1659 359 1690 tis
374 1661 407 1690 et
417 1662 550 1699 spiritus
565 1663 714 1692 solitudo.
732 1663 824 1692 Solus
840 1672 874 1693 es
887 1685 896 1701 ,
909 1664 937 1694 si
953 1673 1016 1694 non

316 1707 503 1736 communia
517 1708 655 1746 cogites,
673 1708 774 1737 sinon
789 1709 919 1738 affectes
933 1717 1017 1747 prae—

315 1751 438 1789 sentia,
463 1752 489 1781 si
510 1752 669 1791 despicias
689 1754 775 1791 quod
797 1754 891 1784 multi
912 1755 1017 1792 suspi-

316 1797 430 1835 ciunt,
455 1797 481 1826 si
498 1797 641 1828 fastidias
659 1799 744 1837 quod
763 1807 874 1830 omnes
890 1800 1017 1830 deside—

316 1844 409 1881 rant,
429 1843 456 1872 si
475 1843 582 1882 jurgia
601 1844 748 1882 devites,
769 1845 796 1875 si
817 1845 934 1874 damna
953 1854 1015 1875 non

316 1889 460 1928 sentias,
482 1889 509 1919 si
524 1898 589 1919 non
608 1890 788 1920 recorderis
810 1890 1014 1928 iniuriarum.

304 1935 469 1972 ,Alioquin
487 1942 552 1966 nec
568 1935 594 1965 si
609 1936 695 1965 solus
710 1945 843 1974 corpore
861 1945 894 1966 es
906 1959 915 1974 ,
932 1937 1017 1966 solus

315 1987 362 2010 es.
373 1980 515 2011 Videsne
528 1989 620 2020 posse
638 1990 707 2012 esse
722 1983 754 2011 te
767 1983 799 2013 et
813 1984 929 2021 solum,
945 1965 1034 2013 cumi

315 2024 402 2055 inter
413 2027 552 2064 multos;
570 2029 603 2057 et
614 2027 700 2057 inter
716 2028 834 2056 multos
847 2050 855 2065 ,
880 2036 951 2057 cum
967 2036 1016 2058 so-

314 2070 366 2100 lus
384 2071 440 2101 es?
464 2072 555 2102 Solus
571 2081 605 2102 es
628 2073 662 2102 in
678 2075 938 2112 quantacumque
961 2074 1017 2104 ho·

316 2115 441 2145 minum
471 2118 611 2148 verseris
640 2118 823 2156 frequentia
854 2128 861 2146 :
891 2119 1017 2148 tantum

316 2167 395 2191 cave
412 2162 525 2193 alienae
538 2164 791 2194 conversationis
807 2172 874 2194 esse
890 2165 947 2194 aut
962 2173 1018 2194 cu-

317 2205 420 2236 riosus
442 2209 647 2247 explorator,
672 2211 728 2240 aut
751 2210 944 2240 temerarius
963 2209 1017 2246 ju-

317 2249 393 2280 dex.
409 2253 538 2283 Etiamsi
554 2263 725 2292 perperam
739 2256 846 2285 actum
867 2255 944 2293 quid
959 2255 1017 2285 de-

317 2297 516 2335 prehendas,
530 2308 588 2329 nec
605 2300 650 2330 sic
664 2301 792 2338 judices
807 2301 993 2339 proximum
1005 2323 1015 2340 ,

317 2343 420 2380 magis
438 2344 547 2373 autem
568 2354 698 2376 excusa.
715 2348 838 2377 Excusa
859 2347 1015 2377 intentio-

317 2396 412 2425 nem,
429 2387 456 2417 si
472 2396 551 2426 opus
565 2398 629 2419 non
643 2393 735 2428 potes
749 2401 756 2421 ε
773 2394 850 2431 puta
866 2393 1015 2430 ignoran—

317 2433 397 2463 tiam
408 2454 418 2471 ,
433 2434 512 2471 puta
527 2435 765 2473 subreptionem
777 2460 785 2476 ,
801 2439 879 2476 puta
893 2446 1011 2469 casum.

316 2478 406 2515 Quod
430 2479 457 2508 si
477 2487 606 2509 omnem
629 2482 760 2512 omnino
784 2484 1015 2514 dissimulati&

316 2532 392 2554 uem
400 2524 448 2554 rei
458 2525 618 2555 certitudo
632 2529 771 2564 recusat,
781 2529 879 2558 suade
894 2529 1014 2558 nihilo-

318 2570 424 2599 minus
438 2570 507 2608 ipse
523 2570 583 2599 tibi
598 2592 607 2608 ,
623 2571 655 2600 et
672 2571 770 2601 dicito
795 2573 881 2610 apud
896 2575 1013 2604 temet-

318 2615 424 2653 ipsum
441 2624 451 2644 τ
466 2615 650 2646 Vehemens
672 2616 731 2646 fuit
748 2616 843 2646 nimis
859 2619 1011 2657 tentat103

319 2661 395 2697 quid
418 2661 456 2691 de
477 2669 529 2691 me
551 2660 606 2690 illa
627 2660 773 2699 fecisset,
792 2662 816 2691 si
834 2663 1013 2700 accepisset

781 249 811 278 S.
832 247 1064 277 BEnNAnDI
1085 247 1277 277 ABRATls

1062 300 1154 332 inme
1162 301 1576 343 similiterpotestatem?Et
1600 304 1764 335 memento

1062 355 1112 376 me
1127 347 1221 377 modo
1236 349 1355 387 alloqui
1370 358 1536 388 sponsam,
1554 349 1586 380 et
1598 356 1661 378 non
1676 350 1758 378 ami-

1061 401 1134 422 cum
1149 393 1256 431 sponsi
1271 394 1430 425 instruere
1443 418 1452 433 ,
1465 395 1518 426 cui
1531 395 1594 425 alia
1610 394 1692 423 ratio
1707 393 1757 423 est

1061 438 1249 476 diligentius
1269 439 1460 471 observandi
1476 450 1516 471 ne
1533 440 1606 479 quis
1620 439 1756 478 peccet,

1060 483 1093 512 et
1107 483 1295 521 explorandi
1311 492 1350 513 an
1364 486 1497 524 peccet,
1514 486 1547 515 et
1562 482 1757 515 emendandi

1059 528 1084 557 si
1100 529 1269 566 peccatum
1285 528 1394 559 fuerit.
1413 531 1436 559 A
1448 538 1512 568 qua
1526 538 1601 560 sane
1615 528 1757 559 necessi-

1060 574 1123 604 tate
1139 582 1252 612 sponsa
1266 574 1370 604 libera
1385 575 1450 613 est,
1466 575 1525 605 soli
1539 575 1653 606 vivens
1669 574 1753 611 sibi,

1058 620 1091 649 et
1115 619 1178 658 ipsi
1198 628 1296 658 quem
1318 619 1425 658 diligit
1439 620 1560 659 Sponso
1582 620 1705 659 pariter
1720 620 1754 649 ct

1057 665 1194 695 Domino
1207 673 1282 703 su0‚
1297 665 1353 704 qui
1369 666 1417 696 est
1430 673 1528 704 super
1545 665 1654 696 omnia
1668 665 1756 696 Deus

1057 710 1246 742 benedictus
1260 711 1297 741 in
1311 711 1450 751 saecula,
1465 719 1572 742 amen.

1256 827 1428 862 SERMO
1460 828 1563 861 XLI.

1055 900 1183 933 Qualiter
1193 907 1289 932 sponsa
1300 903 1398 932 recipit
1409 902 1525 926 interim
1536 906 1667 932 magnam
1682 905 1755 923 con—

1083 938 1246 962 solationem
1263 939 1296 962 de
1309 939 1544 968 contemplatione
1556 937 1659 960 divinae
1672 936 1755 959 clari-

1079 973 1156 1001 tatis,
1175 975 1327 1004 antequam
1349 973 1493 1003 perteniat
1513 972 1549 997 ad
1567 972 1673 996 claram
1694 971 1754 1001 ejus

1084 1014 1228 1033 visionem.

1094 1067 1125 1098 4.
1153 1069 1272 1100 Collum
1295 1070 1382 1100 tuum
1402 1070 1479 1100 sicut
1503 1067 1643 1099 monilia.
1665 1064 1754 1096 Solet

1053 1115 1160 1144 ornari
1192 1115 1311 1145 collum
1339 1115 1534 1152 monilibus,
1569 1120 1635 1142 non
1674 1110 1754 1148 ipsis

1054 1162 1243 1200 comparari.
1257 1160 1320 1191 Sed
1335 1161 1395 1191 hoc
1407 1161 1473 1190 illae
1486 1158 1625 1196 faciant,
1637 1156 1753 1195 quibus

1053 1207 1127 1245 quia
1139 1207 1178 1237 de
1186 1208 1315 1246 proprio
1327 1215 1390 1236 non
1402 1207 1486 1236 inest
1498 1206 1608 1241 decor,
1620 1201 1751 1233 aliunde

1052 1260 1184 1283 necesse
1200 1255 1249 1283 est
1264 1254 1299 1282 ut
1311 1252 1516 1289 mendicent,
1531 1250 1616 1280 unde
1631 1257 1665 1279 se
1679 1255 1752 1285 spe·

1053 1298 1154 1329 ciosas
1168 1299 1380 1328 mentiantur.
1396 1299 1474 1327 Nam
1489 1303 1612 1334 sponsae
1632 1293 1752 1323 collum

1053 1344 1097 1374 ita
1112 1345 1146 1375 in
1171 1345 1275 1383 seipso
1292 1345 1464 1374 formosum
1475 1365 1484 1381 ,
1501 1344 1533 1372 et
1553 1343 1619 1371 tam
1634 1339 1752 1369 decen·

1053 1391 1101 1420 ter
1119 1390 1210 1429 quasi
1226 1391 1340 1419 natura
1361 1389 1532 1419 formatum
1550 1386 1620 1423 est,
1635 1385 1672 1414 ut
1693 1391 1751 1413 ex-

1054 1436 1210 1466 trinsecus
1234 1444 1298 1465 non
1320 1435 1467 1474 requirat
1487 1433 1646 1464 ornatum.
1667 1430 1752 1467 Quid

1052 1482 1138 1510 enim
1154 1491 1234 1520 opus
1251 1484 1297 1511 est
1318 1481 1564 1520 peregrinorum
1589 1477 1679 1507 fucos
1694 1475 1752 1504 ad-

1051 1528 1162 1557 hibere
1183 1529 1347 1565 colorum,
1373 1527 1424 1556 cui
1444 1525 1574 1567 propria
1587 1545 1596 1562 ,
1619 1523 1654 1553 et
1666 1522 1751 1551 tam-

1050 1581 1145 1610 quam
1180 1573 1289 1602 innata
1325 1572 1444 1602 sufficit
1472 1568 1676 1609 pulcritudo,
1714 1566 1749 1595 in

1049 1619 1175 1648 tantum
1191 1618 1228 1648 ut
1243 1618 1383 1656 ipsorum
1396 1624 1523 1655 quoque
1533 1637 1542 1653 ,
1558 1623 1630 1653 quae
1643 1613 1683 1643 ad
1697 1620 1749 1642 or-

1050 1663 1190 1693 nandum
1220 1665 1408 1702 quaeruntur
1442 1662 1615 1692 monilium
1648 1660 1750 1698 possit

1048 1708 1217 1747 adaequare
1239 1708 1480 1739 nitorem2Hoc
1504 1714 1624 1744 nempe
1648 1705 1749 1735 intel-

1049 1753 1105 1792 ligi
1119 1754 1223 1783 voluit
1236 1776 1245 1791 ,
1261 1754 1316 1792 qui
1331 1753 1465 1783 minime
1484 1752 1615 1790 quidem
1632 1759 1649 1780 a
1666 1751 1748 1780 collo

1050 1798 1110 1839 (ut
1131 1799 1265 1841 assolet)
1288 1799 1434 1838 pendere
1456 1798 1607 1835 monilia,
1629 1796 1686 1826 sed
1700 1796 1748 1834 ip-

1047 1853 1118 1874 sum
1125 1846 1233 1883 potius
1241 1854 1309 1875 esse
1320 1847 1395 1876 sicut
1409 1845 1534 1875 monilia
1546 1842 1641 1872 dixit.
1656 1842 1746 1871 Nunc

1045 1891 1111 1927 jam
1124 1891 1326 1922 invocandus
1341 1893 1387 1921 est
1400 1891 1493 1920 nobis
1507 1889 1647 1928 Spiritus
1657 1895 1746 1917 sanc-

1048 1938 1098 1967 tus
1111 1958 1121 1974 ,
1142 1938 1178 1966 ut
1195 1938 1278 1967 sicut
1295 1937 1482 1974 spirituales
1504 1942 1628 1972 sponsae
1646 1940 1746 1971 genas

1047 1990 1103 2012 sua
1131 1982 1317 2020 dignatione
1351 1981 1466 2012 tribuit
1493 1980 1639 2010 invenire
1652 2000 1663 2016 ,
1699 1978 1746 2008 ita

1048 2028 1145 2058 etiam
1162 2029 1263 2067 ipsius
1279 2028 1448 2066 spirituale
1464 2027 1582 2057 collum
1598 2025 1746 2055 demons-

1049 2074 1131 2104 trare
1148 2074 1309 2113 dignetur.
1324 2074 1360 2103 Et
1371 2081 1442 2103 meo
1454 2071 1585 2111 quidem
1599 2069 1746 2100 intellec-

1049 2120 1094 2150 tui
1110 2119 1122 2159 (
1136 2121 1211 2158 quia
1225 2121 1306 2150 mihi
1319 2119 1479 2150 incumbit
1492 2117 1580 2155 loqui
1592 2124 1662 2155 quae
1673 2123 1746 2145 sen-

1049 2165 1114 2205 tio)
1137 2166 1221 2196 nihil
1246 2165 1377 2195 interim
1403 2162 1613 2193 verisimilius
1626 2160 1743 2211 proba-

1048 2211 1186 2241 biliusve
1216 2211 1344 2248 elucet,
1373 2217 1470 2248 quam
1495 2209 1601 2246 ipsum
1627 2213 1743 2236 amma}

1048 2255 1248 2285 intellectum
1265 2255 1338 2284 colli
1357 2254 1488 2284 nomine
1504 2250 1678 2289 designari.
1694 2250 1742 2278 Tu

1046 2310 1171 2339 quoque
1188 2302 1274 2331 idem
1291 2300 1345 2339 (ut
1362 2297 1521 2337 arbitror)
1538 2295 1742 2335 approbabis,

1046 2346 1071 2375 si
1093 2346 1242 2376 advertas
1257 2345 1480 2376 similitudinis
1493 2343 1664 2373 rationem.
1682 2341 1744 2370 An-

1046 2401 1108 2422 non
1121 2393 1283 2431 siquidem
1299 2392 1359 2422 tibi
1373 2391 1503 2421 videtur
1516 2390 1590 2420 colli
1606 2388 1742 2427 quodam

1046 2438 1138 2468 modo
1157 2439 1229 2469 vice
1245 2437 1336 2475 fungi
1354 2436 1558 2473 intellectus,
1573 2443 1632 2473 per
1644 2440 1740 2473 quem

1047 2485 1099 2513 tua
1115 2483 1223 2513 anima
1245 2482 1367 2520 trajicit
1378 2483 1411 2511 in
1427 2490 1460 2512 se
1485 2480 1615 2519 spiritus
1629 2476 1740 2526 vitali-a

1045 2529 1210 2566 alimenta,
1225 2529 1322 2567 atque
1338 2527 1371 2557 in
1386 2526 1532 2566 quaedam
1547 2521 1740 2555 transfundit

1045 2573 1168 2604 viscera
1179 2582 1304 2604 morum
1316 2595 1325 2612 ,
1341 2574 1575 2609 affectuumque
1589 2566 1740 2599 suorum?

1047 2619 1111 2648 Hoc
1133 2627 1208 2657 ergo
1227 2626 1351 2657 sponsae
1367 2618 1502 2653 collum,
1518 2614 1551 2643 id
1567 2615 1615 2644 est
1639 2621 1738 2651 purus

1046 2666 1077 2694 et
1104 2664 1242 2702 simplex
1268 2662 1474 2697 intellectus,
1503 2667 1575 2689 cum
1594 2658 1678 2689 nuda
1700 2661 1735 2689 ct
