1830 3073
275 233 315 264 [ΓΖ

276 289 354 320 liter
385 288 523 320 cruciari
535 310 545 327 ,
573 288 607 320 et
634 287 789 319 delectari
818 287 853 316 in
878 286 973 316 aeter-

274 343 365 365 num.
383 336 421 365 Et
435 335 471 365 in
494 334 691 365 contrarium
717 332 853 363 scientia
875 331 974 360 malo-

275 387 348 410 rum
362 381 530 411 relabitur.
547 380 617 410 Alia
631 380 681 410 est
693 378 827 408 scientia
840 376 953 406 mundi
963 396 972 412 ,

276 433 348 462 quae
369 425 463 456 docet
484 425 684 462 vanitate1113
702 425 734 453 et
753 422 816 452 alia
837 420 974 451 scientia

277 472 393 510 carnis,
405 481 476 510 quae
492 472 585 501 docet
598 470 809 508 voluptatem.
822 467 880 496 Illa
893 467 975 496 tam-

275 524 373 554 quam
388 519 480 556 pater
491 518 574 554 ,ista
587 517 752 553 tamquam
766 514 869 542 mater
882 511 974 541 nobis

276 563 337 592 est.
353 564 443 593 Sicut
458 563 545 593 enim
560 562 664 591 mater
684 560 750 588 silio
775 566 832 588 suo
847 564 976 595 semper

275 609 364 646 optat
378 610 522 647 quietem
535 629 544 644 ,
561 608 593 637 et
605 613 731 635 omnem
747 611 876 642 prorsus
888 603 975 632 labo-

275 661 348 683 rem
364 655 483 684 claudit
499 663 516 683 a
531 653 598 682 filio
612 660 669 681 suo
682 660 689 679 :
704 650 749 680 sie
765 657 838 679 caro
854 648 976 678 incras-

275 702 343 730 sata
355 723 363 738 ,
378 699 594 737 impinguata,
611 696 762 732 dilatata,
777 694 974 731 recalcitrat,

275 753 336 775 nec
352 745 495 774 minimis
520 743 635 772 saltem
660 741 770 779 digitis
792 740 916 778 patitur
941 748 974 769 se

276 790 430 827 confingi.
441 790 477 818 Et
486 788 568 818 sicut
580 788 673 826 pater
681 787 752 816 vult
766 785 869 815 filium
881 793 975 815 suum

275 835 339 864 huc
365 835 506 872 illucque
533 833 716 862 discurrere
727 853 736 868 ,
769 831 806 860 ut
833 829 975 860 addiscat

275 881 363 909 unde
392 878 564 917 aliquando
589 877 814 916 magnificetur

274 926 413 955 mundus
423 925 494 955 vult
508 924 675 954 hominem
687 923 799 953 multis
810 922 975 952 laboribus

274 971 438 1008 intricari,
463 971 501 1001 ut
526 970 645 1000 habeat
673 969 761 998 unde
790 968 987 1006 superbiat,

274 1017 359 1046 unde
389 1017 540 1053 infletur,
564 1017 597 1046 et
620 1014 760 1053 desipiat
775 1014 814 1051 de
831 1014 974 1044 vanitate

275 1063 308 1091 in
325 1062 478 1100 idipsum.
491 1061 699 1099 SanguISugae
709 1061 780 1090 duae
793 1061 867 1089 sunt
878 1059 951 1088 tiliae
965 1067 973 1087 ε

274 1108 307 1137 id
338 1108 387 1138 est
410 1108 549 1146 propriae
574 1106 768 1143 voluntatis,
792 1114 864 1143 quae
884 1105 975 1143 quasi

274 1154 367 1183 radix
391 1155 462 1191 est,
491 1153 562 1183 duae
586 1153 661 1182 filiae
680 1152 771 1189 sunt,
792 1150 918 1181 vanitas
944 1151 977 1180 et

273 1201 423 1238 voluptas
436 1222 446 1238 ,
467 1199 646 1230 clamantes
661 1206 668 1227 :
682 1197 784 1234 After,
811 1196 904 1226 affer.
918 1197 975 1226 Hae

273 1254 449 1284 numquam
465 1245 643 1282 satiantur,
658 1251 835 1281 numquam
851 1242 987 1280 dieunt,

274 1291 412 1321 Sufficit.
429 1291 462 1321 Si
477 1291 549 1329 quis
573 1290 631 1319 iias
645 1289 774 1328 plenius
800 1289 834 1317 in
849 1296 882 1318 se
900 1296 976 1317 con-

273 1337 487 1374 t1·iverit,non
502 1336 665 1365 immerito
681 1335 743 1364 sibi
756 1335 845 1363 illam
861 1342 975 1363 vocem

273 1382 393 1419 poterit
408 1383 556 1420 coaptare
573 1390 582 1410 t
601 1381 767 1420 Quoniam,
780 1379 903 1416 inquit,
917 1388 975 1417 pa-

274 1430 292 1455 le
303 1436 319 1455 r
334 1436 418 1457 meus
434 1428 461 1456 et
474 1427 573 1456 muter
585 1435 655 1456 mea
666 1426 892 1463 dereliquerunt
905 1433 953 1454 me
964 1446 989 1462 ,⁴

273 1474 425 1503 Doim’nus
437 1474 540 1502 autem
555 1473 718 1510 assumpsit
734 1480 791 1500 me.

313 1520 343 1548 5.
354 1520 530 1549 Honeslavz't
541 1519 626 1548 illum
642 1519 673 1547 in
687 1516 854 1547 laboribus.
863 1516 975 1546 Nonne

274 1573 330 1594 :ios
349 1566 381 1594 et
395 1565 430 1594 in
444 1565 523 1602 Ipsis
538 1564 702 1594 laboribus
726 1562 844 1593 nostris
858 1562 976 1592 hones-

272 1612 399 1648 tamur,
426 1619 501 1640 cum
529 1610 637 1640 omnia
658 1618 729 1648 quae
755 1608 907 1645 facimus,
938 1609 975 1638 ad

274 1656 410 1685 unilatis
435 1656 605 1685 vinculum
626 1655 825 1691 adunamus,
850 1656 887 1683 ut
912 1662 976 1683 non

273 1702 307 1730 in
320 1702 414 1731 nobis
428 1702 470 1731 sit
484 1702 609 1740 pondus
625 1701 657 1730 et
668 1700 813 1738 pondus,
826 1708 976 1729 mensura

276 1748 308 1777 et
322 1755 473 1776 mensura
484 1768 493 1783 ,
508 1747 586 1785 quia
604 1748 780 1784 utrumque
811 1745 977 1775 abomina-

273 1793 341 1822 bile
357 1793 406 1822 est
421 1793 506 1831 apud
521 1792 645 1822 Deum?
659 1792 773 1821 Nonne
790 1792 823 1820 et
837 1791 905 1820 haec
927 1791 977 1821 vi—

274 1839 347 1868 litas
359 1861 368 1876 ,
384 1839 453 1868 haee
470 1838 674 1876 deformitas,
690 1838 759 1867 haec
775 1837 977 1867 semicinctia

274 1884 474 1914 honorantur
490 1886 523 1914 et
538 1884 712 1914 adorantur
732 1892 749 1913 a
774 1884 977 1922 principibus

840 885 848 905 :
871 876 916 905 sic
943 876 987 905 et

749 233 780 261 S.
801 231 1033 260 BERNARDI
1052 231 1243 262 ABBATIS

1006 285 1128 323 vitam,
1148 286 1183 315 in
1197 287 1251 318 via
1271 287 1358 318 recta
1379 287 1411 318 et
1432 287 1617 327 impolluta,
1631 296 1703 327 quae

1007 329 1096 359 ducit
1117 330 1158 359 ad
1178 331 1345 362 civitatem
1361 333 1502 362 sanctam
1525 333 1703 363 Jerusalem

1008 375 1096 404 illam
1105 398 1115 414 ,
1127 385 1201 415 quae
1212 377 1318 408 libera
1333 379 1398 417 est,
1410 388 1482 417 quae
1497 387 1622 409 sursum
1637 379 1703 416 est,

1005 429 1077 458 quae
1097 424 1146 452 est
1171 423 1276 452 mater
1294 425 1414 454 nostra.
1429 425 1557 454 Arduus
1571 424 1704 463 quidem

1006 474 1156 498 ascensus
1168 468 1238 505 ejus
1248 479 1261 505 ,-
1271 469 1384 506 utpote
1398 478 1458 507 per
1469 471 1571 508 ipsam
1585 470 1704 500 montis

1006 513 1224 543 summitatem
1245 514 1368 544 incisus
1383 522 1391 543 :
1407 515 1464 545 sed
1475 516 1530 546 via
1551 523 1706 553 compen-

1006 557 1126 589 diosior
1141 560 1260 590 laboris
1275 561 1532 597 magnitudinem
1553 562 1606 591 vel
1621 562 1705 591 tem-

1005 606 1114 641 perat,
1125 606 1180 635 vel
1196 606 1356 636 excludit.
1372 607 1435 636 Vos
1450 606 1557 635 autem
1574 607 1640 635 tam
1652 605 1705 635 fe-

1006 650 1061 680 lici
1099 651 1274 691 facilitate,
1304 660 1400 690 quam
1429 651 1517 682 facili
1546 651 1705 682 felicitato

1005 695 1196 727 viam‘istam
1207 706 1271 728 non
1283 699 1385 728 solum
1401 697 1456 728 itis
1466 719 1475 735 ,
1489 697 1546 727 sed
1557 697 1705 726 curritis:

1005 743 1080 780 quia
1095 744 1266 774 exonerati
1287 744 1366 774 estis
1388 744 1422 774 et
1446 743 1604 780 accincti,
1619 741 1705 772 nihil

1005 789 1157 825 ponderis
1172 798 1270 827 super
1281 789 1374 819 dorsa
1387 788 1564 827 portantes.
1577 789 1645 818 Non
1659 788 1707 818 sic

1005 834 1125 872 aliqui,
1142 843 1206 865 non
1226 836 1290 873 sic,
1315 835 1370 873 qui
1387 834 1556 872 quadrigas
1577 834 1610 863 et
1624 841 1707 871 qua-

1005 879 1139 925 drigalia
1178 889 1276 911 onera
1306 880 1554 919 pertrahentes,
1585 877 1706 908 montis

1006 927 1178 957 circuitum
1207 927 1331 957 ambire
1352 925 1550 963 decernunt,
1576 925 1610 955 et
1633 924 1706 963 ple-

1005 981 1142 1011 rumque
1164 981 1224 1012 per
1252 973 1379 1003 devexa
1405 971 1526 1001 montis
1553 970 1707 1009 praecipi-

1006 1020 1118 1049 tantur
1130 1041 1140 1057 ,
1167 1019 1205 1049 ut
1233 1018 1292 1048 vix
1325 1017 1423 1047 finem
1449 1015 1623 1047 inveniant
1641 1015 1706 1046 viae

1005 1074 1080 1095 suae.
1093 1065 1218 1094 Felices
1238 1064 1339 1102 igitur
1352 1071 1428 1099 vos,
1441 1062 1498 1100 qui
1514 1070 1572 1091 vos
1584 1061 1619 1091 et
1631 1068 1706 1091 ves-

1005 1111 1055 1139 tra
1069 1109 1139 1140 sine
1153 1109 1241 1138 omni
1254 1107 1505 1145 exceptiuncula
1513 1105 1705 1144 reliquistis,

1005 1164 1064 1194 per
1078 1155 1184 1194 ipsum
1208 1153 1327 1184 montis
1341 1152 1500 1183 verticem
1515 1151 1579 1181 iter
1600 1150 1706 1181 facitis

1006 1201 1055 1238 ei,
1071 1201 1128 1239 qui
1150 1199 1294 1229 ascendit
1316 1196 1413 1236 super
1433 1204 1581 1227 occasum
1606 1205 1615 1225 :
1641 1196 1707 1226 Do-

1005 1247 1112 1276 minus
1127 1253 1246 1276 nomen
1262 1244 1324 1274 illi.
1334 1243 1386 1272 Illi
1401 1251 1478 1273 vero
1488 1242 1544 1280 qui
1556 1242 1706 1280 quamvis

1005 1292 1174 1330 AEgyptum
1200 1290 1361 1329 fugerint,
1377 1289 1487 1318 tamen
1503 1288 1545 1317 ad
1569 1295 1705 1325 quaeque

1004 1337 1150 1375 AEgyptia
1178 1335 1354 1366 tenerrime
1378 1333 1597 1371 resuspirant,
1618 1333 1705 1362 viam

1006 1382 1148 1413 civitatis
1176 1380 1354 1411 habitaculi
1383 1387 1449 1409 non
1471 1378 1670 1409 invenerunt
1696 1386 1704 1406 :

1005 1428 1062 1458 sed
1096 1428 1303 1457 voluntatum
1339 1433 1472 1455 suarum
1509 1423 1706 1462 gravissimis

1006 1473 1140 1504 sarcinis
1154 1472 1366 1512 praegravati,
1380 1471 1432 1501 vel
1446 1470 1508 1500 sub'
1521 1478 1637 1507 onere,
1652 1469 1706 1499 vel

1006 1529 1079 1550 cuin
1095 1527 1193 1549 onere
1222 1518 1360 1554 cadunt,
1376 1517 1414 1546 ut
1437 1516 1495 1547 vix
1517 1515 1558 1546 ad
1577 1522 1706 1546 cursum

1005 1565 1200 1604 perveniant
1215 1564 1423 1594 destinatum.

988 1606 989 1622 ¹
1046 1612 1076 1641 2.
1089 1611 1172 1648 Quid
1195 1610 1281 1639 enim
1302 1610 1350 1638 est
1373 1606 1512 1646 (gratias
1532 1607 1600 1644 illi,
1616 1605 1706 1642 cujus

1007 1657 1108 1695 gratia
1124 1657 1184 1686 hoc
1199 1657 1303 1686 totum
1319 1654 1441 1683 sactum
1453 1651 1522 1691 est)
1539 1652 1625 1690 quod
1639 1651 1707 1681 vita

1006 1703 1114 1733 vestra
1129 1702 1230 1731 vitam
1251 1699 1462 1739 apostolicam
1474 1695 1707 1735 repraesentet?

989 1762 990 1769 1
1007 1749 1057 1777 illi
1070 1748 1276 1785 reliquerunt
1288 1745 1394 1775 omnia
1404 1767 1413 1782 ,
1424 1744 1458 1774 et
1472 1744 1505 1773 in
1517 1743 1625 1773 schola
1641 1741 1708 1771 Sal-

1009 1793 1126 1823 vatoris
1142 1792 1201 1821 sub
1223 1791 1293 1827 ejus
1308 1788 1481 1828 praesentia
1504 1786 1707 1824 congregati,

988 1843 991 1859 l
1009 1839 1187 1868 hauserunt
1197 1844 1294 1875 aquas
1306 1836 1339 1864 in
1355 1834 1471 1873 gaudio
1486 1833 1525 1862 de
1542 1832 1630 1862 fonte
1643 1831 1710 1862 Sal-

988 1861 991 1895 l
1007 1885 1137 1922 vatoris,
1151 1885 1256 1922 ipsum
1267 1882 1342 1912 vitae
1354 1881 1476 1910 fontem
1491 1879 1525 1908 in
1539 1879 1609 1916 ipso
1621 1878 1709 1908 fonte

274 1930 451 1960 lei-raePVae
462 1931 574 1968 nobis,
590 1930 615 1959 si
630 1930 902 1960 exsultaverimus
914 1930 991 1963 nisi:
1008 1931 1173 1960 bibentes.
1205 1927 1297 1957 Beati
1333 1926 1419 1956 oculi
1448 1926 1503 1962 qui
1540 1924 1708 1954 viderunt.

275 1976 310 2004 in
325 1976 469 2013 Christo,
483 1976 517 2005 et
530 1984 588 2014 pro
599 1975 726 2010 Christo
740 1975 748 2004 l
762 1983 810 2004 vae
825 1975 937 2013 nobis,
950 1968 991 2004 si’
1007 1974 1169 2013 'Numquid
1179 1981 1245 2003 non
1263 1973 1295 2002 et
1309 1980 1366 2002 vos
1376 1992 1385 2008 ,
1401 1978 1467 2000 non
1480 1970 1512 1999 in
1524 1969 1710 2008 praesentia,

274 2020 476 2050 wendibilem
492 2020 706 2050 obtulerimus
730 2020 1064 2063 paupe1·tateml‚so‹1
1090 2022 1125 2050 in
1141 2019 1289 2050 absentia
1312 2015 1432 2056 ipsius;
1454 2023 1520 2045 non
1548 2014 1588 2044 ad
1611 2014 1711 2044 verba

276 2067 316 2095 Et
341 2068 495 2104 complevit
519 2066 638 2096 labores
659 2067 740 2096 illius
751 2087 762 2102 ,
787 2066 842 2095 vel
863 2065 917 2095 liic
942 2066 991 2095 in‘
1009 2067 1072 2096 oris
1084 2066 1154 2103 ejus
1165 2087 1173 2102 ,
1183 2065 1239 2095 sed
1251 2064 1291 2093 ad
1301 2070 1415 2093 vocem
1426 2061 1615 2090 nuntiorum
1628 2059 1711 2097 ejus,

274 2113 537 2151 perseverantia,
554 2112 590 2142 ut
612 2119 712 2150 usque
734 2111 891 2140 inrfinem
911 2111 991 2152 jus·¹
1009 2112 1116 2141 simile
1129 2109 1254 2148 aliquid
1275 2107 1417 2138 fecistis?
1430 2105 1603 2136 Defendite
1619 2105 1712 2135 vobis

274 2158 383 2186 tiliam
408 2165 473 2186 non
499 2158 706 2196 derelinquat
736 2166 744 2186 :
774 2157 828 2186 vel
849 2157 919 2187 illic
944 2157 992 2187 in?
1009 2159 1094 2188 hanc
1110 2155 1372 2196 praerogativam,
1388 2153 1474 2191 quod
1489 2152 1537 2181 illi
1552 2151 1593 2180 ad
1607 2151 1711 2181 visum

276 2203 377 2240 gloria
388 2224 397 2240 ,
425 2205 461 2232 ut
482 2204 619 2241 gaudeat
643 2204 677 2232 in
693 2204 862 2233 aeteruum.
885 2191 992 2244 Felixf
1010 2205 1042 2234 et
1057 2203 1098 2233 ad
1113 2202 1267 2238 verbum,
1283 2208 1340 2230 vos
1364 2198 1405 2228 ad
1419 2197 1563 2227 auditum
1581 2196 1614 2226 et
1628 2203 1712 2225 nun-

276 2251 414 2287 -etitraque
431 2250 621 2286 completio,
638 2257 710 2278 cum
727 2249 759 2278 et
774 2249 828 2278 hic
843 2249 978 2279 moritur
1011 2250 1091 2279 tium
1106 2246 1303 2278 credidistis.
1320 2245 1372 2275 Sic
1392 2245 1475 2274 state
1500 2243 1535 2272 in
1552 2241 1711 2279 Domino,

275 2296 381 2333 3ustus
396 2294 510 2331 plenus
525 2294 652 2323 dierum
665 2316 674 2331 ,
687 2296 720 2324 et
735 2295 804 2324 illic
819 2295 923 2324 oritur
943 2287 992 2324 in³
1010 2294 1180 2331 carissimi,
1190 2293 1226 2322 ut
1237 2290 1508 2330 quemadmodum
1521 2287 1570 2317 illi
1580 2286 1615 2316 in
1627 2285 1711 2316 fame

276 2339 482 2379 plenitudine
496 2339 621 2368 dierum
635 2348 643 2368 :
661 2340 833 2378 utrobique
845 2316 991 2379 plenus(
1010 2342 1042 2370 et
1057 2341 1131 2378 siti,
1147 2340 1182 2368 in
1203 2338 1323 2375 frigore
1340 2334 1556 2370 etnuditate,
1572 2332 1606 2362 in
1620 2332 1711 2361 labo-

279 2388 309 2415 el
327 2386 379 2414 liic
395 2385 516 2422 gratia,
533 2385 565 2414 et
580 2385 646 2414 illic
671 2385 791 2423 gloria,
807 2386 884 2423 quia
903 2373 991 2424 gra-l
1010 2387 1099 2416 ribus
1116 2386 1149 2415 et
1160 2383 1316 2422 jejuniis,
1333 2383 1368 2412 et
1381 2380 1503 2418 vigiliis
1516 2401 1525 2417 ,
1539 2379 1572 2409 et
1587 2377 1712 2408 caeteris

277 2430 357 2459 tiam
369 2431 401 2470 et
411 2429 545 2469 gloriam
561 2429 649 2459 dabit
662 2430 835 2467 Dominus,
848 2438 954 2459 amen.
1011 2429 1224 2462 observantiis
1247 2427 1384 2465 justitiae
1404 2426 1491 2457 viam
1512 2424 1637 2462 regiam
1661 2423 1712 2451 te-

1009 2475 1153 2506 nuerunt
1169 2484 1177 2504 :
1194 2474 1240 2504 sic
1257 2474 1299 2508 ⁴et
1320 2481 1396 2509 vos,
1419 2470 1481 2501 etsi
1507 2477 1573 2499 non
1599 2475 1711 2497 eorum

1011 2522 1154 2558 meritis,
1175 2521 1287 2550 tamen
1315 2517 1484 2549 exercitiis
1507 2512 1712 2551 aliquatenus

1011 2566 1168 2606 coaequati
1181 2587 1190 2604 ,
1206 2564 1322 2595 dlcatis
1347 2562 1482 2592 Domino
1501 2559 1569 2588 Deo
1582 2557 1690 2588 vestro
1701 2579 1711 2595 ,

1012 2621 1085 2642 eum
1105 2610 1265 2641 veneritis
1279 2609 1354 2639 aute
1369 2608 1521 2637 thronum
1539 2603 1647 2642 gloriae
1661 2602 1713 2640 ip-

321 2659 349 2692 1.
360 2660 397 2690 ΙΝ
411 2658 464 2690 via
478 2659 574 2697 estis,
586 2658 732 2697 Fratres,
748 2666 819 2697 quae
834 2656 923 2688 ducit
938 2657 977 2687 ad
1011 2659 1078 2688 sius
1094 2666 1101 2686 τ
1116 2658 1229 2688 Laetatz'
1241 2663 1345 2686 sumus
1354 2661 1411 2692 pro
1427 2650 1528 2681 dicbus
1541 2649 1647 2688 quibus
1658 2657 1719 2679 nos.

466 2539 636 2572 SEnMO
660 2539 789 2571 XXII.

453 2606 493 2630 De
505 2604 685 2636 quadruplici
700 2604 800 2628 debito.
