1846 3078
547 242 589 269 lN
616 241 813 269 (ᾺΝΤΙΩΑ
839 238 1131 274 §filino-LXVI.

135 296 267 338 Propter
283 298 340 328 hoc
356 304 482 335 quoque
498 297 531 327 et
546 296 651 326 infans
666 297 760 326 natus
774 294 834 331 est,

136 346 169 375 ‹Jt
185 354 242 384 per
253 344 394 382 singulos
417 343 548 373 aetatum
566 343 683 381 gradus
698 341 836 381 profecit

135 390 169 418 in
186 390 290 420 virum
303 411 312 426 ,
328 390 364 419 ut
375 389 457 418 nulli
471 388 598 419 deesset
612 387 713 418 aetati.

176 436 226 465 11.
254 435 321 464 Non
342 435 478 464 credunt
493 435 600 472 ignem
617 433 836 472 purgatorium

134 481 255 511 restare
264 481 335 518 post
348 481 500 518 mortem3
514 481 570 510 sed
577 481 684 510 statim
696 479 836 508 animam

133 526 268 556 solutam
280 534 298 556 a
310 535 455 565 corpore,
468 526 520 557 vel
529 525 569 555 ad
579 524 725 563 requiem
735 525 838 553 trans-

132 569 181 599 ire
197 592 207 607 ,
232 571 288 600 vel
319 571 360 601 ad
399 570 650 601 damnationem.
685 567 838 606 Quaerant

133 623 208 653 ergo
223 616 263 645 ab
279 625 334 655 eo,
358 616 415 655 qui
430 616 515 646 dixit
537 614 699 653 quoddam
723 621 838 652 pecca·

133 663 202 692 tum
227 670 315 700 esse,
343 662 429 701 quod
454 669 562 700 neque
578 660 684 690 inhoe
698 659 835 696 saeculo,

132 714 239 746 neque
264 708 299 738 in
315 707 424 738 futuro
439 706 679 742 remitteretur,
703 712 761 734 cur
777 705 835 734 hoc

133 751 273 791 dixerit,
302 753 330 784 si
351 753 440 784 nulla
460 752 573 783 manet
596 752 631 781 in
659 751 768 780 futuro
783 758 836 780 re-

134 798 242 829 missio
256 799 444 837 purgatiove
458 797 596 836 peceati.
609 797 679 826 Jam
691 804 768 827 vero
781 795 835 834 qui

134 843 305 873 Ecclesiam
323 852 387 873 non
408 842 602 882 agnoscunt,
623 850 688 872 non
703 841 753 871 est
772 842 837 871 mi-

133 896 203 918 rum
217 889 244 918 si
266 889 441 918 Ordinibus
463 889 612 919 Ecclesiae
637 887 834 925 detrahunt,

131 933 159 962 si
170 933 316 964 instituta
323 942 389 964 non
399 934 582 972 recipiunt,
597 934 622 964 si
631 933 836 964 Sacramenta

131 979 360 1018 contemnunt,
375 980 402 1010 si
417 980 575 1010 mandatis
589 987 653 1009 non
666 979 834 1010 obediunt.

131 1025 337 1064 Peccatores,
354 1026 528 1065 inquiunt,
543 1025 619 1056 sunt
640 1025 814 1063 Apostolici
825 1047 834 1063 ,

133 1071 393 1110 Areliiepiscopi,
429 1071 599 1109 Episcopi,
625 1070 808 1108 Presbyteri
825 1080 833 1100 :

132 1124 168 1145 ac
182 1124 240 1154 per
255 1117 315 1147 hoc
328 1125 390 1147 nec
405 1117 517 1147 dandis
528 1139 538 1156 ,
553 1125 614 1147 nec
635 1116 836 1155 accipiendis

132 1161 242 1191 idonei
254 1162 481 1193 Sacramentis.
497 1164 678 1201 Numquam
696 1162 759 1191 duo
774 1162 835 1192 ista

132 1209 342 1246 convenient,
355 1209 542 1247 episcopum
555 1216 624 1238 esse
637 1208 670 1237 et
684 1208 835 1246 peccato-

130 1252 220 1282 rem?
246 1254 374 1284 Falsum
395 1255 455 1284 est.
480 1254 655 1292 Episcopus
673 1255 742 1285 erat
764 1254 835 1284 Cai-

131 1298 211 1336 phas
226 1307 234 1327 :
252 1301 285 1329 et
304 1300 415 1329 tamen
440 1301 578 1337 quantus
593 1300 762 1338 peccator,
779 1299 834 1338 qui

131 1344 165 1373 in
193 1344 368 1374 Dominum
396 1345 508 1375 mortis
534 1344 677 1375 dictabat
705 1346 836 1375 senten-

130 1389 229 1418 tiam?
256 1389 289 1419 Si
314 1398 411 1428 negas
434 1390 640 1428 episcopum,
667 1391 780 1428 arguet
802 1392 833 1422 te

131 1435 354 1465 testimonium
368 1435 542 1473 Johannis,
559 1436 615 1474 qui
632 1444 706 1465 eum
721 1437 754 1466 in
769 1437 834 1467 tes—

131 1481 302 1511 timonium
315 1481 364 1512 sui
374 1481 576 1519 pontificatus
587 1481 686 1510 etiam
696 1482 833 1520 prophe-

130 1527 213 1556 tasse
229 1527 340 1557 refert.
366 1526 533 1564 Apostolus
558 1527 629 1556 erat
655 1527 753 1556 Judas
775 1537 782 1556 :
801 1528 833 1557 et

130 1572 208 1602 licet
219 1580 335 1602 avarus
345 1573 378 1602 et
386 1573 561 1603 sceleratus
570 1594 579 1609 ,
592 1572 715 1603 electus
726 1574 833 1603 tamen

130 1626 146 1646 a
172 1617 320 1648 Domino.
347 1619 393 1647 An
418 1619 454 1647 tu
470 1618 510 1647 de
536 1617 624 1648 illius
654 1618 834 1656 apostolatu

130 1664 274 1702 dubitas,
295 1672 391 1701 quem
413 1664 567 1693 Dominus
590 1663 710 1700 elegit?
724 1665 834 1695 Nonne

130 1719 200 1748 eqo,
218 1709 339 1747 inquit,
356 1719 408 1739 vos
425 1710 582 1739 duodecim
605 1710 696 1747 eleyi,
712 1711 740 1739 et
754 1719 834 1741 unus

130 1766 169 1785 «nc
194 1756 278 1786 robis
307 1755 445 1785 diabolus
469 1754 533 1785 est?
558 1755 657 1784 Audis
682 1755 834 1785 eumdem

130 1802 272 1831 electum
300 1801 506 1839 Apostolum,
521 1800 556 1831 et
581 1801 745 1831 exstitisse
766 1801 835 1831 ‹lia-

130 1848 257 1885 bolum3
275 1848 307 1877 et
322 1856 418 1885 negas
434 1856 525 1885 posse
542 1855 611 1877 esse
629 1848 834 1886 episcopum,

129 1893 184 1931 qui
216 1896 365 1931 peccator
400 1893 471 1923 est?
502 1893 606 1931 Super
648 1895 835 1924 cathedram

129 1939 228 1978 Moysi
244 1939 399 1969 sederunt
423 1939 542 1969 Scribae
558 1940 591 1969 et
614 1940 786 1978 Pharisaei,
803 1942 836 1972 et

129 1984 185 2023 qui
206 1993 271 2014 non
290 1985 485 2014 obedierunt
510 1985 557 2014 eis
579 1986 743 2023 tamquam
765 1986 836 2023 epi-

129 2031 251 2069 scopis,
267 2030 497 2060 inobedientiae
512 2032 561 2060 rei
573 2031 723 2070 fuerunt,
737 2034 835 2063 etiam

130 2077 164 2106 in
192 2077 300 2114 ipsum
326 2076 500 2105 Dominum
521 2077 786 2117 praecipientem,
803 2083 836 2110 et

128 2122 292 2152 dicentem
304 2131 312 2151 :
330 2124 405 2161 Quoe
421 2123 522 2153 dicunt
534 2123 636 2159 facite.
648 2124 737 2153 Patet
748 2133 834 2164 ergo,

128 2169 279 2206 quamvis
318 2167 455 2205 Scribae,
484 2169 632 2206 quamvis
662 2169 834 2209 Pharisaei,

128 2214 276 2252 quamvis
300 2214 457 2243 videlicet
472 2214 607 2243 maximi
628 2217 833 2255 peccatores;

127 2260 261 2298 propter
273 2259 460 2289 cathedram
472 2261 581 2290 tamen
592 2261 709 2299 Moysi,
725 2262 765 2291 ad
782 2271 835 2293 eos

129 2313 255 2343 quoque
267 2305 480 2336 nihilominus
489 2307 655 2344 pertinere
662 2308 747 2344 quod
756 2308 834 2339 item

130 2350 213 2379 «lixit
229 2359 238 2379 ε
253 2352 312 2389 Qui
338 2359 392 2381 vos
419 2352 522 2388 audit,
549 2360 597 2382 me
612 2354 716 2392 audit3
732 2356 760 2384 et
783 2357 837 2394 (μιῖ

129 2405 182 2426 vos
195 2397 328 2434 spernit,
343 2405 391 2426 me
411 2398 536 2434 sperm't.

170 2442 220 2471 12.
236 2443 335 2471 Multa
345 2442 479 2480 quidem
496 2444 528 2473 et
542 2443 605 2482 alia
622 2444 700 2486 huie
716 2446 833 2483 populo

130 2488 228 2517 stulto
244 2488 457 2526 etinsipienti
473 2497 491 2518 a
513 2489 683 2526 spiritibus
698 2491 832 2529 erroris,

129 2533 162 2562 in
191 2534 355 2572 hypocrisi
376 2534 584 2572 loquentibus
609 2536 833 2576 mendacium,

130 2578 213 2608 mala
228 2587 378 2617 persuasa
390 2580 464 2610 sunt
477 2589 484 2609 :
499 2580 631 2610 sednon
641 2582 689 2612 est
703 2590 834 2620 respon-

130 2623 206 2652 dere
219 2623 259 2653 ad
274 2623 393 2653 omnia.
410 2624 489 2661 Quis
501 2625 589 2654 enim
605 2626 712 2655 onmia
724 2627 834 2656 novit?

131 2668 254 2699 Deinde
266 2669 356 2699 labor
372 2670 515 2701 infinitus
530 2670 633 2707 esset,
650 2671 683 2700 et
698 2671 832 2702 minime

284 2720 307 2737 A,

1511 244 1570 274 570

870 293 1079 323 necessarius.
1092 293 1169 322 Nam
1182 293 1342 330 quantum
1352 295 1391 325 ad
1408 296 1482 328 istos
1491 320 1500 336 ,
1512 306 1573 328 nee

869 339 1048 369 rationibus
1057 338 1306 376 convincuntur,
1317 341 1391 377 quia
1402 350 1463 372 non
1475 343 1572 373 intel-

869 380 991 423 li'guntg
1003 393 1064 415 nec
1079 384 1327 414 auctoritatibus
1348 387 1571 426 corriguntur,

868 431 944 468 quia
959 439 1024 461 non
1039 430 1222 469 recipiunt:
1239 438 1299 459 nec
1313 430 1486 461 flectuntur
1498 442 1572 462 sua-

869 476 1028 514 sionibus,
1049 477 1125 515 quia
1141 476 1288 506 subversi
1301 477 1386 506 sunt.
1402 477 1573 508 Proh-atum

869 523 917 552 est
933 523 1032 553 :mori
1042 522 1144 561 magis
1157 522 1299 561 eligunt,
1309 530 1405 560 quam
1416 525 1573 553 converti.

868 568 990 598 Horum
1005 568 1079 598 finis
1090 568 1242 599 interitus
1251 590 1261 606 ,
1272 568 1388 597 horum
1402 566 1576 597 novissima

867 613 1056 644 incendium
1080 614 1202 644 manet.
1220 614 1342 643 Horum
1363 613 1524 651 siquidem
1542 612 1577 642 in

868 659 953 688 facto
962 659 1095 689 Samson
1109 668 1151 689 ex
1164 659 1328 689 succensis
1337 659 1485 697 vulpium
1502 667 1578 689 cau-

868 704 918 734 dis
932 704 1032 742 figura
1047 705 1224 743 praeeessit.
1248 705 1443 743 Plerumque
1463 704 1577 734 fideles

867 749 997 786 iniectis
1013 750 1163 780 manibus
1179 751 1303 789 aliquos
1325 759 1368 780 ex
1383 751 1431 780 eiS
1451 750 1491 780 ad
1506 759 1577 780 me-

868 796 958 825 dium
970 796 1151 826 traxerunt.
1169 796 1303 834 Quaesiti
1315 796 1410 826 fidem
1421 817 1431 834 ,
1447 805 1522 827 cum
1537 796 1578 827 de

867 842 986 880 quibus
997 842 1140 880 suspecti
1150 842 1362 881 videbantur,
1372 842 1479 872 omnia
1489 850 1580 880 pror-

868 895 921 918 sus
936 896 994 918 suo
1019 896 1110 919 more
1131 890 1308 926 negarent,
1333 888 1512 918 examinati
1526 888 1579 925 ju-

868 933 953 963 dicio
981 942 1093 972 aquae,
1122 934 1297 964 mendaces
1327 933 1456 964 inventi
1489 938 1577 964 sunt.

867 979 1008 1018 Cumque
1014 980 1081 1018 jam
1090 988 1208 1018 negare
1218 988 1280 1010 non
1292 981 1442 1019 possent,
1452 980 1576 1018 quippe

869 1025 1083 1064 deprehensi,
1109 1034 1192 1064 aqua
1216 1034 1270 1056 eos
1295 1034 1359 1055 non
1374 1026 1576 1064 recipiente3

868 1071 996 1109 arrepto
1008 1093 1017 1109 ,
1030 1073 1067 1102 ut
1080 1071 1212 1109 dicitur,
1226 1071 1317 1102 freno
1327 1072 1497 1110 (lentibus,
1509 1072 1575 1102 tam

869 1116 1005 1155 misere,
1034 1125 1131 1155 quam
1157 1117 1261 1147 libere
1290 1117 1495 1156 impietatem
1512 1126 1577 1147 nou

869 1162 1025 1201 confessi,
1041 1163 1098 1195 sed
1113 1164 1249 1202 professi
1264 1164 1359 1202 sunt,
1379 1164 1487 1202 palam
1504 1164 1576 1202 pie-

870 1206 970 1236 tatem
994 1207 1215 1247 adstruentes,
1247 1209 1280 1239 et
1305 1218 1362 1247 pro
1386 1217 1425 1239 ea
1440 1211 1576 1240 mortem

868 1252 976 1282 subire
992 1253 1109 1291 parati.
1124 1254 1189 1284 Nec
1205 1254 1313 1284 minus
1332 1255 1436 1292 parati
1452 1254 1577 1284 inferre

867 1296 923 1335 qui
937 1298 1240 1338 adstabant.ltaque
1256 1299 1384 1330 irruens
1400 1300 1434 1330 in
1451 1308 1505 1330 eos
1520 1308 1578 1338 po-

869 1344 984 1382 pulus,
1010 1353 1111 1375 novos
1142 1346 1306 1376 haereticis
1334 1354 1400 1376 suae
1428 1346 1577 1384 ipsorum

867 1389 1011 1428 perfidiae
1036 1390 1194 1429 martyres
1223 1390 1324 1420 dedit.
1354 1391 1578 1428 Approbamus

867 1436 990 1472 zelum,
1007 1436 1063 1466 sed
1074 1436 1194 1465 factum
1206 1444 1271 1465 non
1286 1435 1460 1465 suademus
1475 1443 1484 1464 t
1498 1435 1576 1473 quia

866 1488 962 1511 mnus
991 1481 1155 1511 suadenda
1178 1481 1245 1519 est,
1273 1489 1338 1511 non
1359 1481 1573 1519 imponenda.

866 1527 1067 1565 Quamquam
1095 1527 1212 1557 melius
1230 1527 1444 1566 proculdubio
1469 1527 1577 1566 gladio

867 1573 1058 1603 coercentur
1068 1595 1076 1611 ,
1093 1573 1181 1602 illius
1192 1573 1350 1604 videlicet
1364 1573 1421 1611 qui
1432 1582 1496 1603 non
1505 1573 1575 1603 sine

867 1626 960 1647 causa
986 1619 1129 1656 gladium
1156 1619 1282 1657 portat,
1310 1628 1408 1657 quam
1431 1619 1465 1648 in
1480 1628 1576 1649 suum

868 1671 1011 1693 errorem
1026 1665 1146 1693 multos
1160 1664 1311 1701 trajicere
1327 1664 1573 1702 permittantur.

865 1710 925 1738 Dei
939 1710 1020 1738 enim
1032 1711 1172 1739 minister
1183 1710 1232 1740 ille
1247 1712 1290 1740 est
1300 1732 1310 1748 ,
1326 1711 1438 1740 vindex
1450 1711 1482 1740 in
1493 1711 1577 1740 iram

867 1756 895 1784 οἱ
908 1756 962 1793 qui
974 1756 1055 1785 male
1073 1757 1148 1793 aqll.

909 1801 958 1830 15.
975 1801 1130 1830 Mirantur
1145 1801 1265 1840 aliqui,
1280 1802 1366 1840 quod
1391 1810 1454 1832 non
1478 1801 1573 1831 modo

869 1845 1048 1883 patienter,
1071 1846 1128 1875 sed
1154 1847 1188 1876 et
1217 1847 1281 1877 laeli
1293 1869 1303 1886 ,
1320 1849 1356 1878 ut
1382 1847 1574 1884 videbatur,

868 1892 1066 1922 ducerentur
1091 1892 1130 1922 ad
1162 1895 1299 1923 mortem
1317 1902 1327 1923 t
1344 1893 1401 1924 sed
1428 1893 1485 1931 qui
1513 1894 1576 1922 mi-

868 1946 927 1967 nus
944 1938 1137 1976 advertunt,
1153 1941 1273 1976 quanta
1292 1939 1334 1968 sit
1349 1939 1491 1977 potestas
1506 1938 1578 1968 dia-

868 1984 933 2013 boli
944 2006 952 2022 ,
969 1992 1033 2013 non
1060 1985 1153 2013 modo
1182 1984 1214 2013 in
1240 1992 1373 2022 corpora
1388 1984 1553 2013 hominum
1565 2006 1576 2021 ,

869 2030 926 2059 sed
943 2030 1042 2059 etiam
1057 2030 1091 2059 in
1109 2029 1204 2060 corda
1216 2052 1225 2067 ,
1241 2039 1312 2068 quae
1326 2030 1427 2059 semel
1441 2031 1577 2068 permis-

869 2084 921 2106 sus
937 2076 1128 2114 possederit.
1152 2077 1262 2106 Nonne
1280 2077 1352 2114 plus
1369 2078 1418 2106 est
1443 2076 1576 2106 sibimet

870 2122 1035 2151 hominem
1061 2122 1197 2158 injicere
1225 2130 1338 2151 manus
1350 2144 1359 2160 ,
1376 2130 1472 2159 quam
1489 2122 1521 2151 id
1537 2122 1578 2151 li-

869 2168 984 2197 benter
1000 2168 1039 2197 ab
1056 2168 1120 2197 alio
1136 2168 1319 2198 sustinere?
1333 2168 1400 2197 Hoc
1417 2168 1527 2197 autem
1543 2167 1578 2197 in

868 2214 980 2243 multis
1009 2214 1152 2252 potuisse
1191 2214 1356 2244 diabolum
1386 2213 1579 2252 frequenter

869 2259 997 2297 experti
1027 2268 1158 2298 sumus,
1187 2259 1244 2298 qui
1270 2260 1392 2297 seipsos
1419 2261 1474 2289 aut
1499 2260 1578 2289 sub—

868 2306 1071 2343 merserunt,
1086 2307 1143 2336 aut
1158 2306 1410 2344 suspenderunt.
1428 2306 1577 2342 Denique

867 2351 964 2381 Judas
985 2351 1155 2388 suspendit
1180 2351 1344 2390 seipsum,
1363 2350 1489 2380 diabolo
1505 2350 1573 2379 sine

868 2397 967 2427 dubio
996 2397 1209 2428 immittente.
1236 2399 1299 2435 Ego
1325 2397 1434 2426 tamen
1471 2395 1576 2431 majus

869 2443 1039 2479 existimo,
1054 2443 1220 2481 magisque
1241 2443 1400 2477 admiror,
1418 2440 1499 2477 quod
1516 2447 1574 2476 po-

868 2489 932 2518 tuit
956 2489 1127 2518 immisisse
1144 2489 1178 2518 in
1201 2497 1254 2518 cor
1280 2488 1350 2524 ejus
1375 2486 1409 2514 ut
1433 2484 1573 2513 traderet

868 2535 1064 2573 Dominum,
1082 2543 1179 2572 quam
1205 2535 1241 2564 ut
1266 2532 1476 2567 semetipsum
1502 2538 1573 2558 sus-

868 2580 1037 2619 penderet.
1054 2580 1141 2609 Nihil
1158 2588 1232 2617 ergo
1248 2577 1352 2607 simile
1366 2574 1484 2604 habent
1498 2582 1572 2603 con·

869 2627 985 2657 stantia
997 2626 1172 2664 Martyrum
1181 2646 1191 2662 ,
1204 2623 1237 2653 et
1249 2620 1425 2661 pertinacia
1438 2619 1570 2649 horum:

870 2673 944 2711 quia
955 2672 1067 2703 mortis
1085 2669 1301 2707 contemptum
1315 2666 1349 2696 in
1364 2665 1429 2695 illis
1444 2665 1546 2703 pietus
1560 2686 1570 2702 ,

1388 2712 1418 2739 aa
