1810 3073
277 228 335 259 ³80

277 283 449 315 diffuderat
461 289 526 316 suae
537 283 699 323 oplnionis
714 283 847 313 odorem
857 304 866 320 ,
879 279 984 311 refert

263 330 317 371 lde
328 339 371 361 eo
391 330 555 369 Scriptura
571 339 579 360 :
605 332 685 370 Quia
698 329 902 368 coqnorerant
918 334 984 355 om-

276 384 327 406 nes
350 385 371 406 a
389 377 463 406 Dan
483 385 577 415 usqae
597 375 766 411 Bersabee,
788 374 867 412 qaod
887 371 982 409 fidelis

274 422 399 452 Samuel
412 422 560 461 propheta
582 422 655 452 esset
679 420 816 450 Domini.
833 417 920 454 Quid
943 415 983 444 de

273 467 380 505 Moyse
394 466 524 498 dicam?
539 466 660 504 quanto
676 464 773 502 adipe
796 462 830 493 et
844 462 984 503 pingue-

274 512 351 542 dine
382 515 415 543 et
440 514 510 551 ipse
535 510 723 549 repieverat
748 509 875 538 viscera
901 501 984 537 sua?

274 559 338 589 Nec
353 558 467 588 domus
487 558 544 587 illa
568 563 782 594 exasperans,
800 553 834 583 in
849 561 910 591 qua
924 560 982 591 pro

275 606 421 641 tempore
434 603 625 632 versabatur
635 623 643 638 ,
659 600 766 638 potuit
780 606 933 636 umquam
950 597 981 627 in

275 650 363 678 omni
391 654 557 677 murmure
585 647 618 676 et
641 645 750 675 furore
777 652 835 674 suo
856 643 982 673 unctio-

275 702 349 723 nem
358 693 491 731 spiritus
500 714 510 730 ‚
523 700 586 731 qua
600 692 702 722 semel
711 691 854 720 imbutus
862 689 980 726 fuerat,

275 740 512 777 exterminare,
532 738 707 777 quominus
729 738 816 772 inter
837 736 982 766 assiduas

276 785 350 814 lites
374 786 408 814 et
434 785 620 823 quotidiana
643 783 750 821 jurgia
774 783 844 821 ipse
867 782 900 811 in
925 789 981 811 sua

276 831 525 860 mansuetudine
549 829 754 868 perduraret.
776 828 891 857 Merito
915 827 981 856 tes-

277 877 364 907 tatus
379 877 428 907 est
443 876 582 914 Spiritus
608 876 737 905 sanctus
761 873 801 903 de
823 882 880 911 eo,
896 872 981 911 quod

277 924 362 953 esset
383 924 560 953 *mitissimus
582 922 719 952 omnium
734 921 893 950 hominum
905 941 915 956 ,
930 921 983 958 qui

275 969 484 999 morabantur
521 977 613 1006 saper
649 969 778 996 terram.
814 965 981 1002 Siquidem

276 1024 351 1044 cum
365 1014 417 1044 his
432 1013 488 1053 qui
505 1012 640 1043 oderant
654 1020 767 1049 pacem
777 1033 786 1049 ,
809 1011 879 1040 erat
893 1010 981 1048 paci-

275 1060 371 1098 ficus,
393 1060 427 1089 in
452 1059 579 1089 tantum
600 1058 636 1087 ut
658 1058 777 1096 populo
800 1056 925 1094 ingrato
951 1057 980 1085 et

276 1106 393 1136 rebelli
414 1113 479 1134 non
494 1103 588 1133 modo
609 1111 674 1132 non
699 1102 910 1139 irasceretur,
927 1101 983 1130 sed

277 1153 311 1182 et
340 1152 533 1181 irascentem
563 1150 669 1179 Deum
705 1156 763 1178 suo
797 1147 983 1177 interventu

276 1197 415 1233 leniret,
425 1196 510 1225 sicut
524 1194 682 1232 scriptum
694 1193 744 1222 est
756 1201 764 1221 ε
775 1193 865 1223 Dixit
876 1193 909 1221 ut
924 1192 984 1221 ‹lis-

276 1244 413 1282 perderet
428 1251 494 1278 eos,
511 1242 538 1271 si
557 1249 620 1269 non-
644 1240 761 1276 Moyses
785 1239 894 1268 electus
921 1237 984 1274 ejas

277 1290 403 1319 stetisset
418 1289 449 1317 in
465 1287 671 1325 confractione
687 1287 717 1314 in
739 1285 897 1322 conspecta
908 1282 983 1320 ejus,

278 1337 312 1364 ut
327 1335 475 1364 averteret
497 1334 575 1362 tram
589 1332 653 1369 ejus
670 1340 708 1360 ne
728 1330 909 1368 disperderet
924 1338 983 1358 eos.

277 1380 445 1418 Denique,
468 1380 503 1409 Sz'
525 1379 677 1413 dimittas,
695 1376 758 1413 ait,
776 1376 891 1404 dimitte
914 1375 984 1405 :sin

279 1429 401 1462 autem,
417 1426 478 1455 dele
499 1434 546 1454 ‘me
567 1425 601 1453 de
618 1423 695 1453 libro
721 1424 771 1452 tao
787 1429 875 1459 quem
889 1421 986 1457 ,scrip-

278 1473 354 1503 sisti.
367 1472 391 1500 O
407 1479 484 1500 vere
500 1470 665 1499 hominem
680 1468 815 1497 unctum
830 1466 984 1495 unctione

280 1515 531 1547 misericordiae!
548 1514 706 1552 Loquitur
728 1513 825 1550 plane
841 1510 986 1549 parentis

280 1564 416 1600 affectu,
441 1569 538 1600 quam
569 1560 660 1590 nulla
690 1558 791 1596 possit
822 1556 984 1586 delectare

281 1609 439 1644 felicitas,
466 1605 650 1636 exsortibus
682 1612 761 1642 quos
795 1601 983 1641 parturivit.

281 1654 379 1684 Verbi
395 1653 514 1691 gratia,
531 1652 557 1681 si
575 1651 666 1680 dives
680 1649 841 1687 quispiam
855 1646 985 1677 mulieri

281 1700 488 1740 pauperculae
521 1697 608 1727 dicat
637 1705 645 1725 ι
676 1695 848 1733 Ingredere
881 1695 918 1724 tu
947 1695 985 1724 ad

281 1746 455 1786 prandium
470 1751 599 1781 meum,
615 1742 671 1772 sed
696 1749 792 1780 quem
818 1740 923 1778 gestas
938 1740 986 1770 in-

281 1793 443 1823 fantulum
467 1790 616 1827 relinque
632 1788 726 1825 foris,
742 1787 895 1825 quoniam
916 1787 986 1825 plo-

282 1840 350 1876 rat,
375 1839 408 1867 et
430 1837 586 1866 molestus
608 1835 656 1864 est
680 1833 774 1864 nobis
796 1841 804 1862 ε
828 1833 986 1871 numquid

283 1882 401 1914 faciet?
422 1883 534 1912 Nonne
567 1881 667 1918 magis
692 1879 792 1918 eliget
817 1879 985 1917 jejunare,

283 1938 381 1970 quam
397 1928 543 1966 exposito
555 1927 690 1965 pignore
703 1934 793 1962 caro,
809 1925 876 1954 sola
890 1933 985 1963 pran-

282 1978 362 2007 dere
385 1983 459 2006 cum
482 1972 608 2003 divite?
624 1973 671 2002 Ita
693 1980 753 2001 nec
773 1971 872 2009 Moysi
897 1971 985 2000 sedet

283 2023 389 2053 solum
410 2029 443 2051 se
460 2018 624 2049 introduci
638 2019 674 2048 in
691 2018 842 2056 gaudium
858 2017 985 2047 Domini

284 2069 353 2106 sui,
377 2067 454 2096 foris
484 2065 610 2095 scilicet
634 2065 824 2094 remanente
850 2064 985 2102 populo;

285 2114 337 2143 cui
348 2135 357 2151 ,
369 2112 445 2143 licet
462 2111 607 2149 inquieto
619 2111 651 2140 et
665 2109 887 2148 ingrat0,vice
904 2109 987 2146 pari-

284 2161 336 2188 ter
350 2160 383 2188 et
397 2157 566 2187 affectione
581 2155 692 2185 matris
708 2155 857 2185 inliaeret.
872 2155 988 2184 Dolent

287 2204 427 2241 viscera,
443 2203 498 2232 sed
512 2202 768 2232 tolerabiliorem
791 2201 850 2230 sibi
865 2200 990 2237 judicat

287 2248 479 2284 tortionem,
495 2255 592 2284 quam
613 2246 826 2275 evulsionem.

328 2294 359 2323 5.
372 2293 455 2329 Quid
471 2293 574 2321 David
588 2292 787 2321 mansuetius
798 2313 806 2329 ,
822 2291 878 2329 qui
902 2291 990 2320 illius

288 2339 425 2369 mortem
463 2337 612 2374 lugebat,
651 2339 705 2375 qui
735 2345 825 2367 suain
863 2345 991 2374 semper

289 2382 439 2415 sitierat?
457 2382 541 2418 Quid
566 2383 740 2420 benignius
753 2404 762 2420 ,
787 2385 821 2412 ut
837 2382 909 2419 ejus
924 2392 991 2412 lno-

289 2431 372 2461 leste
384 2429 485 2458 ferret
511 2427 677 2457 decessum
690 2450 699 2464 ,
717 2429 769 2457 cui
797 2428 990 2458 succedebat

291 2477 326 2506 in
341 2472 501 2512 reguum?
516 2472 577 2501 Sed
593 2474 625 2502 et
640 2472 679 2502 de
697 2474 799 2502 morte
823 2474 991 2510 parricidae

291 2521 471 2558 tilii‚quam
484 2518 616 2549 difficile
629 2519 878 2547 consolationem
891 2519 992 2548 admi-

293 2566 354 2598 sit?
366 2566 510 2603 Magnam
525 2564 668 2602 proiecto
684 2563 814 2601 optimae
830 2565 992 2594 unctionis

293 2612 419 2651 copiam
430 2610 623 2649 praetcrebat
635 2609 708 2639 talis
721 2609 859 2639 affectio.
874 2609 947 2639 Ideo
961 2612 990 2639 et

293 2665 426 2689 securus
447 2656 577 2694 orabat,
595 2655 726 2687 dicens:
741 2656 912 2692 Memento,
929 2657 992 2687 Do-

741 230 774 257 S.
793 226 1027 258 BERNARDI
1044 224 1239 255 ABBATrs

1017 280 1116 316 mine,
1141 281 1241 310 David
1251 300 1263 317 ,
1290 280 1320 310 et
1347 280 1446 310 omnis
1474 278 1715 311 mansuetudinis

1017 324 1092 361 eJ'us.
1102 325 1180 366 Ergo
1192 324 1226 353 hi
1240 333 1349 354 omnes
1358 325 1542 355 habuerunt
1552 326 1715 362 unguenta

1017 369 1155 408 optima,
1171 370 1289 408 quibus
1304 371 1465 408 hodieque
1479 378 1537 408 per
1548 370 1717 402 universas

1017 416 1172 446 ecclesias
1191 415 1382 446 suavissime
1404 417 1563 446 redolent.
1586 417 1650 445 Nec
1665 424 1717 446 so-

1017 463 1084 491 lum
1099 463 1184 500 ipsi,
1200 462 1257 492 sed
1279 462 1312 491 et
1331 463 1526 500 quicumque
1550 471 1583 492 se
1605 462 1638 491 in
1654 462 1716 492 hac

1017 508 1082 537 vita
1096 509 1139 538 ita
1151 508 1326 538 benevolos
1342 509 1374 537 et
1389 508 1549 538 beneficos
1567 508 1717 546 praebue-

1016 554 1107 591 runt,
1125 554 1169 583 ita
1187 554 1271 583 inter
1284 553 1430 583 homines
1446 553 1586 583 humane
1602 553 1715 584 vivere

1015 599 1230 637 studuerunt,
1257 600 1418 637 quatenus
1443 607 1590 636 omnem,
1615 607 1714 637 quam

1015 645 1076 674 visi
1102 646 1179 676 sunt
1205 645 1357 675 habuisse
1384 645 1518 682 gratIam
1529 667 1538 682 ,
1562 653 1626 677 non
1651 644 1714 674 sibi

1017 691 1184 728 tenerent,
1197 690 1299 720 sedin
1316 698 1486 719 commune
1503 689 1713 727 deducerent,

1013 737 1210 766 aestimantes
1228 746 1261 766 se
1283 736 1397 765 amicis
1411 735 1533 774 pariter
1549 736 1581 764 et
1602 735 1715 765 inimi-

1014 783 1077 820 cis,
1094 783 1297 821 sapientibus
1320 783 1352 811 et
1374 781 1608 819 insipientibus
1623 781 1715 811 debi-

1015 831 1110 859 tores.
1126 830 1268 866 Cumque
1285 827 1422 858 fuissent
1435 827 1532 857 utiles
1547 827 1714 865 omnibus,

1014 875 1154 904 humiies
1169 875 1202 903 in
1218 873 1390 910 omnibus,
1413 874 1447 902 et
1469 881 1535 910 prae
1563 872 1715 903 omnibu-³

1014 921 1213 951 exstiterunt
1228 920 1340 950 dilecti
1356 920 1425 948 Deo
1445 919 1478 948 et
1500 918 1687 949 hominibus
1703 927 1714 949 ³

1013 974 1150 1003 quorum
1166 966 1343 1003 fragrantia
1358 964 1392 994 in
1409 964 1637 994 benedictione
1651 966 1712 995 est.

1014 1011 1190 1049 Quotquot,
1207 1011 1339 1048 inquam
1348 1032 1357 1047 ,
1370 1010 1452 1040 tales
1466 1010 1714 1048 praecesserunt,

1015 1057 1196 1093 fragrarunt
1208 1056 1275 1085 suis
1290 1055 1489 1092 temporibus
1501 1076 1510 1090 ,
1524 1054 1667 1092 fragrant
1682 1054 1716 1085 et

1017 1102 1113 1131 hodie
1128 1100 1304 1139 unguentis
1320 1099 1464 1138 optimis.
1476 1099 1525 1128 Tu
1545 1107 1672 1137 quoque
1687 1100 1716 1130 si

1016 1148 1134 1177 donum
1151 1146 1235 1186 quod
1256 1146 1396 1183 desuper
1421 1144 1597 1182 accepisti,
1622 1145 1716 1176 nobis

1016 1192 1302 1223 contubernalibus
1317 1192 1380 1221 tuis
1392 1191 1533 1221 libenter
1549 1190 1717 1229 impertia-

1018 1239 1077 1277 ris,
1099 1238 1126 1268 si
1151 1239 1185 1268 te
1216 1238 1373 1268 exhibeas
1401 1237 1522 1275 ubique
1548 1236 1634 1266 inter
1658 1245 1717 1269 nos

1017 1284 1194 1314 officiosum
1204 1306 1214 1321 ,
1231 1284 1257 1313 si
1279 1284 1487 1313 affectuosum
1499 1304 1509 1320 ,
1525 1282 1552 1312 si
1567 1283 1693 1320 gratum
1705 1305 1715 1322 ,

1017 1330 1042 1359 si
1058 1330 1263 1359 tractabilem
1275 1351 1284 1367 ,
1306 1329 1333 1358 si
1358 1328 1518 1358 humilem
1541 1336 1549 1356 :
1566 1328 1716 1358 testimo-

1019 1376 1107 1405 nium
1120 1375 1254 1405 habebis
1269 1375 1308 1404 ab
1325 1374 1488 1411 omnibus,
1498 1373 1585 1411 quod
1597 1373 1717 1412 fragres

1018 1423 1050 1451 et
1076 1422 1145 1460 ipse
1170 1420 1348 1459 unguentis
1374 1419 1517 1458 optimis.
1544 1420 1654 1450 Omnis
1683 1419 1717 1450 in

1019 1468 1127 1505 vobis,
1154 1467 1209 1505 qui
1226 1467 1384 1496 fraternas
1400 1465 1624 1503 infirmitates,
1647 1466 1715 1496 tam

1018 1521 1186 1552 corporum
1196 1534 1205 1549 ‚
1221 1520 1317 1550 quain
1333 1511 1525 1547 animorum,
1538 1519 1602 1540 non
1614 1511 1716 1540 solum

1018 1559 1181 1598 patienter
1210 1556 1394 1595 supportat,
1428 1555 1486 1585 sed
1514 1556 1664 1594 insuper,
1690 1556 1718 1586 si

1019 1605 1112 1643 licet,
1125 1606 1159 1634 et
1171 1604 1198 1633 si
1214 1603 1302 1632 valet
1318 1624 1327 1640 ,
1340 1601 1433 1639 juvat
1445 1601 1627 1639 obsequiis,
1642 1610 1718 1632 con-

1018 1651 1116 1681 fortat
1131 1648 1281 1687 alloquiis
1294 1670 1304 1686 ,
1319 1647 1463 1678 consiliis
1478 1646 1631 1677 informat
1658 1656 1666 1676 :
1689 1647 1718 1678 si

1018 1698 1077 1726 hoc
1100 1703 1163 1725 non
1192 1694 1302 1733 potest
1332 1694 1465 1731 propter
1490 1692 1719 1731 disciplinam,

1018 1741 1165 1772 sollicitis
1191 1740 1307 1770 saltem
1345 1738 1544 1768 orationibus
1571 1739 1717 1768 solatiari

1019 1797 1081 1818 non
1106 1786 1209 1817 cessat
1233 1785 1361 1815 infirmo
1388 1792 1398 1813 τ
1419 1783 1540 1820 omnis,
1566 1783 1718 1822 inquam,

1019 1835 1075 1873 qui
1088 1833 1165 1864 talia
1176 1832 1329 1871 operatur
1343 1830 1377 1859 in
1392 1829 1484 1860 vobis
1494 1851 1504 1866 ,
1514 1828 1634 1858 bonum
1649 1837 1720 1858 om-

1018 1881 1094 1911 nino
1117 1878 1239 1918 spargit
1259 1877 1391 1908 odorem
1416 1876 1501 1904 inter
1523 1874 1658 1912 fratres,
1685 1876 1719 1905 et

1019 1927 1150 1956 odorem
1159 1924 1199 1954 de
1207 1922 1381 1961 unguentis
1388 1920 1529 1959 optimis.
1538 1921 1719 1950 Balsamum

1020 1973 1053 2002 iu
1070 1979 1143 2009 ore,
1168 1967 1395 2006 hujuscemodi
1409 1967 1510 1996 frater
1535 1966 1569 1995 in
1588 1974 1721 2004 tongre-

1020 2018 1148 2057 gatione
1165 2024 1173 2045 t
1191 2015 1387 2045 monstratur
1409 2012 1531 2050 digito,
1557 2012 1590 2041 et
1605 2012 1718 2041 dicunt

1020 2064 1059 2094 de
1076 2071 1113 2093 eo
1131 2070 1242 2092 omnes
1257 2069 1266 2090 ι
1281 2061 1336 2090 Hic
1348 2061 1390 2090 est
1405 2059 1540 2097 fratrum
1560 2059 1683 2088 amator
1693 2058 1721 2088 et

1019 2109 1124 2148 populi
1143 2107 1260 2145 Israel,·
1286 2105 1334 2135 Ιιὶε
1357 2104 1472 2142 estqui
1498 2103 1628 2133 „tultam
1653 2103 1722 2132 orat

1020 2163 1075 2194 pro
1086 2154 1196 2192 populo
1205 2173 1215 2189 ,
1232 2153 1259 2181 ct
1271 2151 1411 2181 universa
1426 2150 1534 2179 sancta
1548 2149 1678 2178 civitate.

1062 2200 1092 2230 6.
1116 2199 1181 2229 Sed
1201 2204 1407 2228 recurramus
1434 2194 1473 2224 ad
1488 2193 1721 2231 Evangelium,

1023 2246 1120 2284 atque
1133 2242 1275 2282 aliquid,
1291 2241 1376 2279 quod
1388 2240 1469 2270 sorte
1485 2239 1610 2277 spectet
1635 2239 1667 2268 et
1681 2237 1720 2267 ad

1024 2293 1092 2322 liaec
1106 2289 1284 2327 unguenta,
1296 2286 1511 2324 requiramus.
1524 2285 1627 2314 illaria
1634 2285 1721 2322 May—

1023 2339 1146 2373 ‹lalene,
1162 2338 1189 2365 et
1201 2335 1305 2365 Maria
1316 2332 1425 2363 Jacobz‘
1448 2333 1477 2362 et
1488 2331 1609 2361 Salome
1621 2352 1630 2367 ,
1646 2339 1722 2360 emo-

1025 2385 1097 2413 runt
1112 2382 1274 2416 aromata,
1298 2381 1330 2409 at
1344 2379 1495 2409 venientes
1510 2378 1657 2414 unqerent
1671 2377 1723 2405 Je-

1024 2438 1104 2459 sam.
1116 2429 1272 2465 Quaenam
1286 2425 1348 2454 ista
1363 2423 1529 2462 unguenta
1543 2444 1552 2460 ,
1568 2423 1633 2452 tam
1648 2429 1722 2460 pre-

1025 2475 1107 2505 tiosa
1134 2474 1169 2503 ut
1197 2470 1316 2502 Christi
1347 2468 1475 2507 corpori
1499 2468 1655 2507 parentur
1687 2466 1720 2496 et

1027 2519 1273 2558 comparentur,
1300 2518 1364 2546 tam
1380 2515 1507 2553 copiosa
1529 2514 1567 2544 ut
1582 2513 1640 2544 toti
1657 2511 1723 2542 sus-

1026 2565 1154 2595 siciant?
1169 2564 1328 2594 Neutrum
1343 2562 1466 2600 quippe
1491 2560 1626 2590 duorum
1643 2566 1723 2597 prae-

1028 2611 1215 2640 cedentium
1245 2609 1301 2638 aut
1329 2608 1492 2645 emptum,
1522 2606 1579 2636 aut
1607 2604 1724 2634 sactum

1027 2656 1214 2694 specialiter
1229 2654 1270 2685 ad
1284 2662 1363 2693 opus
1377 2651 1528 2692 Domini,
1543 2651 1597 2682 aut
1614 2650 1677 2682 toto
1693 2649 1724 2679 in
