1810 3073
283 213 343 245 208

284 271 334 300 tra
369 270 516 301 divinum
550 271 722 303 consilium
736 271 749 302 ἓ
782 274 820 303 Et
854 270 982 303 vocavit

285 317 458 355 Satanam,
475 320 513 348 eo
528 318 612 356 quod
624 319 739 358 saluti,
756 318 817 348 etsi
833 318 982 348 nesciens

283 360 521 400 adversaretur,
533 363 589 401 qui
605 363 803 393 Salvatorem
816 362 896 392 mori
911 370 984 399 pro-

283 404 423 437 hiberet.
440 409 530 438 Unde
546 410 579 438 et
593 410 767 445 correctus,
779 408 983 446 repetentem

283 453 487 490 postmodum
502 454 594 484 triste
610 455 747 484 verbum
766 454 900 483 minime
918 453 983 490 jam

284 499 366 528 mori
379 500 501 537 vetuit,
517 500 575 529 sed
586 508 619 529 se
632 501 898 529 commoriturum
913 508 983 530 esse

282 545 442 582 promisit.
473 546 540 574 Non
571 546 679 575 autem
710 546 878 583 implevit,
908 545 983 584 quia

282 590 422 619 necdum
438 590 477 619 ad
490 590 623 619 tertium
633 591 829 628 pervenerat
837 590 982 628 gradum,

283 637 318 666 in
333 646 395 675 quo
420 639 541 668 virtute
563 638 629 667 tota
652 638 810 676 diligitur.
825 639 898 668 Erat
918 640 983 669 tota

282 683 389 712 anima
410 683 521 713 doctus
537 683 672 721 diligere
684 706 692 722 ,
709 684 765 714 sed
781 685 884 714 adhuc
898 684 985 714 intir-

281 736 370 765 mus3
387 729 470 759 bene
492 729 687 767 instructus,
711 731 767 760 sed
792 739 905 768 parum
928 731 984 760 ad-

278 773 387 811 jutus3
403 783 470 804 non
494 775 624 813 ignarus
639 776 787 814 mysterii
801 798 809 813 ,
826 777 883 806 sed
899 786 996 806 mar—¹

280 819 358 856 tyrii
382 820 531 857 pavidus.
557 821 625 850 Non
641 822 737 858 plane
764 822 819 851 illa
843 822 933 852 fortis
947 823 984 852 ut

280 872 364 894 mors
380 866 511 895 dilectio
524 867 600 897 tunc
613 866 688 904 fuit,
704 876 775 904 quae
791 868 887 897 morti
910 877 982 898 suc-

281 909 393 939 cubuit
407 919 414 938 :
428 910 490 939 ruit
503 912 611 941 autem
624 913 746 949 postea,
764 921 836 942 cuin
852 921 893 942 ex
908 923 983 952 pro-

278 954 431 984 missione
443 956 520 985 Jesu
537 956 655 985 Christi
665 957 796 987 indutus
807 958 927 988 virtute
941 968 982 988 ex

280 1000 345 1028 alto
358 1021 367 1037 ,
383 1001 473 1030 tanta
492 1001 622 1030 tandem
641 1003 740 1039 coepit
762 1003 884 1033 virtute
907 1004 983 1032 11111-

280 1054 376 1083 gere,
391 1048 428 1076 ut
453 1047 486 1075 in
513 1047 650 1077 concilio
670 1049 852 1085 prohibitus
867 1050 984 1087 praedi-

281 1099 355 1121 care
378 1100 497 1122 nomen
520 1094 687 1132 sanctum,
704 1096 888 1124 constanter
909 1104 995 1133 pro-¹

280 1136 471 1168 lubentibus
483 1140 713 1176 responderet:
726 1139 851 1170 ObeiIIre
867 1144 982 1180 oportet

281 1184 346 1211 Deo
368 1185 466 1221 'nerim's
491 1194 583 1222 quam
601 1185 785 1216 hominibus.
811 1187 899 1216 Tunc
930 1188 984 1216 de-

280 1236 369 1257 nium
385 1231 450 1259 tota
466 1230 589 1260 virtute
603 1231 721 1260 dilexit
733 1240 823 1268 ,cum
837 1241 896 1262 uec
908 1225 996 1263 111111ἲ

281 1282 345 1304 suae
361 1276 508 1313 pepercit
532 1285 588 1314 pro
619 1277 806 1307 dilectione.
832 1279 980 1316 Majorem

280 1321 442 1359 siquidem
457 1325 618 1353 caritatem
633 1333 722 1354 nemo
735 1324 836 1360 habet,
850 1335 941 1363 qttsaem
958 1328 984 1356 si

279 1369 417 1397 animam
429 1378 517 1398 suam
528 1373 624 1407 ponat
640 1372 706 1409 quis
719 1380 775 1409 pro
788 1373 895 1402 amicis
906 1374 983 1411 suis,·

281 1420 377 1450 quam
390 1414 449 1443 etsi
463 1415 598 1445 11111111116
614 1417 693 1446 tunc
712 1417 837 1454 posuit,
852 1418 918 1454 jam
935 1419 983 1448 ta-

280 1464 355 1486 men
372 1460 532 1496 exposuit,
558 1461 636 1497 Ergo
658 1468 729 1491 NON
752 1468 877 1492 ABDUCI
893 1463 984 1492 blan-

280 1502 389 1541 ditiis,
406 1512 466 1533 nec
479 1505 589 1534 seduci
609 1506 762 1543 fallaciis,
780 1515 839 1536 nec
855 1508 982 1544 injuriis

279 1547 382 1587 frangi
395 1571 403 1587 ,
416 1550 482 1580 toto
499 1551 606 1589 corde,
622 1552 688 1582 tota
701 1552 821 1590 anima,
834 1553 900 1583 tota
916 1555 984 1584 vir-

280 1594 350 1623 tute
368 1596 501 1634 diligere
516 1598 576 1627 est.

320 1639 350 1669 6.
379 1642 417 1670 Et
446 1643 520 1671 nota
549 1650 691 1673 amorem
718 1644 822 1674 cordis
845 1645 981 1683 quodam

279 1686 373 1715 modo
389 1694 458 1716 esse
485 1689 665 1727 carnalem,
683 1690 766 1727 quod
785 1692 885 1729 magis
907 1700 981 1730 erga

279 1740 408 1761 carnem
425 1733 556 1771 Christi,
571 1736 603 1764 et
619 1744 689 1773 quse
706 1736 738 1765 in
756 1745 852 1766 carne
876 1735 981 1767 Chris-

279 1778 330 1807 tus
343 1779 439 1815 gessit
456 1780 508 1808 vel
527 1779 642 1818 jussit,
659 1789 713 1810 cor
738 1782 916 1812 humanum
935 1783 981 1812 as-

278 1823 376 1853 116131.
406 1825 471 1854 Ηο6
494 1827 639 1864 repletus
668 1835 795 1865 amore,
825 1828 918 1858 facile
943 1830 981 1859 ad

278 1877 406 1899 omnem
420 1871 459 1900 de
472 1871 657 1908 hujusmodi
670 1881 817 1903 sermone
827 1883 982 1912 compun-

276 1915 375 1953 gitur.
392 1917 480 1946 Nihil
501 1918 591 1948 audit
608 1918 781 1956 libentius,
803 1920 885 1949 nihil
904 1922 982 1958 legit

277 1961 471 2000 studiosiuS,
502 1964 585 1993 nihil
622 1964 825 2002 frequentius
854 1968 980 2005 recolit,

275 2008 497 2038 nihilsuavius
506 2009 692 2039 meditatur.
710 2011 785 2041 Inde
797 2012 981 2042 holocausta

276 2054 471 2092 orationum,
499 2056 663 2093 tamquam
693 2064 735 2085 ex
765 2057 859 2095 adipe
885 2058 981 2088 vituli

276 2100 412 2137 saginati
434 2101 628 2139 impinguat.
652 2102 762 2132 Adstat
786 2104 889 2133 oranti
918 2105 983 2134 Ho-

275 2144 451 2175 minis-Dei
476 2155 564 2176 sacra
582 2147 685 2184 imago
698 2169 706 2184 ,
723 2150 779 2178 aut
805 2150 980 2187 nascentis,

275 2191 332 2219 aut
346 2191 511 2229 lactentis,
526 2193 581 2221 aut
597 2192 752 2230 docentis,
769 2195 824 2223 aut
840 2195 981 2223 morien-

275 2235 317 2264 tis
331 2256 340 2271 ,
365 2237 421 2265 aut
440 2237 654 2274 resurgentis,
681 2239 736 2267 aut
758 2239 978 2276 ascendentis3

276 2280 309 2309 et
323 2280 475 2317 quicquid
486 2282 551 2310 tale
568 2283 763 2320 occurrerit,
776 2284 829 2313 rel
845 2283 981 2320 stringat

274 2333 407 2355 necesse
430 2324 479 2354 est
501 2327 647 2355 animum
663 2327 695 2356 in
718 2335 861 2357 amorem
877 2329 983 2358 virtu-

275 2371 364 2407 tum,
387 2370 441 2399 vel
466 2371 570 2400 carnis
593 2371 745 2401 exturbet
768 2373 866 2409 vitia,
894 2372 981 2411 fuget

273 2415 463 2453 illecebras,
489 2416 650 2446 desideria
676 2417 778 2446 sedet.
812 2419 875 2456 Ego
900 2418 982 2448 hauc

274 2461 412 2492 arbitror
426 2461 621 2500 praeeipuam
633 2463 789 2493 invisibili
804 2465 870 2493 Deo
884 2464 982 2494 fuisse

272 2514 415 2545 causam,
431 2508 515 2546 quod
526 2509 629 2538 voluit
648 2509 681 2537 in
701 2517 796 2539 carne
812 2510 934 2547 videri,
953 2513 983 2540 et
998 2510 999 2524 ³

275 2561 347 2583 cum
373 2553 557 2583 hominibus
584 2553 679 2583 horno
712 2556 916 2605 conversari,
950 2560 999 2587 ut=

275 2599 454 2628 carnalium
463 2598 638 2637 videlicet,
651 2599 706 2638 qui
725 2600 789 2630 nisi
808 2601 1000 2642 carnaliter«,

275 2651 383 2675 amare
406 2652 469 2674 non
490 2646 657 2683 poterant,
680 2646 812 2675 cunctas
829 2646 932 2684 primo
947 2646 984 2675 ad

745 220 775 247 S.
794 217 1038 247 BERNARDI
1066 217 1265 248 ABBATIS

1016 279 1081 302 suae
1096 273 1201 302 carnis
1219 273 1392 304 salutarem
1413 282 1554 306 amorem
1573 275 1716 306 affectio-

1017 324 1074 346 nes
1094 317 1298 355 retraheret,
1315 319 1410 357 atque
1433 321 1478 350 ita
1500 320 1653 358 gradatim
1674 321 1713 350 ad

1017 369 1158 392 amorem
1174 363 1368 401 perduceret
1381 365 1593 403 spiritualem.
1604 366 1712 395 Nomio

1017 407 1156 445 denique
1172 409 1204 437 111
1219 409 1277 439 1106
1293 410 1393 447 gradu
1407 411 1511 441 adhuc
1524 411 1715 449 stabantqui

1017 453 1149 483 aiebant
1165 463 1173 483 :
1191 455 1267 483 Ecce
1296 463 1351 485 uos
1375 456 1554 494 reliquimus
1584 458 1688 486 omnia
1701 477 1712 493 ‚

1017 501 1043 528 et
1058 501 1266 530 secutisumus
1278 499 1328 530 te?
1343 500 1416 530 Solo
1439 502 1582 539 profecto
1605 510 1716 539 corpo-

1017 544 1092 574 ralis
1111 545 1292 582 praesentiae
1312 553 1419 575 amore
1435 547 1634 585 reliquerant
1646 555 1717 576 om-

1018 589 1066 618 nia
1080 612 1088 628 ,
1106 591 1186 620 adeo
1199 592 1233 620 ut
1249 592 1397 621 salutaris
1421 591 1536 622 futurae
1557 592 1716 630 passionis

1018 637 1051 665 et
1077 637 1189 666 mortis
1217 645 1258 666 ne
1285 637 1396 667 audire
1421 637 1553 675 quidem
1579 638 1716 668 verbum

1015 682 1241 719 aequanimiter
1262 683 1481 721 sustinerent,
1497 683 1553 713 sed
1569 691 1628 712 nec
1649 683 1717 721 glo-

1016 727 1096 756 riam
1117 728 1323 758 ascendentis
1344 728 1549 766 postmodum
1565 728 1627 757 nisi
1643 737 1716 759 cum

1015 773 1103 810 gravi
1118 782 1255 803 moerore
1273 775 1447 812 suspicere.
1474 775 1540 804 Hoc
1566 774 1653 803 enim
1669 773 1718 804 est

1015 819 1099 856 quod
1115 820 1160 849 eis
1173 820 1301 850 dicebat
1317 829 1324 848 :
1340 821 1420 859 Quia
1434 820 1496 850 Itaec
1512 821 1628 850 locutus
1648 828 1718 849 sum

1016 865 1096 895 vobis
1106 886 1116 902 ,
1132 867 1259 895 tristitia
1274 867 1406 904 implerit
1425 875 1478 896 cor
1491 867 1637 896 vestrum.
1654 865 1719 894 lta-

1014 918 1076 947 que
1093 911 1125 939 in
1137 911 1202 940 sola
1214 911 1345 940 interim
1355 911 1456 948 gratia
1468 911 1638 949 praesentis
1649 919 1718 940 suae

1015 955 1119 985 carnis
1133 964 1186 985 eos
1204 956 1244 984 ab
1259 964 1368 985 amore
1389 955 1493 985 omnis
1517 956 1622 985 carnis
1645 963 1718 985 sus-

1015 1000 1183 1036 penderat.

1055 1050 1084 1078 7.
1102 1050 1297 1080 Monstrabat
1310 1050 1418 1080 autem
1435 1051 1547 1089 postea
1565 1050 1612 1080 eis
1624 1050 1720 1080 altio-

1015 1103 1083 1124 rem
1099 1096 1216 1124 amoris
1227 1096 1372 1134 gradum,
1382 1104 1456 1125 cum
1465 1095 1606 1126 diceret:
1621 1097 1721 1134 Spiri-

1016 1143 1062 1171 tus
1087 1143 1129 1171 est
1155 1142 1208 1180 qui
1232 1142 1382 1178 vivificat,
1412 1150 1485 1171 curo
1509 1150 1572 1171 71οη
1593 1142 1717 1179 prodest

1016 1188 1192 1225 quicquam.
1218 1187 1306 1216 Puto‘
1325 1187 1412 1216 hunc
1439 1186 1629 1216 ascenderat
1651 1185 1717 1222 jam

1015 1233 1071 1270 qui
1087 1233 1216 1262 dicebat
1238 1242 1246 1261 :
1264 1233 1334 1262 Etsi
1352 1233 1544 1270 coqnovimus
1563 1231 1718 1262 Clu-istum

1014 1279 1178 1308 secuudum
1193 1287 1332 1314 carnem,
1348 1279 1398 1308 secl
1410 1278 1565 1315 nuncjam
1579 1285 1641 1306 non
1656 1285 1714 1306 ηο-

1015 1324 1122 1354 vimus.
1135 1323 1288 1352 Fortassis
1297 1322 1549 1352 etnihilominus
1556 1321 1715 1358 Propheta

1016 1368 1048 1398 in
1061 1369 1120 1399 hoe
1139 1369 1208 1407 ipso
1232 1369 1355 1405 stabat,
1372 1376 1444 1397 cum
1457 1367 1602 1397 diceret:
1621 1367 1719 1405 Spiri-

1017 1417 1063 1444 tus
1076 1417 1147 1445 ante
1163 1415 1274 1453 facicm,
1297 1417 1438 1444 ‘nostrum
1453 1413 1592 1443 Christus
1611 1413 1719 1442 Domi-

1017 1470 1085 1491 nus.
1101 1461 1179 1490 Nam
1205 1460 1291 1498 quod
1312 1459 1499 1497 subjungit,
1525 1458 1587 1489 Sub
1605 1457 1718 1487 umbra

1016 1511 1078 1547 rjus
1099 1511 1232 1540 vivemus
1254 1511 1333 1539 inter
1355 1511 1474 1547 qentos,
1490 1507 1569 1537 mihi
1589 1506 1718 1537 videtur

1016 1564 1055 1584 ex
1071 1563 1208 1594 persona
1230 1554 1460 1592 incipientium
1485 1553 1645 1583 addidisse
1660 1553 1719 1590 ,ut

1015 1601 1184 1638 quiescant
1208 1600 1324 1631 saltem
1346 1600 1380 1629 in
1403 1599 1539 1637 umbra,
1562 1599 1619 1637 qui
1643 1597 1719 1627 solis

1016 1647 1099 1676 serre
1126 1647 1273 1676 ardorem
1299 1646 1406 1675 minus
1434 1645 1558 1674 validos
1586 1652 1620 1674 se
1645 1652 1720 1673 sen-

1016 1691 1117 1730 tiunt3
1131 1693 1166 1722 et
1187 1692 1294 1722 carnis
1323 1691 1496 1721 dulcedine
1518 1690 1717 1728 nutriantur,

1016 1738 1093 1767 dum
1111 1738 1253 1768 necdum
1266 1737 1378 1767 valent
1405 1745 1443 1766 ea
1457 1736 1629 1774 percipere
1646 1745 1718 1774 qua}

1016 1785 1091 1813 sunt
1115 1783 1255 1822 Spiritus
1280 1783 1353 1812 Dei.
1378 1782 1532 1812 Umbram
1557 1781 1718 1819 siquidem

1016 1830 1147 1867 Christi,
1165 1838 1295 1859 earnem
1309 1837 1381 1858 reor
1396 1836 1465 1858 esse
1480 1827 1592 1866 ipsius,
1601 1827 1641 1856 de
1655 1835 1718 1866 qua

1016 1876 1245 1904 obumbratum
1271 1876 1319 1904 est
1335 1875 1366 1904 et
1385 1874 1492 1903 Mariae
1503 1895 1512 1911 ,
1524 1874 1561 1903 ut
1575 1872 1645 1909 eJus
1661 1873 1719 1902 ob-

1014 1920 1104 1956 jectu
1126 1921 1235 1950 fervor
1260 1920 1477 1957 splendorque
1504 1918 1644 1956 Spiritus
1669 1918 1715 1947 illi

1016 1967 1266 2003 temperaretur.
1284 1966 1318 1993 In
1335 1964 1440 1994 carnis
1456 1973 1530 2001 ergo
1547 1963 1717 1993 devotione

1017 2011 1147 2040 interim
1180 2011 1383 2047 consoletur,
1413 2010 1468 2048 qui
1497 2009 1716 2039 vivificantem

1015 2058 1172 2096 Spiritum
1194 2056 1332 2086 necdum
1356 2056 1474 2093 habet,
1491 2064 1528 2085 eo
1550 2055 1718 2084 dumtaxat

1016 2102 1129 2138 modo,
1145 2109 1208 2139 quo
1224 2101 1346 2130 habent
1358 2100 1404 2129 illi
1419 2100 1473 2137 qui
1490 2099 1580 2129 aiunt
1596 2108 1603 2128 ε
1619 2100 1717 2137 Spiri-

1018 2150 1063 2177 tus
1081 2149 1151 2176 (11116
1165 2147 1274 2184 fucimn
1296 2148 1436 2175 nostram
1452 2145 1590 2175 Christus
1610 2145 1719 2174 Domi-

1017 2202 1084 2223 nus.
1102 2194 1137 2221 Et
1152 2193 1229 2221 iteui
1247 2200 1254 2220 :
1269 2193 1337 2221 Etsi
1350 2192 1542 2229 coqnocimus
1564 2189 1720 2220 Christum

1016 2239 1178 2267 secundum
1195 2246 1331 2272 curnem,
1347 2237 1398 2265 secl
1416 2236 1572 2272 nuncjum
1588 2242 1650 2262 non
1662 2242 1718 2262 no-

1017 2285 1124 2313 rimus.
1150 2283 1228 2311 Nam
1257 2283 1337 2311 alias
1362 2281 1493 2319 quidem
1514 2287 1717 2317 nequaquam

1017 2329 1085 2358 sine
1102 2328 1226 2365 Spiritu
1245 2328 1353 2357 sancto
1368 2327 1420 2356 vel
1438 2326 1472 2355 in
1492 2333 1588 2355 carne.
1611 2324 1716 2361 diligi-

1018 2376 1071 2403 tur
1086 2373 1248 2410 Christus,
1275 2372 1335 2403 etsi
1351 2380 1417 2402 11011
1438 2372 1473 2401 111
1495 2372 1551 2401 illa
1575 2370 1718 2409 plenitu-

1018 2420 1104 2449 diue.
1121 2420 1217 2456 Cujus
1233 2420 1342 2449 tamen
1362 2426 1516 2448 mensura
1536 2416 1717 2447 devotionis

1020 2465 1086 2495 luec
1100 2465 1165 2502 est,
1183 2466 1218 2493 ut
1239 2465 1343 2493 totuin
1359 2471 1413 2493 cor
1432 2463 1488 2492 illa
1508 2461 1648 2491 suavitas
1664 2468 1716 2490 oc-

1019 2511 1132 2548 cupet,
1157 2511 1260 2540 totum
1280 2509 1343 2539 sibi
1369 2509 1408 2537 ab
1430 2515 1538 2537 amore
1557 2507 1716 2536 universae

1019 2556 1126 2585 caruis
1155 2563 1191 2584 ac
1222 2554 1359 2584 carnalis
1382 2554 1545 2583 illeceluae
1561 2552 1714 2582 vvindicet.

1020 2602 1083 2629 1106
1098 2600 1218 2651 quippe
1235 2599 1405 2630 totocorde
1419 2596 1554 2635 diligere
1566 2598 1625 2627 est.
1635 2597 1716 2626 Alio-

1020 2646 1097 2684 quin
1114 2646 1139 2675 si
1162 2645 1265 2675 cuiuis
1289 2653 1369 2674 meae.
1384 2643 1564 2682 quamlibet
1584 2649 1717 2673 60115111-
