1810 3073
277 211 337 242 {¹⁴2

275 265 445 306 ipso?Qui‘
469 274 607 307 regnum
630 265 844 298 ineffabiliter
866 264 977 295 delec-

274 314 380 344 tabile
409 313 605 353 pollicetur,
634 314 705 352 ipse
731 312 848 350 jugum
882 317 978 341 suum

274 367 376 391 suave
397 361 432 391 et
451 367 532 390 onus
552 361 627 390 leve
650 367 720 389 esse
741 357 891 389 testatur.
916 355 978 392 Qui

274 406 430 437 aeternam
443 406 685 437 beatitudinem
699 403 861 442 promittit
875 402 910 431 in
921 408 979 440 pa-

273 453 357 492 tria,
385 452 581 492 praesentem
609 458 739 490 quoque
768 448 918 487 requiem
946 446 980 477 et

272 499 487 530 refectionem
500 496 741 536 repromittitin
753 495 818 526 via.
830 492 979 532 Denique

272 544 436 584 Propheta
463 544 623 583 loquitur,
640 542 752 572 dicens
768 549 776 570 τ
790 541 854 571 Nec
875 539 980 570 oculus

273 593 361 628 vidit,
377 600 431 621 nec
447 591 533 620 aures
547 589 681 625 amlz'cz't,
694 596 749 617 nec
767 588 800 617 in
811 595 864 616 cor
879 585 979 616 homi-

273 640 322 669 m's
337 637 489 672 ascendit,
513 643 580 674 quoe
594 634 784 673 praeparavit
804 634 890 664 Deus
910 631 980 661 dili-

273 683 412 723 9entibus
425 691 456 713 se
468 691 479 720 ,·
492 682 526 711 et
536 680 632 710 facile
641 679 806 710 credimus
820 677 978 709 universi.

273 728 432 767 Loquitur
446 728 516 766 ipse
538 726 697 756 Dominus
720 725 957 764 Prophetarum
971 733 978 754 :
993 742 995 756 2

276 776 384 807 Venite
399 775 439 804 ad
459 783 508 804 me
522 781 626 804 omnes
640 773 693 812 qui
703 772 853 803 laboratis
864 772 893 801 et
909 762 996 802 one-5

273 822 340 852 rati
352 822 439 858 estis,
455 821 483 850 et
497 829 550 858 eqo
565 819 703 857 reficiam
725 827 779 849 vos
794 818 911 849 :tollite
925 818 981 857 ju-

275 876 348 906 9um
365 875 467 897 meum
488 874 579 905 super
601 874 673 902 vos,
694 865 723 895 el
747 864 907 895 invenietis
929 873 996 908 re·¹

274 914 377 953 quiem
410 912 576 943 animabus
602 911 729 949 vestris3
751 910 867 948 juqum
899 911 997 940 enim¹

747 213 777 241 S.
799 208 1034 240 BERNARDI
1053 209 1246 240 ABBATIS

1011 263 1233 300 probaverunt
1255 265 1413 306 utraque,
1442 272 1518 297 ecce
1545 265 1580 297 hi
1602 266 1710 299 sciunt

1011 309 1090 346 quia
1103 311 1192 341 Deus
1211 318 1333 348 verax,
1348 311 1454 342 omnis
1478 311 1588 343 autem
1612 312 1710 343 homo

1011 354 1164 386 mendax.
1206 356 1353 394 Ipsorum
1393 358 1531 397 proinde
1565 358 1712 389 testimo-

1010 399 1065 430 nia
1086 408 1158 432 esse
1182 400 1364 434 debuerant
1394 403 1565 435 credibilia
1589 404 1708 436 nimis:

1011 446 1068 477 sed
1089 454 1164 477 cum
1190 448 1458 486 promissionibus
1477 450 1564 488 tuis,
1582 451 1712 482 tuorum

1010 500 1140 532 quoque
1161 494 1368 532 experientia
1380 495 1600 526 contemnitur
1613 496 1647 526 et
1667 496 1712 526 ri-

1011 537 1119 570 detur.
1136 540 1279 571 Carnalis
1287 540 1447 579 siquidem
1455 541 1552 571 homo
1565 550 1629 572 non
1637 550 1714 580 per-

1011 584 1092 623 cipit
1116 595 1189 624 quae
1204 587 1280 617 sunt
1295 586 1428 625 spiritus
1450 587 1530 625 Dei,
1550 587 1608 617 oed
1631 588 1712 618 stul-

1011 631 1084 661 titia
1096 631 1146 662 illi
1162 631 1326 662 videntur.
1349 632 1414 662 Nec
1442 632 1582 670 mirum,
1603 633 1631 663 si
1655 641 1712 663 ex-

1010 678 1103 715 perto
1118 685 1187 707 non
1203 677 1307 708 credit
1322 676 1447 707 homini
1458 699 1467 715 ,
1484 677 1540 715 qui
1556 678 1626 708 Deo
1644 686 1711 709 non

1011 722 1115 753 credit
1128 723 1347 761 promittenti.
1363 724 1443 761 Ergo
1458 723 1565 753 insani
1580 724 1712 762 reputa-

1009 777 1094 808 mur,
1117 769 1175 809 qui
1203 778 1334 800 crucem
1350 769 1481 799 Domini
1503 769 1713 807 praedicamus

1010 826 1080 849 esse
1101 827 1256 858 suavem3
1271 819 1329 858 qui
1351 818 1605 849 delectationem
1627 826 1708 858 pau-

1009 865 1148 903 pertatis
1161 865 1424 904 magnificamus,
1444 864 1634 895 extollimus
1651 865 1713 895 hu-

1010 910 1160 942 militatis
1184 911 1341 949 gloriam,
1370 912 1554 941 eructamus
1578 910 1714 942 delicias

274 968 378 990 meum
392 967 483 990 suave
504 958 565 994 est,
581 958 610 987 et
633 965 711 987 onus
726 964 830 986 meum
853 955 934 994 leveg
949 956 996 989 et:
1012 957 1179 988 castitatis.
1196 958 1330 988 Insanus
1350 956 1519 987 nobiscum
1534 957 1714 988 aestimetur

275 1013 375 1043 quam
401 1003 497 1034 multi
534 1002 689 1032 avertunt
716 1001 822 1031 cordis
849 1001 996 1034 aurem?.¹
1012 1002 1045 1032 et
1061 1002 1246 1040 Propheta,
1270 1001 1328 1040 qui
1353 1001 1434 1031 dicit
1456 1001 1656 1031 delectatum
1677 1011 1713 1033 se

276 1058 352 1080 nam
380 1049 526 1088 corporis
547 1048 615 1085 jam
642 1047 726 1077 forte
755 1054 821 1077 non
847 1043 996 1086 audent?
1012 1055 1083 1077 esse
1109 1047 1145 1077 in
1167 1046 1366 1077 testimoniis
1389 1046 1539 1085 Domini,
1569 1047 1656 1078 sicut
1679 1047 1713 1078 in

276 1095 362 1134 Quid
396 1093 635 1125 incredulitatis
666 1093 754 1124 istud
782 1091 856 1124 est?
883 1087 997 1130 immoj

276 1141 355 1181 quid
372 1140 530 1172 insaniae?
544 1141 638 1178 Quasi
655 1148 734 1170 vero
749 1140 806 1169 aut
830 1139 901 1169 falli
926 1131 997 1176 Sei-l

277 1189 416 1227 pientia,
432 1189 488 1218 aut
496 1187 612 1217 fallere
620 1186 748 1217 Veritas
756 1185 983 1225 possit3Quasi

278 1235 335 1266 aut
349 1234 471 1264 Caritas
485 1233 574 1272 quod
587 1232 700 1270 offert,
716 1232 794 1263 dare
806 1232 889 1263 nolit
903 1241 912 1261 t
929 1233 984 1262 aut

277 1279 522 1318 Omnipotentia
536 1286 602 1309 non
616 1278 727 1310 valeat
742 1277 882 1309 reddere
899 1277 984 1317 quod

276 1325 451 1364 promittit.
997 1317 1000 1361 ί

319 1373 350 1402 5.
366 1371 445 1409 Quis
465 1369 553 1400 enim
574 1368 746 1400 hominum
770 1368 852 1400 adeo
871 1367 999 1407 volup-¹

277 1419 340 1450 tati
365 1419 398 1448 et
422 1417 565 1448 luxuriae
592 1416 722 1447 deditus
747 1417 819 1454 est,
843 1414 900 1454 qui
920 1422 985 1445 non

279 1465 492 1496 sobrietatem
506 1464 540 1494 et
557 1462 744 1493 castitatem
758 1461 861 1500 magis
884 1461 999 1504 elige-¹¹

278 1511 350 1549 ret,
372 1510 401 1542 si
415 1510 522 1541 certus
537 1509 641 1547 esset,
657 1516 710 1539 eas
726 1508 789 1539 sibi
806 1507 999 1538 delectam-¹

279 1558 379 1588 liores
405 1556 492 1586 fore?
505 1555 585 1593 Quis
608 1555 676 1584 tam
698 1553 888 1584 ambitiosus
902 1575 911 1592 ,
929 1553 999 1596 qui⁴

280 1612 346 1634 non
362 1603 524 1641 inciperet
535 1600 664 1631 vilitate
679 1600 767 1630 omni
783 1600 817 1631 et
829 1599 999 1634 extremi-3

280 1651 349 1681 tate
376 1657 446 1679 esse
476 1648 670 1685 contentus3
687 1646 733 1684 si,
752 1646 790 1676 ut
817 1653 898 1676 vere
919 1638 1000 1683 est,'

279 1696 451 1726 caritatem
465 1702 538 1733 quae
550 1701 614 1723 non
622 1693 739 1731 quaerit
747 1700 819 1730 quae
833 1699 890 1722 sua
899 1692 986 1730 sunt,

281 1740 494 1780 dignitatibus
517 1738 680 1770 universis
699 1737 798 1769 sciret
817 1737 1001 1776 amabilior¹

279 1785 375 1817 rem?
389 1785 467 1823 Quis
477 1785 544 1814 tam
558 1791 674 1814 avarus
685 1805 694 1821 ,
707 1783 841 1821 quinon
857 1784 1001 1822 omnino¹

281 1831 416 1862 divitias
430 1828 619 1868 sperneret,
635 1829 662 1859 si
675 1828 905 1866 jucundiorem
918 1837 1001 1859 cre-¹

281 1876 377 1908 deret
390 1873 638 1915 paupertatem?
652 1875 744 1905 Nunc
759 1875 869 1905 autem
880 1874 989 1905 Chris—

281 1923 335 1954 tus
355 1922 474 1952 frustra
501 1921 622 1951 clamat
647 1920 688 1951 de
713 1920 851 1951 levitate
879 1921 1001 1952 oneris¹

281 1969 333 2000 sui
343 1977 352 1998 ι
362 1968 431 1998 sine
446 1974 544 1997 causa
557 1966 672 2004 jugum
685 1973 780 1996 suum
795 1974 894 1997 suave
906 1975 989 2005 prae-

282 2015 370 2046 dicat
385 2022 394 2043 ε
409 2012 674 2052 quandoquidem
699 2013 735 2042 et
763 2011 804 2042 ab
827 2011 908 2051 ipsis
931 2013 987 2051 qui

281 2061 463 2092 Christiano
478 2059 653 2090 censentur
663 2057 815 2096 nomine,
827 2066 908 2089 onus
920 2058 989 2089 dia-

283 2108 363 2144 boli,
375 2107 407 2137 et
417 2106 533 2144 jugum
545 2104 651 2135 carnis
663 2104 763 2143 atque
773 2104 883 2135 saeculi
893 2104 1002 2142 huJ'us1

284 2152 514 2184 delectabilius
533 2151 718 2189 reputatur.
740 2150 805 2181 Sed
825 2150 913 2181 unde
927 2151 988 2182 tibi

283 2199 337 2230 vel
346 2197 600 2228 inconsideratio
611 2197 716 2234 tanta,
728 2196 849 2236 quanta
859 2197 899 2227 ab
911 2196 990 2237 ipsis

284 2243 620 2282 imponitur,Domine
633 2243 722 2273 Deus
730 2242 841 2273 meus?
851 2244 914 2274 Cur
924 2246 991 2275 tam

284 2289 416 2329 publice
428 2288 593 2326 polliceris
605 2309 615 2326 ,
628 2288 715 2327 quod
729 2288 797 2318 tam
811 2288 908 2319 facile
933 2289 1005 2325 der

284 2333 500 2374 prehenderis
511 2341 574 2363 non
586 2333 931 2372 implere2Dulciorem
940 2343 991 2366 su·
1004 2329 1005 2354 ³

285 2388 345 2419 per
357 2379 422 2409 mel
434 2379 467 2408 et
476 2378 585 2408 savum
594 2379 744 2417 spiritum
755 2381 849 2410 tuum
858 2381 991 2412 asseris:

286 2426 321 2455 et
336 2431 411 2454 ecce
434 2423 489 2452 isti
507 2422 688 2454 dulciorem
703 2424 902 2455 invenerunt
924 2434 992 2456 car·

285 2468 565 2506 nemvenationis3
575 2476 717 2507 carnem,
727 2479 784 2508 pro
793 2471 914 2509 pudor!
925 2481 991 2502 me-
1004 2456 1008 2487 ¹

286 2515 434 2552 retricis;
447 2514 558 2545 saeculi
570 2514 764 2545 vanitatem.
779 2517 834 2546 Vae
842 2517 969 2547 miseris
982 2518 988 2547 !

289 2561 330 2591 de
354 2560 446 2599 parte
468 2558 619 2597 judicant
630 2580 639 2596 ,
653 2561 687 2590 et
708 2561 873 2599 tamquam
902 2570 990 2591 ama-

287 2612 361 2635 rum
376 2603 545 2634 fastidiunt
563 2610 682 2633 manna
702 2605 795 2634 tuum
820 2605 989 2635 abscondi-

287 2653 376 2688 tum,
393 2649 478 2689 quod
497 2657 561 2679 non
578 2650 808 2689 gustaverunt!
825 2651 907 2681 Sane
934 2653 986 2689 qui

1012 1093 1164 1123 omnibus
1180 1093 1319 1123 divitiis.

1052 1138 1084 1169 li.
1103 1140 1166 1170 Vos
1185 1139 1241 1178 qui
1265 1137 1429 1177 sapientes
1455 1136 1534 1169 estis
1555 1136 1591 1168 in
1613 1138 1715 1170 oculis

1013 1185 1148 1224 vestris,
1164 1193 1229 1216 non
1250 1193 1382 1224 omnes,
1404 1184 1463 1215 sed
1484 1192 1621 1223 paucas,
1637 1194 1715 1224 quas

1013 1231 1190 1270 utcumque
1205 1230 1392 1261 mendicare
1403 1230 1539 1269 potestis
1549 1252 1558 1269 ‚
1571 1229 1713 1269 divitias,
1748 1243 1751 1246 ·

1013 1276 1134 1307 divinis
1160 1277 1312 1316 praeferte
1334 1276 1548 1315 testimoniis,
1578 1276 1616 1307 ut
1645 1277 1715 1307 nul-

1013 1322 1081 1352 lum
1092 1331 1246 1361 umquam
1262 1322 1383 1353 habeat
1397 1321 1620 1352 testimonium
1636 1322 1715 1354 fides

1014 1370 1133 1400 vestra.
1148 1371 1251 1400 Penes
1261 1377 1318 1399 vos
1332 1368 1421 1400 sitin
1433 1368 1560 1399 occulto
1572 1390 1582 1407 ,
1595 1368 1632 1398 in
1645 1368 1716 1399 abs-

1015 1415 1161 1454 condito,
1187 1415 1244 1445 ubi
1278 1423 1320 1445 ne
1345 1415 1416 1453 ipse
1444 1413 1579 1453 quidem
1605 1413 1716 1446 videat

1014 1463 1108 1493 Pater
1120 1462 1177 1501 qui
1198 1462 1247 1492 est
1262 1461 1296 1491 in
1313 1461 1419 1498 coelis;
1437 1460 1494 1491 sed
1509 1460 1618 1491 dicere
1643 1468 1716 1499 pos-

1015 1508 1077 1546 sit,
1093 1508 1170 1547 quia
1189 1510 1288 1538 nescio
1307 1516 1373 1538 vos.
1402 1506 1557 1537 Firmiter
1585 1506 1717 1538 creditis

1015 1555 1119 1584 Deum
1143 1553 1286 1591 Justum,
1302 1560 1474 1590 veracem,
1489 1553 1718 1584 remunerato-

1015 1608 1103 1638 rem,
1126 1599 1403 1637 omnipotentem,
1423 1607 1550 1629 summe
1576 1599 1717 1636 bonum,

1016 1646 1185 1675 aeternum.
1201 1643 1363 1673 Exhibete
1378 1650 1434 1672 vos
1447 1643 1576 1681 aspides
1591 1643 1717 1681 surdas,

1017 1692 1050 1721 et
1062 1690 1252 1721 obturantes
1264 1697 1359 1719 aures
1369 1711 1378 1726 ,
1393 1689 1566 1727 nequando
1580 1689 1719 1720 audiatis

1016 1745 1132 1767 vocem
1153 1735 1422 1774 improperantis,
1439 1736 1472 1765 et
1486 1734 1626 1767 dicentis
1641 1745 1651 1766 z
1665 1737 1719 1768 Os-

1018 1784 1102 1813 tende
1117 1782 1194 1812 mihi
1206 1782 1295 1819 fidem
1308 1782 1395 1811 tuam
1409 1781 1473 1811 sine
1485 1781 1636 1819 operibus.
1645 1783 1719 1812 Crc-

1018 1830 1096 1860 dere
1110 1827 1226 1867 quanti
1241 1827 1334 1857 vobis
1345 1825 1488 1857 constat?
1502 1826 1596 1857 Viam
1611 1827 1719 1859 autem

1018 1874 1278 1906 testimoniorum
1292 1873 1394 1903 nolite
1406 1872 1551 1911 ingredi,
1566 1874 1718 1912 quoniam

1018 1921 1118 1951 ardua
1139 1921 1207 1958 est,
1235 1927 1372 1957 aspera,
1403 1919 1437 1948 et
1463 1919 1717 1951 inambulabilis.

1018 1966 1126 1997 Miseri
1151 1965 1185 1996 et
1209 1964 1377 1995 infelices!
1394 1963 1451 2002 qui
1466 1964 1554 1995 viam
1577 1964 1719 1997 civitatis

1019 2011 1198 2042 habitaculi
1213 2018 1277 2041 non
1289 2010 1482 2048 invenisti53
1498 2011 1532 2040 et
1544 2010 1618 2042 ideo
1633 2019 1720 2042 erra—

1018 2060 1060 2090 tis
1075 2059 1109 2089 in
1121 2058 1221 2094 invio,
1239 2057 1273 2088 et
1287 2065 1353 2088 non
1367 2057 1402 2087 in
1416 2057 1488 2087 via!
1503 2057 1593 2088 Finis
1602 2065 1718 2097 nempe

1019 2105 1167 2142 viarum,
1195 2111 1267 2142 quae
1296 2103 1452 2134 videntur
1482 2103 1577 2134 vobis
1606 2103 1720 2141 bonae,

1020 2159 1098 2190 quas
1123 2149 1335 2180 delectabiles
1365 2158 1423 2180 vos
1450 2157 1521 2180 esse
1545 2148 1719 2188 judicatis,

1022 2196 1032 2236 (
1048 2203 1158 2234 neque
1183 2195 1270 2225 enim
1289 2202 1377 2225 verae
1392 2194 1566 2233 quicquam
1582 2194 1720 2224 delecta-

1021 2243 1120 2274 tionis
1136 2241 1259 2272 habent
1275 2239 1286 2280 )
1305 2240 1506 2278 demergitur
1530 2240 1564 2270 in
1589 2239 1719 2280 profun-

1021 2289 1098 2319 dum
1121 2286 1241 2318 inferni
1259 2295 1266 2316 :
1284 2286 1332 2316 ibi
1349 2286 1412 2317 erit
1435 2285 1532 2316 fletus
1548 2286 1582 2317 et
1604 2285 1719 2316 stridor

1022 2334 1181 2365 dentium.
1193 2332 1466 2371 Expergiscimini
1484 2331 1569 2363 ebrii
1585 2332 1619 2362 et
1632 2331 1719 2369 flete,

1021 2389 1062 2411 ne
1078 2380 1174 2410 fletus
1185 2378 1242 2408 ille
1251 2378 1429 2417 perpetuus
1440 2376 1662 2416 apprehendat
1673 2377 1721 2406 in·

1023 2426 1145 2456 cautos.
1160 2425 1239 2454 Cum
1252 2424 1340 2454 enim
1358 2423 1510 2454 dixeritis
1520 2445 1530 2461 ,
1543 2424 1610 2453 Pax
1624 2422 1658 2452 et
1671 2430 1721 2452 sc-

1023 2472 1163 2508 curitas;
1180 2472 1259 2500 tuuc
1279 2469 1469 2501 subitaneus
1496 2467 1590 2500 vobis
1612 2476 1720 2506 super-

1023 2518 1135 2547 veniet
1170 2516 1343 2553 interitus,
1372 2516 1538 2553 tamquam
1565 2514 1602 2544 in
1629 2515 1720 2544 utero

1025 2562 1155 2592 habenti
1166 2584 1175 2599 ,
1186 2562 1219 2592 et
1230 2570 1293 2591 non
1306 2560 1478 2598 effugietis.
1491 2558 1604 2591 Merito
1612 2558 1720 2598 plane,

1023 2609 1077 2645 qui
1111 2616 1197 2637 nunc
1234 2606 1380 2645 fugiendi
1417 2606 1546 2642 tempus
1580 2604 1720 2635 scienter

1024 2653 1191 2689 amittitis,
1208 2653 1240 2684 et
1258 2651 1406 2691 refugitis
1429 2650 1606 2691 effugiendi
1622 2650 1720 2683 viam.
