1846 3078
566 206 614 235 ΙΝ
631 206 834 236 CANTICA
853 206 1004 235 SERMO
1030 208 1106 236 Lu.

118 256 184 293 non
199 259 319 301 sopiat,
335 257 392 292 sed
415 254 565 291 abducat.
586 260 641 292 Est
661 260 695 292 et
709 268 814 299 mors,

120 305 133 347 (
147 308 234 346 quod
247 315 311 337 non
333 305 452 336 dubius
476 306 617 336 dixerim
636 305 648 346 )
664 306 817 345 quoniam

117 354 287 392 Apostolus
308 351 462 390 quosdam
477 351 511 381 in
527 359 622 382 carne
645 352 750 382 adhue
766 351 816 382 vi—

118 399 232 429 ventes
269 397 521 428 commendando
557 397 603 428 sic
634 398 778 436 loquitur
809 405 818 427 :

117 445 234 474 Mortui
243 445 312 474 estis
319 464 329 480 ‚
343 445 371 473 et
391 444 456 473 vita
466 445 568 475 vestra
585 444 762 474 abscondita
775 444 818 473 est

116 497 187 519 cum
198 489 317 520 Christo
332 490 365 519 in
379 491 454 519 Deo.

155 533 187 564 [4.
202 534 340 565 Proinde
355 535 388 564 et
402 543 460 573 ego
471 541 536 564 non
549 533 687 564 absurde
695 541 817 572 sponsae

117 580 268 610 ecstasim
286 580 471 610 vocaverim
495 581 650 617 mortem,
677 588 749 617 quae
768 581 818 610 ta-

117 633 194 655 men
207 634 271 656 11011
286 626 365 664 vita,
383 626 439 656 sed
452 625 527 656 vitae
542 625 660 663 eripiat
673 625 816 666 laqueis,

116 671 153 701 ut
163 672 263 710 possit
277 672 386 702 dicere
396 672 528 702 :Anima
541 673 649 701 nostra
662 671 738 701 sicut
747 680 818 709 pas—

115 725 166 747 ser
179 719 281 756 erepta
294 719 336 747 est
349 718 385 747 de
401 718 508 755 laqueo
523 717 715 746 venantium.
728 715 817 745 Inter

116 763 240 793 medios
254 771 392 800 namque
406 762 538 799 laqueos
553 760 587 790 in
610 761 669 790 hac
684 760 750 790 vita
765 761 817 790 in-

116 807 260 846 ceditur,
275 807 451 845 quiutique
463 806 560 836 toties
574 805 816 845 nontimentur,

115 852 241 890 quoties
261 854 370 881 sancta
384 851 493 889 aliqua
506 851 539 880 et
559 851 748 881 vehementi
765 859 816 881 co-

115 897 272 934 gitatione
289 896 395 927 anima
411 904 429 926 a
440 896 613 934 semetipsa
630 896 790 934 abripitur
806 905 814 927 :

115 941 143 970 si
171 942 282 972 tamen
307 950 448 980 eousque
477 943 587 971 mente
617 942 748 972 secedat
782 944 815 972 et

115 988 242 1027 avolet,
270 988 357 1018 utet
379 988 468 1017 hunc
489 995 692 1016 communem
713 988 815 1017 trans-

115 1033 247 1063 scendat
269 1041 364 1063 usum
376 1034 410 1062 et
432 1033 701 1062 consuetudinem
730 1033 815 1070 cogi—

116 1079 224 1117 tandi3
248 1078 367 1108 etenim
388 1079 506 1116 [austra
527 1078 644 1116 jacitur
663 1080 724 1108 rete
745 1081 815 1109 ante

115 1125 215 1155 oculos
227 1126 445 1163 pennatorum.
461 1124 546 1161 Qui-d
561 1124 648 1153 enirn
664 1123 815 1154 formide-

115 1171 168 1200 tur
181 1170 310 1199 luxuria
323 1191 332 1207 ,
345 1169 402 1198 ubi
419 1177 479 1198 nec
495 1169 563 1198 vita
575 1169 714 1197 sentitur
727 1169 741 1197 ἓ
752 1170 829 1198 1111-4

115 1215 251 1250 cedente
266 1215 388 1253 quippe
410 1214 516 1244 anima
533 1235 542 1251 ,
559 1214 618 1243 etsi
637 1221 701 1242 non
725 1214 791 1243 vita
804 1236 812 1251 ,

115 1260 202 1290 certe
217 1261 294 1291 vitae
316 1268 429 1298 sensu,
451 1267 583 1289 necesse
602 1260 651 1289 est
666 1258 764 1288 etiam
778 1261 815 1289 ut

113 1313 175 1335 nec
196 1305 272 1335 vitae
287 1305 425 1335 tentatio
441 1305 610 1335 sentiatur.
627 1304 705 1341 Quis
724 1305 815 1335 dabit

114 1350 195 1380 mihi
209 1358 331 1388 pennas
349 1350 431 1380 sicut
447 1350 602 1380 columbae
613 1372 622 1387 ,
636 1350 669 1379 et
680 1350 793 1379 volabo
804 1371 814 1388 ,

114 1395 149 1426 et
162 1396 362 1434 requiescam
377 1395 389 1424 ἓ
403 1396 534 1426 Utinam
556 1396 615 1424 hac
637 1395 740 1425 morte
756 1403 813 1433 ego

113 1441 303 1479 frequenter
321 1440 451 1478 cadam,
474 1440 512 1470 ut
531 1440 666 1470 evadam
682 1441 813 1478 laqueos

113 1486 242 1523 mortis,
254 1487 291 1516 nt
304 1494 368 1516 non
384 1485 520 1515 sentiam
527 1486 602 1515 vitae
616 1485 813 1516 luxuriantis

113 1531 279 1561 mortifera
295 1531 530 1569 blandimenta,
544 1531 581 1560 ut
590 1531 812 1569 obstupescam

113 1576 155 1607 ad
169 1585 299 1606 sensum
311 1576 470 1614 libidinis,
483 1576 523 1606 ad
532 1577 643 1606 aestum
655 1577 811 1616 avaritiae,

112 1621 155 1652 ad
175 1621 351 1652 iracundiae
366 1622 400 1652 et
414 1621 627 1660 impatientiae
642 1621 788 1653 stimulos
801 1645 810 1661 ‚

113 1667 155 1696 ad
178 1675 314 1706 angores
338 1660 613 1704 sollicitudinum,
639 1667 673 1697 et
696 1669 813 1698 moles-

112 1712 176 1742 tias
209 1720 358 1742 curarum
387 1712 396 1742 l
425 1712 579 1742 Moriatur
605 1712 712 1742 anima
738 1721 811 1743 mea

112 1757 395 1795 mortejustorum,
404 1758 540 1787 utnulla
555 1758 643 1786 illam
657 1758 811 1796 illaqueet

112 1803 218 1842 fraus,
247 1803 337 1834 nulla
363 1803 506 1833 oblectet
534 1802 700 1840 iniquitas.
725 1803 811 1832 Bona

111 1856 196 1879 mors
206 1870 216 1887 ,
230 1857 302 1887 quae
311 1849 410 1878 vitam
426 1856 490 1877 non
502 1847 626 1886 aufert,
639 1848 695 1878 sed
707 1848 811 1879 trans-

111 1893 225 1923 sertin
248 1894 384 1931 melius3
406 1893 508 1931 bona,
532 1901 594 1931 qua
615 1901 679 1923 non
696 1901 810 1932 corpus

111 1939 215 1977 cadit,
230 1938 287 1969 sed
302 1939 409 1968 anima
425 1939 628 1968 sublevatur.

151 1985 182 2014 7.
199 1985 319 2015 Verum
335 1984 403 2014 haec
414 1984 582 2014 hominum
595 1984 655 2014 est.
668 1983 730 2014 Sed
743 1992 809 2013 mo-

110 2028 212 2060 riatur
226 2030 334 2059 anima
348 2038 420 2059 mea
435 2031 538 2059 morte
555 2029 654 2059 etiam
669 2028 680 2068 (
703 2030 730 2060 si
745 2030 807 2060 dici

110 2074 239 2114 potest)
252 2075 444 2113 Angelorum
455 2097 465 2113 ,
474 2076 509 2105 ut
523 2075 732 2113 praesentium
741 2084 809 2106 me-

108 2120 211 2150 moria
223 2120 405 2158 excedens,
427 2129 536 2150 rerum
558 2129 592 2151 se
619 2120 807 2151 inferiorum

109 2173 400 2205 corporearumque
421 2174 484 2196 non
508 2166 602 2195 modo
623 2166 809 2204 cupiditati-

108 2211 187 2248 bus,
203 2211 261 2241 sed
279 2212 313 2241 et
334 2211 604 2241 similitudinibus
620 2212 737 2250 exuat,
753 2213 810 2242 sit-

108 2264 172 2294 que
188 2255 219 2286 ei
234 2264 315 2294 pura
330 2265 403 2286 cum
418 2257 484 2287 illis
498 2257 718 2296 conversatio,
735 2266 807 2288 cum

108 2300 226 2339 quibus
250 2301 298 2330 est
326 2302 477 2339 puritatis
500 2302 695 2332 similitudo.
723 2304 807 2334 Talis

109 2344 169 2385 (ut
185 2346 300 2384 opinor
314 2344 326 2385 )
343 2354 497 2377 excessus
515 2348 574 2377 aut
591 2348 735 2386 tantum,
751 2350 807 2379 aut

107 2391 251 2421 maxime
272 2392 502 2430 contemplatio
528 2393 660 2423 dicitur.
685 2395 804 2425 Rerum

107 2435 231 2466 etenim
251 2435 484 2474 cupiditatibus
506 2437 647 2467 vivendo
670 2446 735 2468 non
755 2441 807 2470 te-

106 2480 198 2519 neri,
223 2481 372 2511 hnmanae
396 2482 530 2513 virtutis
551 2483 619 2521 est3
636 2491 805 2522 corporum

105 2531 184 2554 vero
210 2525 482 2556 similitudinibus
516 2528 711 2565 speculando
741 2538 804 2560 non

104 2568 247 2609 involvi,
261 2570 414 2609 angelicae
428 2571 579 2611 puritatis
593 2574 653 2604 est.
674 2574 806 2605 Utrum-

106 2623 169 2655 que
183 2616 292 2647 tamen
307 2616 413 2647 divini
430 2618 575 2649 muueris
596 2618 663 2657 est,
677 2620 805 2650 utrum-

1489 215 1548 245 519

849 270 912 301 que
922 260 1095 301 excedere,
1112 260 1285 302 utrumque
1301 264 1549 304 teipsumtrans-

849 308 1004 338 scendere
1021 309 1087 346 est,
1104 308 1161 339 sed
1173 309 1265 346 longe
1279 318 1393 349 unum,
1409 315 1545 344 alterum

849 360 913 382 non
937 353 1043 392 longe.
1064 355 1182 384 Beatus
1204 354 1261 392 qui
1284 354 1393 385 dicere
1420 360 1545 394 potest:

849 398 926 427 Ecce
941 398 1079 436 elonqavi
1090 399 1221 437 faqz'cns,
1237 400 1265 428 et
1279 401 1383 429 mansi
1397 401 1429 429 in
1442 404 1547 432 solitu-

849 443 928 472 dine.
945 443 1013 473 Non
1030 443 1093 473 fuit
1108 443 1280 474 contentus
1301 444 1393 474 exire
1405 466 1414 482 ,
1436 446 1498 475 nisi
1515 450 1547 477 et

850 487 943 526 longe
963 497 997 518 se
1013 488 1154 527 faceret,
1169 489 1206 519 ut
1229 489 1339 528 posset
1362 490 1543 528 quiescere.

850 533 1047 565 Transsitisti
1086 535 1192 565 carnis
1227 535 1463 565 oblectamenta
1474 557 1484 573 ,
1512 539 1549 566 ut

850 578 984 610 minime
1010 580 1077 617 jam
1116 580 1248 611 obedias
1279 580 1548 619 concupiscentiis

850 623 919 660 ejus
928 646 936 662 ,
946 633 1008 655 nec
1020 626 1352 656 tenearisillecebris:
1368 625 1545 665 profecisti,

849 671 1003 708 separasti
1032 672 1065 701 te
1078 693 1087 709 ,
1113 672 1171 701 sed
1194 671 1337 701 nondum
1369 672 1543 710 elongasti,

851 715 913 745 nisi
928 717 962 746 et
976 717 1135 746 irruentia
1159 716 1303 755 undique
1318 716 1547 754 phantasmata

849 768 1074 798 corporearum
1086 761 1338 792 similitudinum
1349 762 1546 791 transvolare

849 806 964 836 mentis
986 807 1127 845 puritate
1154 807 1342 846 praevaleas.
1372 808 1547 846 Hucusque

848 850 912 880 noli
928 851 988 881 tibi
1006 852 1194 890 promittere
1209 852 1369 890 requiem.
1386 853 1497 888 Erras,
1519 853 1545 882 si

849 896 927 926 citra
942 897 1091 928 invenire
1108 899 1139 928 te
1155 897 1323 928 existimas
1338 898 1442 927 locum
1454 898 1548 936 quie-

850 940 906 978 tis,
922 943 1084 972 secretum
1100 942 1303 979 solitudinis,
1315 942 1446 971 luminis
1459 950 1547 971 sere-

847 993 922 1014 num
934 1007 943 1023 ,
962 986 1184 1017 habitaculum
1207 987 1307 1024 pacis.
1326 987 1390 1016 Sed
1409 987 1448 1016 da
1463 987 1545 1016 mihi

847 1032 902 1068 qui
925 1031 1005 1062 illuc
1029 1033 1235 1070 pervenerit,
1261 1033 1296 1062 et
1320 1032 1546 1063 incunctanter

847 1076 949 1107 fateor
968 1078 1207 1115 quiescentem,
1226 1078 1282 1116 qui
1299 1078 1416 1107 merito
1430 1077 1517 1108 dicat
1534 1087 1542 1107 τ

847 1123 1024 1153 Convertere
1040 1124 1145 1153 anima
1159 1132 1228 1152 mea
1244 1124 1274 1152 in
1289 1124 1423 1161 requiem
1439 1124 1545 1163 tuam,-

846 1169 918 1205 quz'a
938 1170 1089 1198 Dominus
1110 1168 1252 1206 benefecit
1277 1169 1342 1199 tibi.
1363 1168 1467 1206 Atque
1490 1169 1544 1198 hic

847 1221 922 1243 vere
947 1215 982 1243 in
1007 1214 1182 1244 solitudine
1202 1214 1290 1244 locus
1313 1214 1348 1244 et
1368 1214 1403 1244 in
1421 1215 1543 1244 lumine

846 1258 1021 1297 habitatio,
1052 1267 1182 1297 prorsus
1207 1259 1301 1295 juxta
1327 1259 1518 1297 Prophetam
1532 1281 1542 1297 ,

847 1303 1094 1334 tabernaculum
1117 1305 1152 1334 in
1167 1304 1390 1334 umbraculum
1413 1304 1480 1334 diei
1501 1305 1543 1334 ab

845 1349 941 1386 aestu,
958 1348 993 1378 111
1014 1349 1222 1379 securItatem
1242 1350 1276 1379 et
1296 1349 1541 1380 absconsionem

846 1402 861 1422 a
874 1394 1005 1425 turbine
1021 1396 1055 1424 et
1066 1403 1083 1424 a
1093 1395 1224 1433 pluvia3
1239 1395 1279 1424 de
1290 1403 1353 1433 quo
1369 1395 1402 1424 et
1413 1396 1542 1425 sanctus

847 1440 947 1470 David
962 1449 971 1470 :
987 1441 1152 1471 Abscondit
1166 1449 1214 1470 me
1225 1461 1236 1477 ,
1251 1439 1375 1478 inquit,
1390 1441 1423 1469 in
1439 1440 1540 1470 taber-

845 1485 953 1514 naculo
966 1494 1021 1515 sno
1036 1487 1068 1514 in
1091 1486 1138 1514 die
1152 1486 1306 1515 malornm
1315 1506 1326 1521 ‚
1345 1486 1479 1524 protexit
1493 1494 1542 1516 me

844 1531 875 1559 in
889 1530 1062 1561 abscondito
1077 1530 1268 1561 tabernaculi
1279 1531 1340 1562 sui.

883 1575 913 1605 6.
929 1577 1009 1607 Puta
1025 1585 1099 1614 ergo
1114 1576 1150 1606 in
1164 1576 1371 1607 solitudinem
1387 1576 1470 1608 hanc
1490 1585 1540 1608 se·

844 1620 975 1651 cessisse
999 1630 1166 1661 sponsam,
1193 1622 1303 1660 ibique
1323 1631 1389 1661 prae
1404 1623 1540 1652 amoeni-

845 1668 908 1696 tate
920 1667 983 1696 loci
995 1667 1081 1698 inter
1093 1669 1262 1706 amplexus
1275 1668 1381 1706 sponsi
1397 1668 1540 1698 suaviter

844 1712 1056 1750 obdormisse,
1069 1713 1103 1742 id
1115 1714 1203 1744 estin
1217 1713 1335 1752 spiritu
1349 1713 1536 1751 excessisse,

844 1757 970 1794 quando
991 1757 1163 1796 prohibitae
1186 1758 1263 1788 sunt
1291 1757 1537 1788 adolescentulae

844 1802 1092 1841 expergefacere
1105 1802 1195 1833 illam
1206 1825 1216 1841 ,
1233 1802 1338 1840 quoad
1352 1810 1453 1840 usque
1468 1802 1537 1840 ipsa

844 1848 993 1878 voluerit.
1010 1849 1049 1878 At
1069 1848 1156 1879 istud
1178 1848 1319 1887 qualiter
1334 1847 1346 1877 ἓ
1365 1848 1433 1877 Non
1448 1849 1536 1878 enim

842 1892 1049 1932 simpliciter,
1079 1902 1187 1932 neque
1213 1894 1281 1924 levi
1304 1892 1316 1933 (
1331 1895 1368 1924 ut
1395 1893 1535 1932 assolet)

842 1940 1089 1970 commonitione
1101 1939 1274 1978 prohibitae
1288 1940 1364 1969 sunt
1378 1946 1387 1967 ι
1403 1938 1459 1969 sed
1470 1946 1536 1969 om-

842 1986 918 2015 nino
930 1993 1014 2016 nova
1026 1987 1059 2016 et
1078 1986 1204 2016 insueta
1220 1984 1471 2022 contestatione,
1480 1994 1538 2024 per

841 2040 965 2071 capreas
992 2032 1119 2062 scilicet
1155 2040 1313 2069 cervosque
1341 2040 1535 2069 camporum.

840 2076 907 2113 Quo
922 2077 1053 2115 quidem
1075 2084 1194 2115 genere
1218 2076 1359 2106 ferarum
1383 2076 1536 2107 videntur

840 2121 921 2151 mihi
937 2122 1013 2152 satis
1028 2122 1240 2161 congruenter
1248 2129 1406 2161 expressae
1417 2122 1537 2153 sanctae

840 2166 954 2197 animae
970 2168 1078 2197 exutae
1101 2167 1306 2206 corporibus,
1322 2167 1417 2197 simul
1432 2168 1465 2198 et
1479 2168 1535 2206 qui

840 2220 912 2242 cum
928 2212 995 2243 Deo
1008 2213 1083 2243 sunt
1096 2212 1208 2251 Angeli
1217 2234 1226 2251 ,
1239 2213 1393 2243 nImirum
1403 2214 1536 2251 propter

840 2265 975 2288 acumen
998 2258 1109 2296 visus,
1136 2258 1171 2288 et
1196 2258 1295 2288 saltus
1320 2259 1532 2290 celeritatem.

839 2304 1015 2342 Utrumque
1030 2304 1091 2334 hoc
1106 2303 1265 2342 siquidem
1278 2304 1424 2344 utrisque
1438 2305 1535 2343 spiri-

838 2349 925 2379 tibus
945 2350 1120 2380 convenire
1140 2349 1371 2388 cognoscimus.
1392 2351 1471 2380 Nam
1488 2350 1535 2379 fa-

839 2394 900 2424 cile
915 2394 948 2425 et
957 2395 1075 2433 petunt
1085 2403 1207 2426 summa
1217 2417 1227 2434 ,
1243 2396 1278 2426 et
1293 2396 1408 2427 intima
1431 2403 1534 2434 pene-

840 2440 935 2471 trant.
951 2442 1093 2478 Quorum
1107 2450 1234 2480 quoque
1250 2441 1284 2471 in
1294 2441 1415 2480 campis
1430 2439 1534 2475 desig-

838 2485 912 2515 nata
953 2486 1157 2517 conversatio
1201 2486 1373 2517 evidenter
1412 2484 1532 2513 liberos

838 2532 933 2569 atque
957 2532 1127 2570 expeditos
1147 2531 1252 2570 signat
1274 2531 1310 2560 111
1335 2528 1532 2566 contempla-

837 2576 925 2606 tione
940 2575 1113 2607 discursus.
1128 2576 1213 2614 Quid
1227 2576 1288 2606 sibi
1303 2574 1373 2606 vult
1386 2581 1461 2610 ergo
1474 2572 1533 2602 ad-

835 2621 954 2658 juratio
980 2622 1063 2653 facta
1095 2630 1153 2660 per
1178 2621 1257 2652 istos
1275 2619 1288 2649 ἓ
1316 2618 1460 2649 Profecto
1487 2626 1530 2649 ne
