1846 3078
257 239 319 270 360

300 307 316 322 »
331 294 362 325 2.
379 294 490 333 Nuper
511 293 597 332 apud
612 301 670 324 nos
687 293 781 331 juxta
797 290 958 322 Coloniam

257 340 390 380 quidam
402 339 552 370 haeretici
567 339 688 370 detecti
707 339 801 374 sunt,
822 344 958 375 quorum

256 385 389 424 quidam
403 392 477 415 cum
499 383 717 415 satisfactione
729 382 769 411 ad
783 380 960 410 Ecclesiam

255 430 439 461 redierunt.
453 431 523 459 Duo
545 437 587 459 ex
603 429 668 465 eis,
683 426 808 457 scilicet
831 426 888 464 qui
909 425 960 455 di—

255 475 572 514 cebaturEpiscopus
581 481 693 503 eorum
706 480 779 501 cum
791 471 877 500 socio
889 479 959 507 suo,

255 520 350 550 nobis
363 519 557 549 restiterunt
581 517 614 546 in
637 517 803 546 conventu
828 515 961 545 clerico-

257 573 326 595 rum
336 566 369 595 et
380 564 555 599 laicorum,
571 561 730 600 praesente
744 561 812 598 ipso
829 560 960 590 domino

256 609 507 648 Archiepiscopo
523 615 596 636 cum
611 606 736 644 magnis
750 606 830 635 viris
840 605 962 634 nobili-

256 656 316 686 bus
329 678 338 693 ,
374 654 525 684 haeresim
555 660 646 681 suam
677 651 891 681 defendentes
919 659 961 680 ex

256 701 365 731 verbis
392 698 511 728 Christi
550 698 584 727 et
610 697 766 735 Apostoli.
796 696 859 726 Sed
888 705 961 726 cum

257 744 414 775 vidissent
434 751 469 772 se
495 749 560 772 non
581 750 674 780 posse
695 742 891 780 procedere,
906 750 963 780 pe-

256 789 379 820 tierunt
396 788 431 817 ut
455 787 502 817 eis
525 788 724 817 statueretur
743 787 831 823 dies,
847 787 881 816 in
899 795 962 825 quo

256 833 456 865 adducerent
482 832 522 862 de
557 832 624 862 suis
661 832 748 861 viros
777 832 869 862 Fidei
897 841 962 862 suae

257 880 396 919 peritos:
412 878 638 916 promittentes
659 886 694 908 se
710 879 796 908 velle
811 878 962 908 Ecclesiae

257 924 418 962 sociari,si
432 924 600 961 magistros
609 931 683 953 suos
698 924 848 954 viderent
862 923 895 952 in
913 931 963 952 re-

737 240 766 267 S.
788 236 1025 267 BERNARDI
1046 236 1242 264 ABBATis

992 288 1047 319 nio
1071 289 1107 319 et
1127 288 1333 320 abstinentiis
1343 311 1352 328 ,
1377 290 1412 320 in
1434 289 1630 320 orationibus
1654 290 1689 322 et

993 334 1157 364 laboribus
1176 334 1230 364 die
1246 342 1283 364 ac
1299 336 1393 366 nocte
1408 335 1622 373 persistentes
1634 358 1644 373 ,
1660 336 1694 366 et

992 380 1118 408 tantum
1133 379 1315 409 necessaria
1330 388 1372 409 ex
1387 380 1434 411 eis
1449 381 1525 411 vitae
1547 389 1696 418 quaeren-

993 425 1051 453 tes
1069 425 1130 453 Nos
1139 424 1200 454 hoc
1215 424 1423 464 sustinemus,
1439 426 1515 464 quia
1525 426 1565 455 de
1575 426 1698 461 mundo

993 476 1058 497 non
1069 477 1196 498 sumus:
1207 477 1264 499 vos
1275 471 1385 500 autem
1394 471 1505 501 mundi
1522 473 1696 510 amatores,

994 523 1066 543 cum
1092 515 1212 544 mundo
1235 523 1349 552 pacem
1378 515 1523 554 habetis,
1548 517 1625 554 quia
1654 517 1694 547 de

991 560 1110 589 mundo
1129 560 1219 590 estis.
1235 560 1495 598 Pseudoapostoli
1511 561 1696 591 adulteran-

992 606 1040 635 tes
1054 605 1190 635 verbum
1204 605 1339 643 Christi,
1355 614 1426 644 quae
1441 614 1497 635 sua
1520 607 1595 636 sunt
1609 615 1695 644 quae-

974 643 977 687 ἔ
991 651 1158 688 siverunt,
1174 659 1230 680 vos
1246 651 1279 680 et
1296 652 1406 688 patres
1421 651 1546 680 vestros
1562 651 1694 680 exorbi-

994 698 1061 726 tare
1076 696 1223 726 fecerunt
1239 704 1250 726 z
1270 704 1327 726 nos
1343 696 1377 726 et
1399 697 1508 734 patres
1523 697 1626 726 nostri
1641 705 1696 734 ge-

992 743 1097 773 nerati
1123 743 1281 780 apostoli,
1298 742 1332 771 in
1356 742 1458 780 gratia
1480 742 1597 772 Christi
1623 751 1697 781 per·

993 787 1186 825 mansimus,
1211 789 1244 817 et
1265 788 1298 817 in
1320 787 1418 817 finem
1440 787 1549 818 saeculi
1568 796 1697 826 perma-

992 833 1152 863 nebimus.
1170 833 1217 862 Ad
1239 833 1484 870 distinguendos
1498 841 1556 862 nos
1574 833 1607 862 et
1619 841 1693 871 vos,

993 879 1135 908 Christus
1150 879 1236 908 dixit
1252 887 1260 907 :
1276 880 1305 908 A
1327 879 1476 916 fructibus
1493 888 1599 908 eorum
1628 888 1695 917 coq-

994 925 1118 954 noscete's
1132 933 1192 955 eos.
1202 924 1337 954 Fructus
1353 924 1454 954 nostri
1469 925 1543 953 sunt
1559 924 1695 962 vestigia

258 970 428 1009 sponsione
457 969 613 1006 deficere3
642 963 785 1006 alioquin
813 977 847 998 se
875 969 962 999 velle
993 969 1123 1001 Christi,
1140 970 1175 998 In
1190 969 1271 999 cibis
1282 970 1349 998 suis
1360 970 1472 998 vetant
1483 977 1579 998 omne
1595 978 1696 1007 genus

257 1017 364 1054 potius
391 1015 496 1052 mori,
525 1023 624 1053 quam
648 1015 687 1044 ab
715 1015 774 1044 hac
798 1015 962 1044 sententia
994 1015 1105 1052 lactis,
1120 1014 1340 1052 etquodinde
1357 1014 1697 1052 conficitur-,etquic-

256 1061 400 1091 dessecti.
413 1061 482 1098 Quo
500 1060 628 1097 audito,
650 1068 723 1089 curn
741 1068 799 1097 per
817 1060 963 1089 triduum
994 1060 1071 1098 quid
1088 1069 1129 1090 ex
1145 1060 1232 1090 coitu
1253 1060 1454 1098 procreatur.
1475 1060 1542 1089 Hoc
1570 1060 1609 1089 de
1622 1068 1696 1089 con-

259 1107 371 1137 essent
386 1105 564 1143 admoniti,
581 1107 614 1135 et
635 1105 827 1144 resipiscere
842 1105 963 1136 noluis-
995 1107 1178 1136 versatione
1194 1114 1250 1136 sua
1275 1105 1369 1135 nobis
1384 1106 1561 1144 opponunt.
1578 1106 1615 1134 In
1639 1106 1696 1135 Sa-

259 1153 356 1189 sent,
372 1151 458 1190 rapti
483 1151 558 1181 sunt
580 1159 598 1180 a
618 1151 748 1189 populis
771 1151 873 1181 nimio
895 1152 963 1181 zelo
994 1153 1167 1181 eramentis
1191 1152 1259 1181 suis
1273 1152 1348 1181 velo
1371 1159 1405 1180 se
1430 1152 1546 1189 tegunt
1563 1160 1570 1180 :
1587 1152 1696 1181 tamen

257 1198 433 1236 permotis,
463 1197 556 1227 nobis
580 1198 691 1227 tamen
712 1196 825 1227 invitis
846 1206 854 1226 z
875 1197 908 1227 et
930 1177 1086 1255 inlnobis
1111 1198 1223 1235 aperte
1256 1196 1395 1227 confessi
1425 1197 1520 1233 sunt,
1548 1196 1635 1234 quod
1661 1197 1696 1226 in

259 1243 367 1281 ignem
381 1242 497 1281 positi,
513 1243 609 1280 atque
625 1242 781 1279 cremati3
798 1242 831 1271 et
852 1240 862 1281 (
879 1242 964 1280 quod
995 1251 1106 1273 mensa
1128 1251 1186 1273 sua
1206 1242 1353 1280 quotidie
1375 1250 1448 1271 cum
1478 1242 1696 1279 manducant,

260 1287 362 1325 magis
387 1287 537 1317 mirabile
561 1288 610 1317 est
635 1285 647 1326 )
678 1287 739 1325 ipsi
765 1288 964 1317 tormentum
994 1289 1033 1318 ad
1048 1289 1183 1318 formam
1203 1288 1320 1318 Christi
1338 1288 1371 1317 et
1386 1288 1627 1325 Apostolorum,
1645 1287 1692 1316 ci-

261 1333 344 1372 ignis
360 1341 426 1363 non
452 1333 557 1363 solum
571 1341 644 1363 cum
661 1333 839 1371 patientia,
855 1333 913 1363 sed
933 1334 964 1363 et
994 1335 1069 1364 bum
1092 1343 1186 1365 suum
1203 1335 1235 1364 et
1250 1335 1362 1372 potum
1384 1333 1419 1362 in
1435 1341 1550 1370 corpus
1571 1333 1690 1362 Christi

262 1387 335 1408 cum
350 1378 464 1408 laetitia
476 1379 714 1408 introieruntet
728 1378 962 1409 sustinuerunt.
995 1381 1025 1409 et
1040 1380 1229 1418 sanguinem
1238 1387 1298 1418 per
1307 1378 1502 1408 dominicam
1517 1378 1696 1408 orationem

262 1425 339 1461 Hic,
365 1425 476 1454 sancte
490 1424 602 1461 Pater,
620 1424 759 1461 vellem,
781 1424 807 1454 si
823 1433 964 1463 praesens
995 1427 1202 1463 consecrant,
1217 1427 1255 1455 ut
1269 1424 1344 1454 inde
1360 1432 1394 1454 se
1410 1423 1557 1453 membra
1572 1424 1606 1453 et
1627 1431 1697 1453 cor-

263 1477 387 1507 essem,
424 1470 546 1498 habere
581 1470 824 1506 responsionem
855 1472 963 1508 tuam,
995 1470 1353 1508 pusChristinutriant.
1369 1470 1430 1499 Nos
1445 1477 1522 1499 vero
1538 1468 1650 1498 dicunt
1664 1468 1697 1498 in

260 1515 349 1545 unde
365 1515 438 1544 istis
460 1514 580 1544 diaboli
598 1515 753 1543 membris
767 1516 857 1545 tanta
873 1516 966 1545 forti-
978 1505 981 1531 ¹
995 1516 1209 1545 Sari-amentis
1225 1523 1289 1544 non
1305 1516 1417 1544 tenere
1433 1514 1623 1551 veritatem,
1639 1513 1697 1543 sed

262 1561 340 1590 tudo
356 1561 389 1590 in
410 1568 466 1590 sua
482 1559 616 1597 haeresi,
637 1561 755 1597 quanta
778 1561 838 1590 vix
866 1561 964 1590 etiam
995 1561 1168 1598 quamdam
1189 1560 1338 1589 umbram
1355 1561 1386 1589 et
1404 1555 1574 1588 hominu'm
1599 1558 1698 1588 tradi-

262 1607 430 1636 invenitur
456 1606 491 1635 in
518 1605 614 1635 vaide
641 1605 807 1644 religiosis
831 1606 865 1635 in
886 1606 963 1636 Fide

261 1652 393 1681 Christi.

305 1709 322 1723 »
336 1697 366 1726 5.
384 1697 459 1726 Haec
476 1696 524 1726 est
537 1694 670 1726 haeresis
686 1695 828 1726 illorum.
845 1695 965 1726 Dicunt

263 1742 350 1779 apud
365 1749 398 1771 se
410 1741 537 1770 tanturn
549 1740 723 1769 Ecclesiam
736 1748 805 1769 esse
815 1762 825 1778 ,
835 1748 872 1770 eo
881 1740 965 1778 quod

265 1788 327 1825 ipsi
342 1787 401 1815 soli
414 1786 560 1823 vestigiis
574 1786 692 1815 Christi
709 1786 912 1824 inhaereant3
933 1786 966 1815 et

263 1831 446 1870 apostolicae
461 1831 539 1860 vitae
559 1830 630 1860 veri
645 1832 818 1860 sectatores
839 1839 967 1868 perma-

263 1879 385 1915 neant,
410 1885 448 1906 ea
472 1885 544 1914 quae
564 1876 678 1906 mundi
702 1877 779 1905 sunt
796 1884 861 1906 non
880 1885 966 1914 quae-

264 1924 394 1960 rentes,
418 1929 484 1950 non
506 1921 658 1958 domum,
685 1928 747 1949 nec
768 1928 877 1958 agros,
904 1929 966 1949 nec

264 1968 387 2005 aliquid
420 1966 585 2005 peculium
619 1965 821 2004 possidentes
847 1973 855 1993 ε
884 1965 967 1994 sicut

265 2014 409 2043 Christus
432 2020 498 2042 non
520 2012 686 2049 possedit,
712 2019 773 2041 nec
798 2010 967 2048 discipulis

265 2059 331 2088 suis
357 2056 550 2096 possidenda
574 2056 743 2086 concessit.
771 2056 834 2085 Vos
858 2056 967 2086 autem

267 2104 393 2141 (dicunt
408 2100 513 2140 nobis)
531 2101 662 2131 domum
673 2100 802 2138 domui,
811 2101 845 2130 et
856 2109 967 2138 agrum

267 2157 341 2186 agro
358 2147 515 2185 copulatis
526 2169 535 2184 ,
555 2148 588 2176 et
604 2155 675 2185 quae
690 2146 802 2176 mundi·
818 2147 892 2176 sunt
906 2146 968 2175 hu-

264 2194 319 2231 jus
334 2193 499 2230 quaeritis:
517 2192 561 2222 ita
582 2192 682 2222 etiam
694 2193 731 2222 ut
750 2191 807 2230 qui
827 2192 862 2222 in
877 2192 969 2222 vobis

266 2237 495 2276 perfectissimi
517 2238 696 2276 hahentur,
718 2237 803 2267 sicut
822 2233 968 2268 Monachi

269 2284 323 2314 vel
346 2283 508 2319 regulares
532 2283 703 2321 Canonici,
727 2283 875 2321 quamvis
900 2284 968 2313 haec

266 2336 332 2359 non
347 2328 383 2357 ut
398 2328 526 2365 propria
540 2349 550 2365 ,
565 2328 622 2357 sed
635 2328 803 2366 possident
824 2329 862 2358 ut
883 2337 969 2358 com-

268 2373 400 2410 munia3
429 2372 594 2409 possident
617 2374 728 2404 tamen
754 2375 823 2404 haec
849 2375 968 2404 omnia.

267 2419 318 2449 De
333 2426 367 2448 se
393 2417 507 2447 dicunt
533 2427 540 2446 :
568 2419 630 2447 Nos
657 2427 818 2458 pauperes
833 2420 968 2458 Christi,

271 2463 440 2505 instabiles
452 2484 462 2500 ,
477 2462 518 2492 de
533 2462 667 2493 civitate
683 2464 718 2493 in
734 2465 901 2496 civitatem
922 2465 970 2495 fu-

272 2510 415 2548 gientes,
431 2509 516 2538 sicut
534 2516 610 2538 oves
626 2509 660 2538 in
675 2510 783 2540 medio
798 2511 948 2548 luporum
961 2535 969 2549 ‚

273 2564 347 2586 cum
362 2554 520 2592 Apostolis
543 2554 577 2584 et
598 2554 791 2592 Martyribus
818 2564 972 2593 persecu-

273 2601 396 2630 tionem
411 2598 576 2637 patimur:
594 2607 669 2629 cum
693 2599 806 2630 tamen
828 2602 971 2630 sanctam

999 1607 1131 1636 tionem.
1145 1605 1287 1636 Confessi
1309 1605 1385 1635 sunt
1401 1604 1501 1633 etiam
1525 1603 1697 1633 manifesto

997 1660 1029 1681 se
1044 1653 1163 1690 praeter
1178 1659 1308 1688 aquam,
1323 1651 1358 1679 in
1373 1650 1482 1687 ignem
1498 1650 1531 1678 et
1541 1649 1697 1686 Spiritum

998 1697 1159 1734 baptizare
1171 1718 1180 1734 ,
1197 1697 1229 1725 et
1242 1696 1420 1732 baptizatos
1436 1702 1522 1723 esse:
1536 1694 1699 1723 adducen—

998 1743 1045 1772 tes
1057 1742 1135 1771 illud
1151 1740 1376 1771 testimonium
1384 1739 1538 1768 Johannis
1549 1739 1698 1776 Baptistae

1000 1786 1191 1825 baptizantis
1220 1786 1254 1815 in
1289 1793 1390 1823 aqua,
1425 1786 1459 1814 et
1494 1784 1632 1813 dicentis
1660 1784 1699 1813 de

997 1833 1145 1862 Christo:
1173 1833 1227 1862 Ille
1253 1840 1306 1861 vos
1336 1830 1502 1868 baptizabit
1526 1832 1558 1859 in
1586 1831 1701 1868 Spiritu

997 1880 1102 1907 sancto
1114 1880 1141 1906 et
1153 1879 1232 1915 ique.
1249 1878 1286 1906 Et
1300 1877 1334 1905 in
1356 1876 1419 1904 alio
1434 1876 1503 1905 loco
1520 1877 1606 1914 :qu
1627 1876 1701 1914 bap-

1000 1924 1061 1951 tizo
1074 1924 1106 1951 in
1121 1932 1222 1960 aqua,
1234 1922 1447 1958 majorautem
1459 1923 1593 1951 vestrum
1607 1923 1699 1958 stetit,

999 1976 1088 2005 quem
1111 1977 1164 1997 vos
1182 1968 1320 2003 nescitis,
1344 1966 1436 2004 quasi
1461 1967 1524 1995 alio
1538 1966 1699 2004 baptismo

1001 2012 1116 2049 praeter
1130 2020 1247 2050 aquam
1263 2020 1321 2041 vos
1342 2011 1571 2049 baptizaturus.
1594 2012 1632 2041 Et
1652 2012 1702 2041 ta-

1001 2059 1064 2087 lem
1086 2057 1284 2095 baptismum
1300 2065 1357 2094 per
1379 2056 1618 2094 impositionem
1634 2064 1702 2085 ma·-

1000 2112 1101 2133 nuum
1114 2103 1234 2132 debere
1244 2102 1316 2132 fieri
1326 2102 1431 2132 conati
1445 2102 1519 2131 sunt
1527 2102 1700 2133 ostendere

1001 2149 1186 2179 testimonio
1208 2149 1325 2186 Lucae,
1346 2148 1403 2185 qui
1425 2147 1458 2176 in
1480 2147 1604 2176 actibus
1621 2148 1702 2185 Apo-

1001 2195 1154 2225 stolorum
1176 2193 1362 2223 describens
1377 2193 1572 2229 baptismum
1587 2193 1677 2222 Pauli
1691 2215 1700 2230 ,

1001 2248 1097 2277 quem
1111 2239 1150 2268 ab
1161 2238 1283 2268 AnanIa
1296 2237 1437 2275 suscepit
1451 2237 1490 2266 ad
1505 2239 1702 2275 praeceptum

1001 2284 1259 2321 Christi,nullam
1268 2283 1467 2312 mentionem
1476 2282 1555 2311 fecit
1569 2282 1608 2312 de
1620 2290 1702 2321 aqua

1002 2331 1058 2360 sed
1079 2331 1205 2360 tantum
1222 2329 1261 2359 de
1279 2337 1392 2358 manus
1417 2327 1622 2366 impositione
1639 2337 1647 2357 z
1671 2330 1704 2359 et

1003 2376 1158 2415 quicquid
1186 2375 1372 2412 invenitur,
1408 2374 1474 2403 tam
1509 2373 1544 2403 in
1576 2374 1703 2404 actibus

1003 2422 1241 2460 Apostolorum,
1270 2428 1365 2458 quam
1387 2419 1422 2449 in
1441 2418 1586 2456 epistolis
1611 2420 1703 2449 Pauli

1004 2467 1044 2497 de
1059 2475 1172 2496 manus
1189 2465 1413 2503 impositione,
1427 2464 1466 2493 ad
1482 2464 1570 2493 hunc
1586 2463 1706 2501 baptis-

1004 2520 1093 2541 mum
1116 2512 1233 2541 volunt
1260 2510 1440 2548 pertinere.
1467 2510 1503 2537 Et
1524 2509 1705 2546 quemlihet

1007 2558 1052 2587 sic
1075 2558 1161 2586 inter
1177 2565 1231 2587 eos
1256 2555 1453 2593 baptizatum
1474 2554 1587 2584 dicunt
1612 2554 1705 2583 Elec-

1007 2604 1094 2639 tuin,
1121 2602 1155 2631 et
1176 2601 1298 2631 habere
1327 2600 1521 2638 potestatem
1546 2598 1625 2627 alios
1649 2599 1707 2635 qui

275 2646 309 2679 et
333 2645 526 2677 artissimam
546 2643 646 2676 vitam
668 2644 822 2675 ducamus
842 2644 874 2674 in
888 2645 974 2683 jeju-
1009 2647 1097 2685 digni
1126 2646 1249 2676 fuerint
1269 2644 1471 2684 baptizandi,
1497 2643 1577 2673 etin
1593 2651 1705 2674 mensa
