1846 3078
524 206 572 234 IN
591 202 792 233 CANTICA
811 201 963 232 SERMO
983 204 1123 234 XXXV.

106 259 298 299 intendere,
321 267 417 299 quam
431 257 468 290 ut
482 259 592 297 egredi
615 258 804 289 minaretur.

107 307 196 344 Quod
211 308 245 337 et
260 308 295 337 tu
308 305 478 335 advertere
492 305 602 343 potes,
619 305 644 334 si
663 305 745 334 bene
761 305 808 334 at·

105 352 217 382 tendas
225 373 234 390 ,
243 351 328 380 nude
337 373 346 389 ,
354 359 417 388 quo
427 350 535 387 egredi
543 350 706 388 jubeatur.
716 349 805 379 Unde

105 397 192 427 enim
201 419 210 435 ,
225 405 288 435 quo
301 396 412 434 putas,
425 396 488 426 nisi
503 396 542 425 de
554 396 671 434 spiritu
683 396 722 425 ad
737 403 807 425 car-

103 450 199 480 nem,
225 442 264 471 de
281 442 372 471 bonis
394 442 495 471 animi
511 442 551 472 ad
568 441 734 472 saecularia
749 441 805 470 de-

103 487 241 527 sideria,
270 487 308 517 de
327 487 454 517 interna
481 488 594 526 requie
620 487 741 517 mentis
765 487 804 516 ad

102 533 213 562 mundi
249 534 438 571 strepitum,
473 534 507 562 et
541 533 804 571 inquietudinem

101 585 253 608 curarum
279 578 498 608 exteriorum?
513 579 548 608 In
568 578 685 616 quibus
699 579 805 608 omni-

101 621 161 652 bus
176 631 239 653 non
263 625 312 653 est
331 624 393 654 nisi
416 624 507 653 labor
527 625 561 654 et
577 624 687 660 dolor,
706 624 802 662 atque

100 665 233 697 afflictio
259 668 402 706 spiritus.
426 669 503 704 Quae
520 668 608 697 enim
634 668 740 697 anima
752 676 805 698 se-

100 713 164 741 mel
180 721 197 742 a
212 714 346 743 Domino
362 714 476 743 didicit
491 714 525 743 et
539 714 665 751 accepit
681 713 801 744 intrare

99 756 140 786 ad
154 758 310 796 seipsam,
327 759 360 787 et
375 759 409 787 in
424 758 548 788 intimis
559 759 626 788 suis
640 759 701 788 Dei
717 767 801 797 prae-

98 803 235 832 sentiam
260 803 440 841 suspirare,
457 804 489 833 et
514 812 659 842 quaerere
683 804 800 835 faciem

97 846 168 883 ejus
189 846 345 887 semper(
365 849 498 887 spiritus
522 850 570 879 est
591 849 678 878 enim
694 850 798 888 Deus3

96 893 130 922 et
143 892 199 930 qui
211 894 360 931 quaerunt
371 902 446 923 eum
458 916 467 931 ,
483 896 610 932 oportet
623 896 721 925 cosin
733 897 799 935 spi-

94 936 162 967 ritu
177 939 361 977 ambulare,
378 940 411 969 et
427 948 493 969 non
509 940 543 969 in
558 948 672 979 carne,
689 942 726 971 ut
748 951 799 972 se-

94 983 238 1012 cundum
251 993 379 1014 carnem
392 985 521 1015 vivant:
531 986 541 1024 )
551 987 637 1024 talis,
652 988 796 1026 inquam,

94 1027 202 1058 anima
217 1029 328 1058 nescio
353 1037 393 1059 an
413 1030 466 1059 vel
490 1030 590 1068 ipsam
617 1032 797 1069 gehennam

95 1072 135 1101 ad
161 1074 289 1111 tempus
314 1075 459 1112 experiri
474 1075 665 1106 horribilius
685 1085 798 1114 poena-

92 1116 198 1148 liusve
214 1119 327 1157 ducat,
344 1129 440 1158 quam
452 1122 524 1158 post
539 1121 716 1158 spiritualis
729 1123 797 1152 stu-

94 1162 139 1192 dii
167 1163 263 1200 hujus
290 1166 449 1202 gustatam
475 1167 576 1194 semel
601 1167 795 1196 suavitatem

93 1207 185 1237 exire
214 1208 318 1238 denuo
348 1209 387 1238 ad
403 1210 590 1248 illecebras,
616 1212 669 1240 vel
691 1212 795 1249 potius

92 1251 132 1281 ad
147 1252 310 1283 molestias
325 1254 447 1292 carnis,
464 1264 682 1294 sensuumque
700 1257 795 1287 inex-

91 1297 246 1334 plebilem
258 1299 407 1337 repetere
416 1300 635 1331 curiositatem
646 1324 654 1339 ,
663 1301 793 1333 dicente

89 1343 280 1374 Ecclesiaste
297 1353 305 1373 t
325 1346 436 1376 Oculus
457 1355 518 1376 non
544 1348 685 1386 impletur
709 1349 809 1385 visu„

89 1395 144 1417 nec
164 1391 249 1419 auris
275 1392 393 1420 auditu.
419 1392 500 1421 Audi
517 1393 605 1421 enim
629 1393 792 1423 hominem

90 1435 263 1471 expertum
299 1444 370 1473 quae
398 1436 572 1474 loquimur.
609 1440 716 1469 Bonus
740 1449 790 1478 es,

90 1476 214 1517 inquit,
230 1482 378 1517 Domine,
410 1483 602 1520 speranthus
618 1485 707 1521 inte,
721 1487 792 1515 ani-

89 1531 148 1553 moe
178 1527 327 1563 quoerentz'
352 1528 390 1555 te.
406 1527 452 1556 Ab
476 1528 536 1558 hoc
559 1528 643 1558 bono
664 1529 691 1559 si
719 1531 790 1568 quis

87 1571 235 1601 avertere
251 1573 394 1603 sanctam
418 1574 507 1603 illam
530 1574 671 1606 animam
695 1585 790 1607 cona-

87 1617 196 1653 retur,
205 1618 282 1654 puto
295 1618 380 1649 haud
389 1627 480 1649 secus
489 1621 684 1660 accepisset,
693 1632 789 1661 quam
804 1632 805 1638 ¹

88 1661 115 1690 si
130 1670 163 1691 se
178 1662 218 1692 de
247 1664 410 1702 paradiso,
437 1666 471 1695 et
496 1666 534 1695 ab
557 1667 626 1704 ipso
651 1667 788 1699 introitu

87 1707 197 1744 gloriae
216 1710 419 1747 conspiceret
443 1711 621 1741 deturbari.
635 1713 717 1742 Audi
733 1715 789 1744 ad-

87 1750 151 1782 huc
167 1754 200 1783 et
227 1754 326 1783 alium
352 1755 492 1785 similem
515 1757 603 1786 huic.
623 1758 692 1788 Tibi
710 1760 788 1791 dixit

87 1805 140 1826 cor
153 1807 255 1828 meum
267 1821 277 1836 ,
294 1800 356 1838 ait,
373 1802 532 1839 exquisivit
548 1804 573 1831 te
588 1803 682 1840 facies
696 1813 764 1834 mea
776 1827 786 1842 ,

85 1842 195 1878 faciem
205 1845 303 1880 tuam,
316 1846 462 1882 Domine,
472 1847 640 1884 requiram.
650 1848 740 1878 Unde
756 1850 788 1879 et

1482 215 1536 244 271

841 257 969 294 derede
984 257 1167 289 sanctuario
1182 264 1254 290 meo
1265 281 1274 298 ,
1293 260 1471 306 cordetuo,
1483 270 1540 298 uhi

840 304 980 334 secretos
992 312 1162 342 sacrosque
1172 304 1319 336 veritatis
1330 315 1365 337 ac
1374 311 1542 347 sapientia>

838 356 949 379 sensus
965 350 1104 379 dulciter
1118 350 1247 379 haurire
1263 352 1404 390 solebas;
1429 357 1460 384 et
1474 366 1541 386 ma-

838 395 885 432 gis
902 396 1066 434 tamquam
1082 403 1145 425 una
1161 395 1199 424 de
1221 397 1429 427 saecularibus
1444 421 1453 436 ,
1468 410 1541 437 pas-

838 441 947 470 cendis
959 441 1198 471 etoblectandis
1207 441 1270 471 tuae
1278 442 1382 471 carnis
1392 446 1539 475 sensibus

838 486 1002 516 intricare.
1020 487 1134 517 Haedos
1146 486 1290 526 quippe(
1302 488 1358 525 qui
1370 491 1537 526 peccatum

835 531 1036 570 significant,
1052 534 1084 562 et
1094 532 1258 570 inJudicio
1274 534 1452 563 collocandi
1465 537 1540 566 sunt

835 583 853 604 a
881 577 1047 617 sinistris)
1066 578 1148 608 dicit
1169 586 1265 616 vagos
1294 579 1327 608 et
1353 580 1539 617 petulantes

835 622 976 659 corporis
1002 631 1132 660 sensus,
1157 632 1216 662 per
1240 632 1320 662 quos
1344 625 1513 662 peccatum
1533 645 1543 662 ‚

833 666 1000 704 tamquam
1022 676 1107 697 mors
1129 676 1189 706 per
1213 668 1389 707 fenestras,
1405 669 1540 699 intravit

833 710 873 739 ad
885 711 1038 741 animam.
1062 712 1119 742 Cui
1136 715 1169 743 et
1184 713 1268 742 bene
1294 714 1441 752 congruit
1453 714 1539 752 qnod

831 757 981 794 sequitur
994 757 1027 787 in
1037 757 1203 796 Scriptura
1213 759 1325 797 ,juxta
1338 760 1538 789 tabernacula

828 804 999 838 pastorum.
1015 803 1083 832 Non
1099 803 1185 833 enim
1202 812 1315 842 supra,
1337 804 1422 834 sicut
1436 805 1509 841 agni
1520 826 1530 839 .‚

831 845 888 875 sed
912 846 1005 883 juxta
1027 848 1234 878 tabernacula
1260 849 1424 886 pastorum
1445 849 1532 879 haedi

830 893 1016 928 pascuntur.
1032 894 1178 923 Pastores
1193 894 1354 932 siquidem
1366 917 1375 932 ‚
1391 895 1447 933 qui
1463 896 1535 925 veri

829 938 973 975 pastores
982 940 1057 969 sunt
1066 961 1075 977 ,
1085 940 1163 969 licet
1172 940 1380 970 tabernacula
1392 941 1535 970 habeant

829 982 869 1012 de
886 984 972 1013 terra
989 984 1022 1014 et
1037 985 1070 1014 in
1090 986 1197 1023 terra,
1224 993 1355 1024 corpora
1377 985 1536 1016 videlicet

828 1036 901 1066 sua,
930 1030 966 1058 in
979 1030 1095 1059 diebus
1121 1031 1238 1068 quibus
1254 1039 1340 1060 nunc
1369 1031 1531 1069 militant3
1570 1034 1573 1037 '

828 1081 891 1102 non
905 1074 1015 1104 tamen
1030 1075 1070 1104 de
1085 1076 1171 1105 terra
1182 1098 1190 1113 ,
1207 1076 1263 1106 sed
1286 1076 1325 1106 de
1343 1077 1531 1108 coelestibus

827 1119 953 1155 pascuis
968 1128 1079 1157 greges
1104 1120 1284 1150 dominicos
1299 1130 1431 1160 pascere
1453 1130 1532 1152 con·

826 1167 1002 1195 sueverunt
1019 1174 1026 1194 :
1044 1174 1150 1203 neque
1171 1167 1259 1196 enim
1284 1176 1375 1197 suam
1391 1168 1456 1205 eis,
1473 1168 1532 1198 sed

810 1203 812 1234 ί
826 1209 953 1239 Domini
969 1211 1147 1248 praedicant
1164 1213 1376 1243 voluntatem.
1391 1214 1430 1243 At
1446 1213 1532 1243 haedi

821 1253 970 1293 (quisunt
982 1258 1124 1294 corporis
1144 1257 1281 1297 sensus)
1300 1258 1444 1288 coelestia
1465 1267 1530 1289 non

824 1301 1078 1339 requirunt3sed
1092 1303 1185 1340 juxta
1195 1304 1403 1333 tabernacula
1418 1305 1528 1342 pasto-

824 1354 912 1384 rum,
926 1346 959 1376 in
975 1348 1125 1378 omnihus
1142 1349 1296 1380 videlicet
1310 1349 1404 1380 bonis
1424 1350 1529 1380 sensi-

807 1391 944 1422 *bilibus
970 1394 1068 1430 hujus
1092 1395 1205 1424 mundi
1235 1393 1245 1433 (
1261 1404 1333 1432 quae
1363 1396 1412 1424 est
1438 1395 1528 1434 regio

822 1445 991 1475 corporum
1006 1438 1017 1477 )
1035 1441 1185 1476 sumunt,
1197 1440 1284 1470 unde
1300 1448 1355 1470 sua
1367 1440 1528 1471 desideria

821 1491 886 1512 non
902 1484 967 1513 tam
983 1485 1121 1523 satient,
1137 1493 1233 1523 quam
1249 1486 1389 1515 irritent.

860 1529 891 1558 5.
907 1529 1024 1567 Turpis
1039 1531 1176 1560 mutatio
1200 1531 1398 1560 studiorum!
1415 1531 1452 1561 ut
1473 1532 1526 1561 cui

820 1575 894 1604 ante
919 1575 1019 1605 studii
1045 1575 1167 1613 fuerat,
1199 1577 1461 1614 peregrinantem
1492 1578 1527 1607 et

820 1620 967 1650 exsulem
993 1621 1134 1650 animam
1159 1630 1249 1651 suam
1276 1622 1374 1651 sacris
1389 1622 1526 1653 medita-

804 1666 982 1704 ¹tionibus,
1000 1668 1162 1705 tamquam
1185 1668 1371 1697 eoelestibus
1391 1676 1525 1705 pascere

819 1710 931 1748 bonis,
957 1712 1017 1741 Dei
1045 1712 1288 1750 beneplacitum
1315 1714 1348 1742 et
1368 1714 1524 1751 mysteria

804 1778 805 1784 ,
820 1755 993 1785 voluntatis
1035 1756 1104 1792 ejus
1128 1757 1312 1795 inquirere,
1346 1758 1522 1794 penetrare

803 1795 804 1841 J
818 1800 990 1830 devotione
1001 1802 1111 1839 coelos,
1127 1803 1160 1832 et
1171 1802 1279 1832 mente
1291 1811 1444 1840 supernas
1459 1804 1523 1832 cir-

803 1846 907 1875 cuire
923 1846 1126 1885 mansiones,
1142 1848 1280 1878 salutare
1300 1849 1410 1878 Patres
1425 1850 1522 1886 atque

84 1886 230 1918 dicebat:
241 1890 425 1920 Miltiautcm
432 1892 588 1922 adlzoerere
595 1895 658 1923 Deo
675 1894 787 1925 bonum
802 1879 982 1935 {Apostolos
997 1893 1030 1922 et
1046 1893 1160 1923 chOl'OS
1170 1894 1400 1932 Prophetarum
1414 1917 1423 1932 ,
1439 1895 1523 1923 Mar-

83 1934 138 1963 est.
154 1934 191 1964 Et
217 1934 296 1965 item
319 1937 453 1975 loquens
477 1937 518 1967 ad
541 1938 680 1969 animam
696 1949 786 1980 suam
802 1965 803 1984 Χ
817 1937 988 1977 tyrumque
1004 1939 1157 1969 admirari
1179 1940 1360 1978 triumphos
1372 1962 1380 1977 ‚
1397 1948 1433 1970 ac
1454 1942 1521 1971 stu-

85 1978 165 2010 dicit
181 1988 188 2008 :
206 1982 385 2013 Convertere
399 1985 506 2013 anima
525 1992 593 2014 mea
606 1985 637 2014 in
651 1989 784 2025 requiem
802 1985 893 2021 'pere
909 1985 1144 2022 pulcherrimos
1159 1986 1288 2016 ordines
1303 1987 1518 2024 Angelorum:

85 2024 188 2062 tuam,
205 2027 278 2064 qnia
299 2029 450 2058 Dominus
476 2028 618 2067 benefecit
630 2031 693 2061 tibi.
707 2032 785 2063 Dico
800 2036 802 2073 j
815 2038 902 2059 nunc
927 2031 1077 2061 Omnibus
1111 2032 1162 2062 his
1191 2032 1337 2068 Omissis,
1367 2032 1452 2070 turpi
1483 2041 1519 2062 Se

84 2077 159 2107 ergo
175 2071 266 2101 vobis
282 2080 290 2100 t
306 2073 404 2102 Num,
428 2081 488 2104 EST
504 2075 590 2112 quod
604 2076 639 2105 in
658 2077 784 2108 tantum
800 2080 801 2110 1
815 2075 979 2114 mancipet
991 2077 1133 2115 corporis
1147 2078 1297 2107 servituti
1309 2078 1348 2107 ad
1365 2078 1520 2108 obedien-

82 2113 252 2154 formidet,
275 2118 423 2156 quisquis
443 2119 504 2150 hoc
525 2120 719 2152 beneficium
734 2132 785 2153 se-
799 2111 890 2155 ‘dum
902 2122 1010 2159 carni,
1026 2122 1066 2151 ad
1081 2123 1345 2152 satisfaciendum
1360 2123 1467 2152 ventri
1485 2123 1519 2152 et

83 2161 148 2190 mel
163 2162 308 2200 accepit,
324 2172 421 2202 quam
435 2173 476 2194 ne
492 2166 594 2203 gratia
609 2167 784 2200 derelictus
799 2158 800 2204 J
814 2167 914 2204 gulae,
940 2167 980 2196 ad
1011 2168 1262 2198 mendicandum
1293 2168 1327 2198 in
1360 2169 1516 2198 universa

81 2213 213 2237 necesse
236 2208 356 2239 habeat
379 2209 485 2240 denuo
501 2212 610 2249 egredi
623 2213 663 2243 ad
678 2215 784 2245 carnis
798 2239 800 2252 <
814 2213 918 2250 terra,
932 2213 1018 2243 unde
1037 2221 1079 2243 ex
1095 2222 1132 2243 ea
1147 2223 1220 2252 quae
1240 2214 1386 2252 praeterit
1402 2214 1517 2245 mundi

82 2253 333 2292 consolationes,
347 2255 447 2286 immo
463 2257 695 2297 desolationes3
711 2269 784 2290 rur·
814 2258 911 2297 hujus
925 2258 1024 2296 figura
1035 2281 1044 2297 ,
1065 2268 1153 2289 suam
1165 2281 1174 2296 ,
1190 2268 1318 2297 semper
1333 2259 1512 2291 famelicam

80 2304 214 2335 sumque
243 2301 420 2330 carnalium
444 2311 596 2334 sensuum
623 2305 782 2337 sustinere
814 2305 1033 2336 curiositatem
1070 2307 1277 2345 aliquatenus
1318 2307 1512 2336 consoletur.

79 2343 251 2374 tumultus.
814 2350 925 2380 Exitus
939 2359 1095 2389 aquarum
1108 2352 1268 2382 deducant
1282 2352 1366 2382 oculi
1382 2352 1445 2381 mei
1462 2361 1518 2381 su·

120 2389 151 2418 2.
164 2390 332 2420 Terribilis
357 2391 491 2429 proinde
508 2392 541 2423 et
555 2394 653 2424 nimis
670 2395 783 2426 sorini-
813 2404 871 2434 per
898 2396 1082 2434 huJ'usmodi
1098 2398 1259 2436 animam,
1282 2407 1354 2436 quae
1367 2405 1439 2426 cum
1456 2405 1515 2425 nu-

79 2432 186 2463 dolosa
211 2435 416 2466 comminatio
433 2445 440 2465 :
456 2439 625 2476 Eqredere,
647 2442 675 2470 et
692 2450 782 2479 pasce
813 2442 946 2472 triretur
960 2443 994 2472 in
1005 2443 1146 2481 croceis,
1162 2443 1293 2473 demum
1308 2442 1514 2480 amplexatur

82 2478 181 2510 hoedos
196 2482 272 2511 tuos.
290 2482 379 2518 Quod
400 2484 466 2520 est,
493 2484 659 2523 Indignam
675 2487 707 2516 te
723 2495 782 2517 no-
797 2470 799 2499 Ι
813 2489 966 2519 stercora.
993 2489 1086 2519 Pavit
1111 2490 1218 2526 enim,
1239 2489 1331 2526 juxta
1348 2488 1432 2517 beati
1448 2487 1510 2515 viri

80 2525 167 2554 veris
182 2526 238 2556 illa
263 2527 317 2556 tua
334 2527 484 2559 familiari
511 2529 544 2559 et
564 2531 654 2560 suavi
670 2540 779 2562 rerum
813 2534 1023 2572 sententiam,
1039 2535 1184 2565 sterilem
1198 2543 1268 2573 quae
1291 2541 1352 2563 non
1372 2532 1512 2562 habebat

80 2571 349 2611 contemplatione
387 2575 567 2605 coelestium
578 2598 586 2613 ‚
622 2577 780 2616 intelligi-
813 2579 912 2618 filios,
928 2580 961 2609 et
974 2580 1081 2610 viduae
1097 2589 1160 2609 non
1176 2578 1347 2609 benefecit.
1362 2578 1398 2607 Et
1417 2576 1511 2613 vide,

81 2614 194 2647 bilium
206 2639 214 2654 ,
241 2618 435 2650 divinarum.
452 2620 666 2657 Quamobrem
688 2632 780 2662 egre-
813 2625 890 2663 quia
915 2633 980 2655 non
1011 2626 1203 2663 simpliciter
1248 2624 1406 2662 effraim-e,-
1432 2622 1486 2652 sed
1500 2643 1510 2659 ,
