1846 3078
278 265 337 295 336

753 271 782 298 S.
812 269 1047 298 BERNARDI
1077 271 1273 300 ABBATIS

275 319 446 359 securitas,
482 323 613 353 revocat
649 323 859 353 consuetudo.
889 321 974 360 Quid
1009 322 1088 352 tate.
1112 324 1151 353 Et
1175 324 1280 354 initiis
1305 325 1437 364 quidem
1461 329 1596 367 nostris,
1622 328 1707 359 tam«

276 366 367 403 plura
378 365 390 395 ἓ
401 366 629 399 Dissimulatur
639 369 695 398 lex
705 390 714 405 ,
727 368 896 398 abdicatur
908 368 972 404 jus,

274 410 322 441 fas
345 413 576 452 proscribitur,
610 413 852 452 derelinquitur
876 413 973 442 timor

273 456 414 488 Domini.
428 459 553 489 Dantur
574 459 737 497 postremo
758 458 972 496 impudentiae

275 510 387 534 manus
409 513 416 533 :
442 505 649 543 praesumitur
674 505 730 533 ille
755 504 970 542 temerarius,

273 548 329 578 ille
341 550 511 588 pudendus
520 571 529 587 ,
545 550 601 579 ille
614 549 839 587 turpissimus,
851 550 970 588 plenus

271 593 326 624 ille
352 596 528 632 ignominia
553 596 586 625 et
601 595 791 626 confusione
813 597 915 626 saltus
930 595 969 625 de

271 641 399 669 excelso
422 640 454 669 in
471 640 637 678 abyssum,
661 640 700 669 de
721 641 910 679 pavimento
935 641 969 670 in

268 686 507 724 sterquilinium
518 707 527 722 ,
543 685 583 715 de
598 686 678 716 solio
693 687 728 715 in
751 687 911 726 cloacam,
928 687 968 718 de

268 731 348 760 coelo
364 731 398 760 in
420 739 568 767 coenum,
586 731 626 762 de
648 732 789 762 claustro
806 733 840 763 in
865 742 969 764 5391311-

268 777 352 813 lum,
369 776 409 805 de
424 776 573 814 paradiso
596 777 630 806 in
645 777 824 808 internum.
840 779 968 810 Princi-

267 822 355 859 pium
371 823 404 852 et
419 823 580 859 originem
595 823 694 861 hujus
708 824 829 862 pestis,
855 825 889 854 et
911 828 966 856 vel

266 875 327 903 qua
353 867 421 896 arte
455 867 595 905 vitetur,
621 869 675 898 vel
701 877 764 907 qua
792 871 967 908 superetur

264 911 403 948 virtute,
429 919 494 941 non
527 912 576 942 est
601 912 699 949 hujus
725 913 883 951 temporis
908 916 966 946 de-

265 957 442 986 monstrare
460 966 467 986 :
485 957 565 988 alias
581 959 644 988 erit
659 958 739 997 110ος
756 967 844 989 nunc
860 963 964 999 coepta

263 1010 507 1039 prosequamur.

303 1048 331 1076 7.
345 1048 393 1078 Ad
406 1049 628 1087 provectiores
639 1050 672 1081 et
687 1050 846 1082 firmiores
857 1060 964 1083 sermo

262 1094 311 1123 est
325 1095 579 1134 retorquendus,
596 1096 637 1126 ad
662 1097 796 1127 vineam
811 1107 882 1136 quae
896 1099 963 1136 jam

263 1139 387 1177 floruit,
405 1141 457 1170 cui
481 1141 616 1179 quidem
638 1143 701 1172 etsi
723 1151 787 1172 non
812 1144 962 1183 estquod

261 1184 394 1216 floribus
418 1186 572 1218 formidet
596 1195 614 1217 a
642 1188 778 1226 frigore,
807 1189 865 1219 sed
896 1199 962 1220 non

261 1230 382 1261 fructus
406 1233 515 1262 securi
537 1234 611 1263 sunt
626 1242 643 1263 a
660 1235 825 1272 vulpibus.
842 1235 962 1266 Dicen-

260 1275 337 1305 dum
352 1278 497 1315 apertius
509 1278 587 1317 quid
603 1279 669 1309 sint
682 1279 896 1317 spiritualiter
911 1281 961 1312 hae

259 1322 391 1359 vulpes,
408 1332 465 1353 cur
489 1324 616 1362 pusillae
639 1325 805 1363 dicantur,
836 1335 894 1356 cur
907 1327 961 1364 ju-

258 1366 396 1397 beantur
410 1370 615 1406 potissimum
631 1371 704 1409 capi
714 1393 723 1408 ,
736 1372 769 1401 et
780 1380 845 1402 non
860 1373 959 1412 abigi,

258 1412 311 1441 vel
327 1413 432 1443 occidi
447 1423 456 1442 ε
471 1415 569 1444 etiam
582 1416 816 1447 introducenda
832 1418 959 1449 diversa

257 1465 375 1494 genera
401 1459 516 1490 harum
539 1461 716 1491 bestiarum
738 1462 777 1491 ad
803 1464 958 1500 majorem

257 1504 462 1535 audientium
484 1507 634 1536 notitiam
649 1508 682 1537 et
698 1508 877 1546 cautelam3
890 1518 958 1540 ‘non

255 1557 331 1579 sane
353 1558 501 1581 sermone
518 1552 599 1590 isto,
614 1552 650 1582 ut
666 1552 794 1582 fastidio
810 1555 958 1584 consula-

256 1603 346 1632 mus,
379 1597 413 1625 ct
437 1598 554 1627 nostrae
588 1598 773 1628 devotionis
803 1600 957 1637 alacritas

255 1642 468 1677 perpetuetur
496 1642 530 1671 in
554 1644 657 1680 gratia
692 1645 727 1673 et
753 1645 955 1676 confessione

253 1685 364 1721 gloriae
391 1687 499 1724 magni
516 1688 668 1718 Ecclesiae
692 1689 808 1727 Sponsi
825 1690 955 1720 Domini

253 1734 355 1763 nostri
369 1735 446 1764 Jesu
457 1735 594 1774 Christi,
607 1737 661 1774 qui
678 1738 726 1766 est
739 1746 837 1775 super
848 1741 954 1769 omnia

255 1779 340 1810 Deus
354 1779 547 1811 benedictus
563 1781 596 1811 in
612 1784 747 1820 saecula,
765 1792 872 1813 anien.

428 1900 599 1933 sumto
615 1902 772 1944 mxlv.

252 1974 290 1997 De
304 1975 502 1998 tentationibus
514 1976 722 2000 monachorum
732 1980 934 2007 provectorum
947 1987 951 2002 :

280 2018 347 2041 quas
355 2012 500 2041 patiantur
510 2013 606 2042 vulpes
615 2030 622 2041 ‚
631 2019 679 2035 seu
693 2014 856 2038 tentationes
868 2016 953 2045 magis

280 2047 330 2069 sibi
351 2047 468 2070 infestas.
494 2047 565 2070 Item
591 2048 624 2071 de
646 2048 801 2079 haereticis,
821 2051 953 2081 vulpibus

279 2083 422 2112 Ecclesiae,
439 2083 585 2113 capiendis.

297 2144 325 2172 1.
355 2145 474 2174 Ausim
501 2144 705 2183 promissioni
729 2154 822 2176 meae.
846 2147 950 2186 Capite

249 2188 336 2218 nobi‘s
360 2190 462 2228 vulpes
482 2192 645 2229 parvulas,
663 2200 730 2230 quoe
745 2193 950 2223 demoliuntur

248 2236 371 2264 efneos.-
384 2244 458 2264 nam
470 2237 559 2266 vinca
571 2239 676 2267 nostra
687 2239 803 2275 floruit.
817 2239 947 2276 Vulpes,

247 2279 443 2310 tentationes
469 2282 556 2311 sunt.
583 2283 721 2314 ,Necesse
752 2284 804 2313 est
829 2285 866 2313 ut
894 2293 948 2314 ve-

249 2326 344 2355 niant
368 2326 578 2357 tentationes.
600 2329 678 2364 Quis
703 2329 791 2359 enim
816 2338 948 2359 corona-

247 2371 356 2410 bitur,
370 2371 434 2401 nisi
449 2372 503 2409 qui
519 2373 665 2410 legitime
679 2375 878 2406 certaverit?
891 2378 948 2407 aut

247 2417 406 2455 quomodo
420 2418 607 2455 certabunt,
619 2420 644 2448 si
655 2420 738 2450 desit
749 2421 804 2458 11111
819 2421 947 2459 impug—

249 2460 328 2491 net?
351 2461 400 2491 Tu
420 2468 494 2498 ergo
517 2462 674 2492 accedens
695 2464 735 2493 ad
754 2465 946 2495 servitutem

246 2507 326 2546 Dei,
339 2508 387 2537 sta
402 2508 436 2537 in
450 2507 567 2537 timore
577 2529 585 2545 ,
600 2508 633 2537 ct
647 2517 790 2547 praepara
803 2511 943 2541 animam

246 2555 337 2584 tuam
371 2553 412 2583 ad
435 2552 670 2591 tentationem,
696 2556 803 2584 certus
834 2564 946 2587 omnes

246 2600 304 2637 qui
319 2599 374 2638 pie
396 2599 511 2629 volunt
524 2599 638 2630 vivere
653 2599 686 2628 in
709 2600 833 2630 Christo
845 2622 854 2637 ,
870 2609 946 2638 per-

246 2646 448 2675 secutionem
463 2652 623 2683 passuros.
638 2646 734 2675 Porro
749 2646 945 2677 tentationes

1008 375 1102 404 quam
1113 370 1316 401 novellarum
1331 373 1452 404 teneris
1466 375 1600 405 floribus
1611 376 1704 414 plan‘

1007 413 1184 453 tationum,
1210 415 1245 444 in
1269 417 1417 448 evidenti
1442 421 1492 450 vis
1508 421 1625 459 algoris
1649 421 1721 460 ins

1006 459 1145 498 cumbit,
1161 461 1253 499 cujus
1274 463 1483 496 meminimus
1497 466 1531 496 in
1554 473 1703 496 sermono

1005 503 1122 542 altero,
1149 506 1183 535 et
1216 506 1413 545 incipientes
1444 510 1483 539 ab
1514 511 1574 540 hac
1610 511 1702 549 peste

1005 549 1112 580 cautos
1123 551 1338 583 reddidimus.
1351 553 1422 583 Jam
1436 563 1514 585 vero
1528 556 1699 594 proficien-

1005 593 1084 623 tium
1107 596 1324 628 sanctioribus
1347 598 1464 629 studiis
1478 601 1613 631 minime
1629 601 1703 639 (1111-

1003 638 1076 668 dem
1091 649 1162 671 sese
1187 650 1352 680 opponere
1369 645 1539 674 contrariae
1562 646 1703 676 virtutes

1002 685 1113 722 aperte
1139 687 1278 726 audent,
1301 689 1359 719 sed
1383 690 1490 719 solent
1514 690 1550 719 in
1574 691 1701 720 occulto

1002 730 1166 770 insidiari,
1193 734 1286 771 quasi
1311 735 1458 772 quaedam
1483 734 1699 765 fraudulentae

1001 777 1202 816 vulpeculae3
1219 779 1327 817 specie
1343 780 1477 818 quidem
1491 781 1649 819 virtutes,
1664 788 1701 811 re

1000 823 1108 852 autem
1123 824 1214 854 vitia.
1231 826 1390 864 Quantos,
1406 826 1500 856 verbi
1515 827 1636 864 gratia,
1653 826 1702 855 in·

998 877 1120 906 gressos
1144 871 1213 901 vias
1233 872 1329 908 vitaz,
1353 880 1538 910 progressos
1563 873 1604 902 ad
1628 880 1699 902 me-

998 914 1077 943 liora
1090 937 1099 952 ,
1120 924 1219 954 super
1233 917 1365 948 semitas
1383 917 1521 954 justitiae
1536 917 1621 947 bene
1643 926 1696 948 se-

999 967 1139 997 cureque
1153 961 1396 999 proficiscentes
1412 963 1446 992 et
1469 963 1676 1001 proficientes
1686 985 1697 1001 ‚

998 1003 1129 1042 fraude,
1156 1014 1214 1044 pro
1247 1007 1369 1044 pudor!
1397 1008 1548 1045 vulpium
1583 1008 1695 1038 harum

997 1049 1136 1087 turpiter
1150 1052 1373 1088 supplantatos
1389 1053 1545 1090 expertus
1560 1060 1649 1091 sum,
1666 1054 1700 1083 et

996 1102 1067 1123 sero
1082 1095 1116 1124 in
1131 1104 1165 1126 se
1181 1097 1343 1127 virtutum
1354 1097 1528 1128 suffocatos
1541 1098 1696 1136 plangere

996 1139 1119 1170 tructus
1133 1141 1140 1170 !

1034 1186 1064 1215 2.
1107 1187 1181 1217 Vidi
1216 1197 1274 1227 ego
1307 1188 1476 1220 hominem
1507 1191 1694 1220 currentem

996 1229 1096 1269 bene3
1114 1233 1147 1262 et
1162 1241 1237 1263 ecce
1261 1233 1425 1272 cogitatio.
1442 1233 1561 1271 Quidni
1578 1235 1696 1272 vulpe-

994 1277 1066 1306 cula
1101 1277 1189 1308 fuit?
1213 1279 1364 1317 Quantis,
1399 1279 1523 1317 inquit,
1556 1280 1696 1318 bonum,

994 1331 1055 1360 quo
1079 1324 1164 1354 solus
1190 1324 1297 1362 fruor,
1322 1325 1350 1355 si
1378 1333 1484 1355 essem
1511 1326 1544 1355 in
1569 1326 1694 1363 patria,

994 1376 1119 1404 possem
1143 1369 1257 1407 utique
1288 1369 1453 1408 impertiri
1478 1369 1635 1400 fratribus
1660 1372 1695 1400 et

994 1415 1154 1453 cognatis,
1171 1415 1258 1445 notis
1283 1416 1316 1445 et
1331 1415 1444 1445 amicis
1456 1414 1468 1444 ἓ
1482 1416 1600 1445 Amant
1622 1424 1694 1454 me,

993 1459 1025 1488 et
1055 1460 1151 1491 facile
1184 1460 1432 1499 acquiescerent
1465 1461 1626 1491 suadenti.
1655 1462 1695 1492 Ut

991 1505 1069 1541 quid
1080 1507 1221 1544 perditio
1233 1507 1301 1537 haec
1314 1506 1326 1535 ἓ
1340 1507 1427 1536 Vado
1443 1507 1522 1536 illuc
1532 1529 1541 1545 ,
1558 1508 1590 1537 et
1605 1508 1694 1537 salvo

993 1552 1107 1581 inultos
1124 1561 1165 1581 ex
1181 1553 1264 1588 illis,
1281 1553 1314 1582 et
1334 1561 1386 1581 ine
1401 1553 1619 1590 pariter..Nec
1635 1562 1693 1582 vc-

992 1596 1126 1626 rendum
1142 1598 1175 1626 in
1191 1598 1252 1628 loci
1265 1598 1458 1628 mutatione.
1471 1598 1598 1628 Etenim
1614 1598 1691 1628 dum

992 1642 1210 1680 benefaciam,
1237 1643 1317 1681 quid
1348 1643 1487 1673 interest
1521 1642 1603 1673 ubi?
1627 1644 1692 1674 nisi

990 1687 1074 1725 quod
1088 1687 1155 1718 illic
1171 1688 1384 1726 proculdubio
1400 1689 1518 1726 satius,
1534 1689 1590 1718 11111
1606 1689 1693 1719 fruc-

991 1733 1111 1764 tuosius
1129 1734 1254 1772 degam.
1268 1733 1352 1771 Quid
1366 1735 1459 1772 plura
1471 1734 1540 1773 31t,
1557 1735 1590 1764 et
1604 1735 1692 1773 perit

991 1779 1105 1816 miser,
1130 1787 1196 1809 non
1226 1779 1293 1808 tam
1330 1780 1422 1809 exsul
1457 1779 1497 1809 ad
1529 1780 1689 1818 patriam,

989 1833 1084 1862 quam
1100 1826 1188 1855 canis
1201 1833 1350 1855 reversus
1362 1825 1402 1854 ad
1418 1825 1589 1855 vomitum.
1602 1827 1640 1855 Et
1654 1835 1688 1856 se

989 1871 1130 1908 perdidit
1154 1871 1290 1908 infelix,
1314 1872 1347 1901 et
1370 1879 1502 1901 suorum
1517 1872 1690 1910 acquisivit

988 1916 1165 1946 neminem.
1178 1917 1224 1946 En
1238 1924 1303 1946 una
1315 1917 1489 1955 vulpecula
1499 1939 1507 1954 ,
1524 1918 1585 1947 ista
1600 1917 1690 1947 vide-

988 1961 1066 1992 licet
1082 1962 1284 1992 frustratoria
1300 1971 1391 2001 speS,
1413 1971 1510 2001 quam
1524 1963 1640 1993 habuit
1654 1963 1687 1992 in

986 2008 1200 2046 acquisitione
1227 2017 1369 2038 suorum.
1385 2009 1479 2038 Potes
1501 2009 1538 2039 tu
1558 2016 1687 2047 quoque

987 2062 1045 2091 per
1059 2054 1201 2092 teipsum
1218 2054 1252 2084 in
1267 2054 1372 2092 teipso
1398 2054 1477 2083 alias
1493 2055 1588 2092 atque
1605 2055 1686 2084 alias

985 2099 1108 2129 similes
1121 2100 1197 2130 huic
1214 2100 1366 2131 invenire
1381 2107 1439 2130 scu
1453 2099 1644 2139 advertere,
1658 2100 1686 2130 si

985 2154 1048 2175 non
1062 2145 1220 2184 negligas.

1024 2192 1054 2220 5.
1072 2191 1128 2220 Vis
1143 2192 1253 2220 tamen
1267 2190 1307 2220 ut
1326 2198 1424 2220 unam
1440 2189 1544 2220 adhuc
1561 2197 1618 2227 ego
1635 2198 1686 2220 os-

985 2236 1114 2266 tendam
1136 2235 1221 2266 tihi?
1240 2236 1335 2265 Facio
1359 2236 1459 2265 etiam
1475 2236 1508 2265 et
1530 2235 1682 2273 tertiam,

983 2283 1016 2311 et
1031 2283 1178 2320 quartam
1195 2289 1323 2319 quoque
1346 2280 1590 2318 demonstrabo,
1607 2280 1633 2310 si
1650 2282 1683 2310 te

983 2327 1023 2357 ad
1038 2327 1210 2365 capiendas
1226 2335 1297 2365 eas,
1313 2334 1393 2365 quas
1407 2326 1490 2356 forte
1513 2334 1555 2356 ex
1578 2325 1628 2356 his
1650 2326 1684 2355 in

983 2374 1037 2403 tua
1052 2373 1233 2402 adverteris
1247 2372 1362 2410 vinea,
1377 2371 1534 2401 invenero
1547 2370 1684 2409 vigilan-

982 2422 1058 2449 tem.
1076 2419 1240 2448 Interdum
1256 2418 1341 2447 bene
1356 2416 1555 2456 proficientis
1575 2416 1683 2453 cujus-

982 2465 1065 2503 1113111
1077 2487 1091 2503 a.
1110 2472 1183 2494 cum
1205 2463 1268 2494 sibi
1293 2463 1457 2501 profusius
1480 2461 1604 2500 aliquid
1628 2469 1678 2491 su-

981 2519 1090 2548 pernae
1117 2509 1228 2547 gratiae
1253 2509 1394 2539 senserit
1416 2507 1568 2544 irrorari,
1593 2507 1681 2536 subit

980 2558 1124 2586 animum
1149 2554 1349 2585 desiderium
1374 2553 1590 2593 praedicandi,
1612 2559 1677 2581 non

980 2602 1112 2640 quidem
1138 2600 1179 2630 ad
1210 2600 1368 2639 parentes
1393 2599 1428 2630 et
1461 2598 1678 2637 propinquos,

977 2647 1071 2683 Juxta
1087 2646 1184 2683 illud,
1201 2647 1350 2677 continuo
1365 2654 1428 2675 non
1442 2644 1578 2682 acquievi
1591 2643 1681 2672 carm·

250 2690 384 2722 diversae
407 2691 500 2729 sunt,
527 2698 583 2729 pro
598 2691 780 2729 temporum
807 2691 945 2722 divm-s‘z-
980 2691 1251 2730 etsanquz'm':sed
1267 2691 1356 2729 quasi
1384 2689 1515 2728 purius,
1532 2687 1678 2717 fructuo-
