1810 3073
815 293 1168 342 &flammans

514 408 589 455 IN
639 402 944 454 CANTICA

995 398 1489 449 CANTICORUM:

510 598 679 632 SERMO
705 598 742 632 1.

323 680 353 711 1.
365 681 486 717 Voms,
501 679 628 708 Fratres
638 699 647 714 ,
663 677 726 706 alia
741 683 838 715 quam
852 674 925 706 aliis
939 673 979 704 de

283 727 418 763 saeculo,
434 725 491 754 aut
515 724 603 754 certe
625 723 720 752 aliter
740 721 877 752 dicenda
894 721 979 751 sunt.

282 771 349 801 11115
369 769 530 809 siquidem
558 769 608 798 136
630 768 743 806 potum
767 766 839 804 dat,
860 766 894 795 et
917 773 980 795 non

282 825 406 854 6563111,
433 814 490 854 qui
511 813 655 852 Apostoli
682 812 818 842 sormam
842 811 934 841 tenet
949 811 981 839 in

284 862 440 893 docendo.
469 861 549 890 Nam
577 859 802 897 spiritualibus
831 857 980 887 solidiora

283 906 473 949 apponenda
489 914 558 936 esse
569 927 578 943 ‚
593 905 706 934 itidem
729 903 797 941 ipse
817 910 874 932 suo
889 902 983 932 docet.

284 950 434 992 ciemplo
449 961 457 981 ε
473 953 662 989 Εοᾳιιῑπιιιν,
679 948 849 987 inquiens,
870 956 933 977 non
952 949 983 977 in

281 1001 376 1029 doctis
391 999 535 1028 humanae
556 996 714 1034 sapientiae
739 993 839 1023 verbis
852 1014 861 1029 ,
887 994 937 1023 sect
953 994 984 1022 in

283 1045 422 1074 doctrina
432 1043 557 1080 spiritus
565 1062 575 1077 ,
587 1039 797 1079 spiritualibus
811 1038 985 1079 spiritualia

284 1089 509 1127 comparantes.
522 1087 616 1123 Item,
629 1086 820 1123 Sapientiam
832 1084 986 1121 loquimur

283 1137 365 1164 inter
376 1133 541 1172 perfectos,
555 1131 669 1169 quales
685 1138 741 1159 vos
753 1129 907 1159 nimirum
917 1135 985 1158 esse

286 1180 412 1211 confido
427 1188 435 1208 :
448 1178 512 1208 nisi
527 1178 646 1207 frustra
662 1176 743 1206 forte
755 1175 821 1213 jam
835 1183 878 1204 ex
892 1175 986 1212 longo

284 1225 402 1257 studiis
414 1225 491 1254 estis
507 1223 692 1253 coelestibus
709 1221 876 1259 occupati,
893 1229 988 1250 exer·

286 1272 379 1302 citati
393 1270 542 1300 sensibus
554 1289 564 1307 ,
581 1268 615 1298 et
630 1268 663 1298 in
678 1268 751 1306 lege
766 1267 826 1296 Dei
838 1266 986 1296 meditati

284 1318 340 1348 die
357 1325 392 1347 ac
405 1318 511 1346 nocte.
528 1316 640 1352 Itaque
656 1314 767 1351 parate
784 1312 892 1342 fauces
903 1333 912 1349 ‚
924 1320 987 1341 non

282 1364 382 1401 lacti,
394 1361 451 1392 sed
467 1361 556 1399 pani.
569 1360 623 1389 Est
636 1358 729 1397 panis
745 1358 830 1396 apud
845 1357 989 1387 Salomo-

286 1418 381 1447 nem,
397 1408 488 1446 isque
502 1404 675 1435 admodum
694 1402 885 1442 splendidus
903 1402 988 1440 sapi-

288 1456 433 1493 dusque;
459 1453 581 1482 librum
615 1451 687 1480 dico
700 1472 709 1488 ,
739 1449 796 1488 qui
837 1449 986 1479 CANT1CA

287 1502 517 1531 CANTmoer
546 1496 733 1526 inscribitur
750 1503 758 1524 :
784 1493 969 1534 proferatur
979 1516 988 1532 ,

287 1547 315 1577 si
330 1546 455 1585 placet,
471 1544 504 1574 et
519 1543 694 1580 frangatur.

328 1593 360 1621 2.
376 1592 455 1621 Nam
481 1589 520 1619 de
545 1588 654 1618 verbis
680 1585 888 1616 Ecclesiastes
914 1584 990 1615 satis

289 1638 338 1679 (ni
351 1636 457 1675 fallor)
469 1644 527 1673 per
535 1634 595 1664 Dei
607 1634 742 1672 gratiam
752 1631 902 1661 instructi
915 1631 990 1661 estis

288 1683 402 1715 mundi
418 1682 516 1718 hujus
531 1687 719 1717 cognoscere
733 1680 766 1708 et
780 1678 989 1708 contemnere

287 1730 480 1762 vanitatem.
497 1727 580 1764 Quid
596 1725 629 1755 et
643 1723 831 1754 Parabolas?
855 1724 903 1752 An
927 1732 989 1753 non

289 1777 357 1806 vita
373 1774 406 1804 et
425 1780 531 1802 mores
543 1770 644 1801 vestri
658 1770 751 1806 juxta
767 1777 857 1806 63111,
871 1776 942 1806 quae
958 1769 990 1798 in

289 1822 370 1861 ipsis
386 1818 572 1854 invenitur,
591 1815 769 1845 doctrinam
792 1814 992 1844 sufficienter

291 1864 457 1898 emendati
481 1863 555 1893 sunt
583 1862 617 1891 et
643 1859 828 1890 informati?
854 1860 991 1889 Proinde

290 1914 358 1944 illis
374 1910 528 1941 ainbobus
552 1906 748 1945 praelibatis,
774 1913 854 1944 quos
873 1906 992 1935 nihilo—

290 1959 399 1989 minus
423 1955 462 1984 de
489 1953 585 1982 amici
613 1959 687 1981 arca
712 1950 992 1989 praestitos“acce-

290 2004 406 2046 pistis3
432 1999 579 2030 accedite
610 1998 643 2027 et
675 1997 715 2027 ad
743 1996 878 2026 tertium
905 1996 990 2025 hunc

292 2056 429 2090 panem,
455 2046 492 2075 ut
523 2043 667 2082 probetis
692 2042 826 2072 forsitan
853 2042 989 2079 potiora.

294 2098 372 2127 Cum
389 2092 476 2123 6111111
490 2091 552 2120 (1110
568 2089 631 2118 sint
645 2088 743 2125 111313,
757 2095 829 2125 quae
840 2087 893 2116 vel
907 2088 990 2125 5013,

293 2143 346 2172 vel
362 2138 504 2169 maxime
516 2135 657 2165 militant
670 2134 826 2164 adversus
837 2133 989 2171 animam,

293 2194 395 2216 vanus
409 2182 535 2213 scilicet
558 2188 646 2210 amor
671 2179 803 2217 mundi,
832 2179 864 2208 et
880 2187 992 2216 super-

294 2233 378 2262 fluus
395 2229 444 2259 sui
471 2237 479 2256 t
509 2226 593 2265 pesti
614 2226 746 2263 utrique
762 2225 824 2254 duo
845 2224 895 2254 1111
917 2224 991 2254 111111

295 2277 426 2309 obviare
442 2273 635 2309 noscuntur3
651 2272 733 2301 aiter
755 2271 879 2300 sarculo
896 2270 992 2301 disci-

294 2323 391 2363 pnnae
416 2327 513 2358 prava
538 2326 674 2355 quaeque
702 2317 736 2346 in
766 2316 925 2354 moribus,
960 2318 992 2347 et

296 2367 400 2400 carnis
421 2364 584 2401 superflua
606 2371 754 2392 resecans
782 2371 789 2391 ε
813 2363 896 2392 alter
919 2363 992 2392 11166

295 2411 431 2446 rationis
451 2410 486 2439 in
508 2408 594 2437 omni
617 2408 718 2445 gloria
744 2407 858 2437 mundi
882 2406 993 2437 sucum

295 2457 450 2491 vanitatis
462 2454 617 2492 sagaciter
628 2454 873 2491 deprehendens
882 2476 891 2492 ,
903 2462 994 2484 vera-

300 2507 443 2542 citerque
459 2500 661 2537 distinguens
676 2507 693 2528 a
709 2499 810 2528 solido
833 2500 992 2530 veritatis.

296 2549 445 2587 Denique
459 2544 619 2576 universis
634 2543 784 2572 humanis
799 2543 913 2572 studiis
925 2566 934 2581 ‚
958 2553 993 2574 ac

299 2592 468 2627 mundanis
502 2589 672 2620 desideriis
708 2588 854 2627 praetulit
890 2589 993 2619 Deum

297 2642 433 2678 timere,
459 2637 592 2675 ejusque
625 2635 796 2667 observare
830 2634 993 2665 mandata.

1011 579 1124 610 Merito
1139 579 1284 618 quidem.
1296 580 1391 610 Verae
1405 580 1528 610 etenim
1542 581 1712 620 sapientiae

1012 626 1154 664 primum
1192 625 1274 655 illud
1286 647 1296 663 ‚
1329 625 1480 664 initium3
1511 628 1710 665 secundum,

1013 671 1246 702 consummatio
1256 674 1306 701 est
1316 680 1323 700 :
1333 671 1360 701 si
1373 672 1480 701 tamen
1490 672 1613 702 constat
1621 673 1713 703 vobis

1013 725 1076 747 non
1092 717 1180 747 aliud
1192 725 1303 747 veram
1322 717 1355 747 et
1370 718 1625 748 consummatam
1641 725 1711 748 6556

1014 762 1205 800 sapientiam
1216 784 1225 799 ,
1238 770 1334 799 quam
1350 761 1519 792 declinare
1532 770 1549 791 a
1561 763 1645 792 malo
1655 784 1664 800 ,
1680 763 1714 793 ct

1015 808 1121 838 facere
1155 807 1295 845 bonum3
1326 807 1473 845 itemque
1508 808 1663 838 recedere
1696 818 1714 838 a

1014 854 1098 884 malo
1122 853 1289 884 neminem
1314 862 1408 892 posse
1433 852 1577 892 perfecte
1594 854 1715 892 absque

1016 900 1131 930 timore
1155 900 1234 937 Dei,
1250 908 1312 929 nec
1335 899 1456 928 bonum
1479 907 1559 938 opus
1582 900 1715 930 omnino

1017 953 1086 975 esse
1100 946 1217 983 praeter
1228 944 1466 974 observantiam
1478 945 1714 976 mandatorum.

1056 991 1087 1020 5.
1103 990 1252 1028 DepuIsis
1273 998 1348 1028 ergo
1369 990 1495 1020 duobus
1519 991 1612 1021 malis
1636 992 1716 1022 duo-

1018 1044 1089 1065 rum
1115 1036 1258 1065 lectione
1291 1036 1466 1074 librorum,
1493 1038 1717 1074 competenter

1016 1082 1082 1119 13111
1096 1081 1260 1111 acceditur
1275 1081 1316 1110 ad
1342 1081 1430 1111 hunc
1451 1089 1578 1111 sacrum
1593 1083 1719 1113 theori-

1019 1136 1158 1165 cumque
1172 1135 1354 1157 sermonem
1368 1136 1376 1156 τ
1389 1127 1444 1165 qui
1461 1135 1533 1157 cum
1550 1127 1593 1157 sit
1607 1129 1719 1159 ambo-

1019 1182 1091 1202 rum
1104 1173 1227 1203 i'ructns
1240 1195 1250 1211 ,
1266 1181 1330 1202 non
1347 1173 1406 1202 nisi
1425 1173 1541 1203 sobriis
1554 1174 1720 1205 mentibus

1021 1221 1053 1249 et
1067 1219 1199 1249 auribus
1219 1218 1352 1248 omnino
1368 1219 1548 1248 credendus
1563 1219 1720 1250 est.Alio-

1019 1265 1098 1303 quin
1124 1266 1199 1294 ante
1234 1273 1365 1294 carnem
1397 1263 1577 1302 disciplinae
1604 1265 1721 1296 studiis

1021 1311 1194 1341 edomitam
1211 1310 1242 1340 et
1259 1310 1473 1348 mancipatam
1490 1310 1632 1348 spiritui,
1645 1312 1720 1342 ante

1021 1358 1161 1396 spretam
1175 1357 1208 1387 et
1223 1356 1383 1393 abjectam
1395 1356 1503 1385 saeculi
1520 1365 1670 1395 pompam
1688 1357 1721 1387 ct

1021 1402 1178 1432 sarcinam
1189 1424 1199 1440 ,
1231 1401 1362 1439 indigne
1388 1401 1428 1431 ab
1457 1402 1596 1440 impuris
1620 1403 1720 1433 lectio

1022 1449 1129 1478 sancta
1137 1447 1721 1486 praesumitur.Quomodonempelux

1023 1494 1181 1523 incassum
1192 1492 1427 1522 circumfundit
1438 1493 1548 1522 oculos
1557 1502 1658 1524 caecos
1668 1494 1721 1524 vel

1023 1540 1145 1570 clausos
1158 1561 1167 1577 ,
1187 1539 1231 1569 ita
1247 1540 1392 1569 animalis
1406 1539 1496 1568 homo
1520 1548 1584 1568 non
1595 1542 1722 1579 percipit

1023 1595 1058 1614 en,
1072 1595 1139 1624 quoe
1165 1587 1236 1615 sunt
1251 1586 1381 1623 Sphitm
1399 1586 1468 1614 Dei.
1483 1585 1609 1623 Quippe
1624 1587 1724 1624 Spiri-

1025 1633 1071 1661 tus
1106 1634 1231 1662 sanctus
1266 1631 1429 1669 disciplinae
1457 1631 1575 1669 effuqtct
1598 1632 1721 1668 fictum,

1023 1676 1107 1714 quod
1123 1677 1170 1706 est
1186 1677 1252 1706 vita
1267 1675 1474 1706 incontinens
1489 1684 1498 1704 ε
1514 1676 1570 1706 sed
1583 1685 1643 1706 1166
1660 1677 1723 1708 erit

1024 1722 1054 1751 ci
1070 1730 1220 1760 umquam
1244 1730 1317 1759 pars
1337 1730 1411 1750 cum
1427 1721 1539 1750 mundi
1556 1722 1720 1760 vanitate,

1025 1777 1097 1797 cum
1120 1768 1269 1797 veritatis
1295 1767 1338 1796 sit
1358 1767 1511 1805 Spiritus.
1535 1768 1612 1804 Quae
1633 1769 1721 1798 enim

1024 1814 1160 1843 societas
1172 1813 1201 1842 ei
1217 1821 1289 1850 quae
1299 1812 1466 1842 desursum
1475 1812 1524 1842 est
1535 1813 1721 1852 sapientiae,

1025 1860 1058 1890 et
1077 1858 1245 1898 sapientiae
1267 1858 1397 1894 mundi,
1420 1867 1490 1896 quae
1513 1859 1652 1889 stultitia
1674 1861 1723 1890 est

1024 1905 1109 1944 apud
1123 1907 1226 1934 Deum
1240 1913 1249 1941 3
1263 1904 1319 1933 aut
1333 1904 1502 1942 sapientiae
1515 1905 1619 1934 carnis
1630 1927 1639 1943 ,
1651 1914 1724 1943 quae

1025 1953 1058 1981 et
1074 1952 1141 1989 ipsa
1167 1950 1300 1980 inimica
1323 1950 1371 1979 est
1393 1949 1481 1979 Deo?
1500 1950 1581 1979 Puto
1611 1952 1722 1981 autem

1023 1997 1109 2035 quod
1121 1996 1187 2033 jam
1209 2004 1272 2025 non
1288 1995 1424 2024 habebit
1444 1995 1532 2025 unde
1551 1996 1722 2026 adversum

1025 2051 1082 2072 nos
1093 2043 1275 2071 murmuret
1289 2041 1326 2077 15,
1339 2040 1394 2078 qui
1406 2040 1499 2070 nobis
1514 2040 1554 2070 de
1567 2041 1619 2071 via
1631 2042 1723 2072 venit

1024 2088 1147 2118 amicus
1158 2109 1166 2125 ,
1184 2095 1257 2116 cum
1270 2087 1303 2116 et
1316 2086 1449 2116 tertium
1464 2086 1562 2116 istum
1577 2087 1723 2126 insump-

1024 2134 1104 2164 serit
1118 2141 1246 2170 panem.

1063 2178 1095 2209 [ι.
1117 2178 1180 2208 Sed
1201 2177 1273 2215 quis
1290 2176 1433 2215 franget?
1456 2176 1554 2207 Adest
1579 2177 1721 2207 Paterfa-

1025 2225 1156 2254 milias:
1181 2224 1361 2261 cognoscite
1386 2222 1557 2252 Dominum
1587 2224 1618 2252 in
1639 2223 1723 2253 srae-

1024 2271 1112 2300 tione
1127 2269 1233 2309 panis.
1250 2269 1329 2305 Quis
1353 2268 1440 2297 enim
1462 2268 1545 2297 alter
1565 2268 1726 2299 idoneus?

1024 2317 1092 2346 Non
1117 2315 1268 2353 equidem
1291 2321 1349 2352 ego
1377 2313 1458 2342 mihi
1489 2313 1574 2343 istud
1600 2315 1722 2344 temere

1025 2361 1253 2400 arrogaverim.
1270 2359 1321 2389 Sic
1333 2359 1487 2397 spectetis
1498 2359 1538 2388 ad
1551 2368 1602 2389 me
1611 2381 1622 2397 ,
1634 2360 1670 2389 ut
1681 2368 1722 2390 ex

1027 2415 1078 2437 me
1100 2415 1166 2436 non
1181 2405 1391 2443 exspectetis.
1408 2404 1486 2434 Nam
1509 2405 1541 2434 et
1564 2413 1623 2442 ego
1639 2413 1723 2434 unus

1026 2461 1097 2483 sum
1113 2452 1152 2483 (16
1176 2450 1461 2489 exspectantibus,
1481 2450 1668 2481 mendicans
1690 2450 1723 2480 ct

1027 2500 1096 2536 ipse
1112 2498 1282 2528 vobiscum
1297 2497 1405 2526 cibum
1416 2496 1532 2526 animae
1546 2504 1626 2525 meae
1638 2518 1648 2534 ,
1662 2495 1724 2526 311-

1009 2534 1012 2580 1
1026 2544 1168 2574 moniam
1202 2543 1346 2582 spiritus.
1381 2543 1507 2571 Revera
1538 2550 1661 2579 pauper
1689 2541 1723 2571 et

1011 2603 1013 2614 ι
1028 2590 1119 2627 inops
1134 2590 1225 2627 pulso
1240 2588 1281 2618 ad
1296 2596 1370 2618 eum
1380 2609 1389 2625 ,
1399 2587 1456 2624 qui
1468 2586 1573 2624 aperit
1585 2588 1617 2616 et
1628 2593 1723 2616 nemo

1010 2616 1013 2660 1
1029 2634 1167 2672 claudit,
1185 2642 1282 2673 super
1302 2632 1459 2664 sermonis
1473 2631 1570 2670 11111115
1591 2632 1722 2671 profun-
