1846 3078
254 212 313 243 1⁴38

251 268 292 297 ad
321 267 438 307 pedes,
455 269 636 301 secundum
657 271 696 302 ad
721 280 871 310 manum,
887 273 954 302 ter-

250 313 335 344 tium
350 314 391 344 ad
405 322 440 345 os
453 316 605 346 sumitur.
619 318 654 347 ln
668 317 773 356 primo
794 317 953 354 accipitur

249 360 398 390 remissio
412 363 616 399 peccatorum
625 385 635 400 ,
645 363 678 392 in
688 363 828 393 secundo
838 371 954 392 munus

250 405 411 436 virtutum
421 428 431 446 ,
440 407 474 437 in
485 407 582 438 tertio
595 407 734 446 cognitio
742 408 951 438 secretorum.

251 451 311 481 Vel
333 451 399 491 ita,
422 454 569 484 osculum
597 453 773 490 doctrinae,
809 453 952 491 naturae,

249 497 373 534 gratiae.

289 542 321 573 9.
333 543 404 574 Duo
413 544 487 574 sunt
502 544 603 573 ubera
618 551 742 581 sponsae
758 552 766 573 τ
783 544 954 583 congratu-

246 588 328 619 latio
343 590 376 620 et
390 589 578 627 compassio.
608 588 746 619 Gemina
767 589 863 621 lactis
878 599 952 629 spe-

249 635 335 674 cies,
351 635 532 665 exhortatio
548 636 581 664 et
596 635 784 666 consolatio.
800 637 876 666 Tria
890 645 953 667 un-

247 682 367 719 guenta
381 689 388 709 :
402 680 607 718 compunctio
618 702 627 719 ,
654 681 804 721 devotio,
831 682 950 721 pietas.

246 725 456 764 compunctio
480 725 520 756 de
546 727 770 758 recordatione
798 729 953 767 peccato-

246 779 339 809 rum,
355 771 486 802 devotio
506 772 546 802 de
573 774 799 805 recordatione
829 775 953 805 henefi-

245 818 370 847 ciorum
380 840 389 854 ,
404 820 508 857 pietas
523 827 565 850 ex
580 820 838 853 consideratione
853 821 952 853 mise-

244 871 367 894 rorum.

288 909 338 940 10.
375 912 534 942 Reverlere
543 933 553 949 ‚
581 915 731 943 revertere
757 914 950 950 sunamitis,

245 957 414 995 revertere,
452 960 601 989 revertere
629 960 663 989 ut
693 960 873 989 intueamur
911 961 950 989 te.

245 1001 425 1033 Revertere
455 1003 562 1042 primo
598 1004 639 1034 ab
667 1004 780 1043 inepta
818 1004 931 1035 laetitia
942 1027 951 1043 ,

244 1048 413 1079 revertere
438 1050 579 1080 secundo
602 1050 643 1080 ab
662 1051 771 1081 inutili
800 1051 951 1090 tristitia,

245 1095 412 1124 revertere
428 1096 525 1126 tertio
540 1096 580 1126 ab
595 1096 685 1126 inani
701 1097 801 1135 gloria
812 1119 821 1135 ,
837 1099 951 1135 quarto

245 1141 414 1171 revertere
443 1150 462 1172 a
486 1142 603 1173 latenti
640 1143 807 1182 superbia.
843 1143 952 1173 lnanis

244 1186 346 1222 gloria
361 1187 428 1226 est,
445 1197 517 1226 quae
542 1189 582 1218 ab
603 1197 658 1219 ore
675 1189 843 1220 hominum
860 1190 952 1220 venit

245 1232 461 1264 extrinsecus.
475 1234 634 1273 Superbia
649 1235 753 1265 latens
774 1237 880 1267 oritur
902 1236 951 1266 in-

244 1278 416 1309 trinsecus,
430 1280 509 1310 Cum
518 1281 586 1310 haec
599 1281 708 1311 omnia
719 1281 800 1311 vitia
809 1283 952 1320 relique-

243 1324 287 1353 rit
298 1325 405 1355 anima
414 1347 423 1362 ,
436 1326 619 1356 intuebitur
631 1335 703 1357 eam
719 1336 855 1366 sponsus
868 1329 949 1365 ejuS.

243 1369 290 1398 Ob
306 1370 366 1400 hoc
382 1372 492 1401 autem
508 1372 607 1403 debet
624 1373 664 1402 ah
679 1373 752 1403 aliis
767 1374 928 1404 abstinere
941 1397 949 1412 ,

244 1416 282 1445 ut
296 1415 392 1454 digna
417 1417 472 1446 fiat
501 1418 572 1455 ejus
595 1419 833 1457 complexibus.
859 1420 949 1450 Unde

245 1461 279 1489 et
294 1461 333 1489 ad
346 1470 416 1491 eam
431 1462 551 1493 dicitur
567 1472 575 1492 ε
592 1466 749 1495 Revertere
759 1486 769 1501 ‚
783 1468 948 1504 revertere,

245 1508 281 1536 ut
296 1507 475 1537 intueamur
490 1510 528 1538 te.

285 1553 336 1582 Η.
355 1554 522 1584 Pastorum
542 1555 591 1585 est
605 1554 742 1592 vigilare
763 1564 862 1594 super
877 1565 949 1595 gre-

245 1606 318 1636 gem
343 1600 477 1637 propter
491 1600 553 1630 tria
575 1601 777 1640 necessaria,
792 1602 949 1634 videlicet

243 1644 283 1674 ad
305 1644 530 1683 disciplinam,
546 1646 587 1675 ad
605 1646 804 1685 custodiam,
817 1648 858 1677 ad
873 1657 949 1686 pre-

244 1698 309 1720 ces.
333 1690 379 1720 Ad
406 1691 611 1729 disciplinam
622 1714 631 1730 ‚
657 1693 792 1731 propter
820 1701 948 1723 morum

243 1736 498 1775 correctionem,
514 1746 554 1767 ne
570 1746 651 1776 grex
673 1739 860 1769 commissus
877 1748 950 1778 pro-

243 1782 315 1819 pria
341 1783 491 1813 molestia
516 1784 658 1814 deficiat.
687 1785 734 1815 Ad
749 1786 947 1825 custodiam,

242 1829 374 1866 propter
399 1828 592 1859 diabolicam
621 1831 879 1869 suggestionem,
905 1840 947 1863 ne

242 1872 352 1902 hostili
367 1873 541 1904 seducatur
552 1875 743 1905 calliditate.
759 1876 805 1905 Ad
814 1884 945 1916 preces,

241 1919 375 1957 propter
412 1920 633 1951 tentationum
671 1921 859 1952 instantiam
870 1945 878 1960 ,
906 1932 947 1954 ne

240 1964 394 1995 vincatur
407 1973 425 1995 a
440 1966 722 2004 pusillanimitate.
745 1968 781 1997 ln
802 1968 949 2007 discipli-

241 2018 283 2040 na
301 2011 388 2050 rigor
409 2011 612 2050 justitiae,in
638 2013 786 2043 custodia
815 2015 948 2052 spiritus

241 2058 388 2096 consilii,
404 2059 437 2088 in
450 2067 546 2097 prece
559 2059 692 2090 affectus
703 2061 945 2098 compassionis.

283 2104 331 2133 12.
342 2104 429 2135 Duas
442 2105 482 2135 ad
493 2105 744 2144 intelligendum
756 2115 789 2137 se
802 2107 947 2138 condidit

241 2149 463 2181 universitatis
494 2152 614 2181 Auctor
640 2154 821 2191 creaturas,
838 2154 948 2183 Homi-

243 2203 319 2224 nem
335 2198 368 2226 et
389 2198 558 2235 Angelum.
575 2198 747 2229 Hominem
764 2199 947 2237 justificant

241 2241 321 2271 fides
337 2243 369 2271 et
393 2244 738 2282 memoriazAngelum
761 2245 946 2276 beatificant

242 2287 431 2318 intellectus
450 2290 482 2318 et
494 2291 678 2328 praesentia.
699 2291 737 2321 Et
751 2291 829 2330 quia
845 2292 946 2321 homi-

240 2341 299 2363 nes
306 2334 496 2372 quandoque
505 2336 702 2372 perducendi
712 2339 785 2366 sunt
794 2337 834 2367 ad
841 2346 946 2376 aequa—

240 2378 367 2409 litatem
389 2379 600 2418 Angelorum,
617 2389 752 2412 necesse
768 2384 817 2413 est
832 2384 869 2413 ut
896 2384 945 2413 in-

240 2424 339 2453 terim
361 2423 579 2461 justificentur
599 2435 659 2464 per
679 2427 795 2466 fidem,
819 2430 853 2459 et
873 2437 946 2468 pro-

241 2469 354 2499 ficiant
377 2469 418 2499 ad
457 2470 674 2501 intellectum.
701 2473 864 2511 Scriptum
897 2476 945 2505 est

241 2514 347 2544 eninr.
364 2517 433 2546 Nisi
454 2518 656 2554 credideritis,
677 2526 737 2547 non
762 2520 943 2559 ivitelquelis.

241 2561 353 2599 ltaque
370 2562 467 2600 fides,
482 2563 533 2592 via
546 2564 594 2592 est
610 2563 649 2592 ad
671 2563 918 2601 intelligendum
936 2575 943 2594 :

242 2615 315 2637 nam
336 2608 509 2638 mundatur
521 2616 575 2638 cor
596 2608 678 2646 side,
701 2610 737 2639 ut
760 2609 946 2640 intellectus

720 218 749 246 S.
778 218 1024 246 BERNARDI
1048 218 1244 247 ABBATis

989 271 1040 301 via
1050 273 1098 303 est
1109 272 1148 302 ad
1161 273 1365 312 praesentiam
1378 273 1449 305 Del.
1463 273 1522 312 Qui
1535 273 1622 304 enim
1635 274 1688 304 hic

989 316 1088 348 habet
1108 319 1332 350 mandatorum
1355 321 1443 360 ejus,
1461 322 1495 350 ut
1512 328 1548 350 ea
1574 319 1688 357 faciat,

988 365 1193 402 memoriam3
1218 366 1397 396 merebitur
1425 366 1629 405 quandoque,
1654 366 1691 394 ut

988 406 1057 442 ejus
1064 417 1190 447 quoque
1199 410 1309 440 videat
1317 412 1533 448 praesentiain.
1543 410 1690 440 Habeant

988 451 1087 489 igitur
1097 453 1303 485 intellectum
1317 457 1348 486 et
1360 458 1565 494 praesentiam
1577 454 1690 493 Angeli

989 496 1046 526 Dei
1062 498 1095 528 in
1120 501 1200 530 coelo
1214 509 1222 530 z
1237 501 1415 532 habeamus
1428 504 1461 532 et
1485 511 1544 533 nos
1566 503 1638 539 ejus
1652 501 1689 530 fi-

986 542 1060 572 dem
1073 544 1106 574 et
1119 547 1308 576 memoriam
1330 548 1362 577 in
1378 548 1508 578 mundo.

1027 588 1077 619 13.
1102 589 1178 620 Pars
1193 592 1248 621 tua
1271 600 1397 630 sumus,
1409 592 1565 629 Domine,
1589 599 1689 629 quam

986 633 1089 665 tulisti
1105 635 1145 666 de
1166 644 1264 667 manu
1288 639 1464 668 Amorrhaei
1482 638 1516 668 in
1531 637 1637 675 gladio
1652 637 1687 666 et

986 687 1061 710 arcu
1083 681 1149 712 tuo.
1166 682 1300 713 Gladius
1315 685 1390 714 tuus
1415 692 1519 714 sermo
1535 684 1629 713 vivus
1654 683 1690 712 et

986 724 1102 756 efficax
1118 735 1125 756 ε
1142 736 1236 758 arcus
1260 730 1334 759 tuus
1357 729 1536 760 incarnatio
1552 729 1619 758 tua.
1639 726 1688 756 lbi

986 772 1073 801 enim
1105 773 1198 804 velut
1221 776 1354 805 curvato
1387 775 1556 813 sapientiae
1582 773 1688 811 ligno,

985 818 1017 847 et
1043 817 1098 856 pio
1113 819 1252 857 quodam
1279 820 1373 850 modo
1396 821 1481 850 flexa
1497 819 1688 856 divinitate,

984 871 1104 894 nervus
1130 865 1235 896 carnis
1261 867 1476 897 vehementer
1513 866 1687 902 extensus,

985 909 1017 938 et
1029 909 1212 942 humanitas
1227 911 1438 943 ineffabiliter
1448 913 1542 942 aucta
1554 918 1688 949 cognos-

986 954 1079 984 citur.
1096 957 1172 987 Pars
1192 965 1268 996 ergo
1282 958 1340 987 tua
1364 967 1476 988 sumus
1500 958 1534 987 et
1547 957 1687 996 populus

984 1001 1206 1039 acquisitionis
1254 1004 1337 1041 tuae,
1379 1012 1477 1042 quem
1520 1002 1687 1041 acquisisti

985 1046 1084 1076 verbo
1096 1048 1336 1085 praedicationis
1345 1071 1355 1087 ,
1366 1050 1400 1080 et
1410 1049 1566 1087 mysterio
1582 1047 1687 1078 incar-

985 1094 1138 1124 nationis.

1025 1139 1074 1169 14,
1088 1141 1122 1170 ln
1133 1140 1379 1171 circumcisione
1390 1139 1522 1169 Domini
1534 1147 1596 1169 nec
1608 1147 1685 1169 ner-

985 1194 1043 1216 vus
1058 1186 1238 1225 rumpitur,
1250 1194 1311 1216 nec
1326 1194 1361 1216 os
1377 1185 1633 1222 comminuitur,
1648 1184 1686 1213 ut

983 1233 1161 1263 robustiora
1185 1240 1321 1271 quaeque
1337 1233 1370 1262 et
1393 1231 1534 1261 firmiora
1555 1239 1688 1261 serven-

985 1281 1035 1309 tur
1056 1280 1168 1310 illaesa.
1191 1279 1344 1318 Aperitur
1363 1279 1473 1308 autem
1498 1277 1601 1315 cutis,
1617 1284 1687 1306 am-

984 1326 1113 1363 putatur
1143 1333 1237 1362 caro,
1268 1325 1398 1363 sanguis
1427 1323 1619 1361 effunditur,
1649 1323 1686 1351 ut

985 1372 1172 1401 illecebrosa
1181 1371 1334 1401 mollities
1343 1370 1527 1408 castigetur.
1542 1370 1577 1399 In
1588 1376 1685 1399 carne

982 1417 1114 1456 quidem
1137 1418 1309 1455 peccatum
1320 1439 1329 1455 ,
1351 1417 1439 1455 quod
1454 1416 1489 1445 in
1503 1424 1540 1445 ea
1556 1415 1684 1452 manet,

984 1463 1128 1501 intellige
1144 1470 1152 1491 ε
1168 1471 1264 1501 porro
1289 1464 1323 1493 in
1344 1464 1419 1493 cute
1444 1462 1684 1500 operimentum

983 1509 1070 1547 ejus,
1100 1510 1136 1539 in
1170 1509 1326 1547 sanguine
1357 1517 1436 1539 vero
1466 1508 1683 1539 incentivum.

982 1556 1055 1585 llaec
1082 1555 1182 1593 igitur
1205 1564 1283 1586 vera
1317 1555 1521 1585 circumcisio
1537 1551 1684 1595 spiritu,

982 1609 1044 1631 non
1055 1601 1184 1639 littera,
1201 1601 1228 1631 si
1244 1601 1395 1631 velamen
1409 1601 1633 1632 excusationis
1649 1603 1684 1632 et

981 1648 1246 1678 dissimulationis
1291 1656 1351 1686 per
1398 1648 1685 1686 compunctionem

981 1693 1103 1731 cordis,
1121 1694 1154 1723 et
1172 1693 1406 1723 confessionem
1428 1693 1492 1723 oris
1506 1701 1659 1725 amoveas
1674 1704 1683 1724 τ

981 1740 1007 1769 si
1033 1740 1159 1778 peccati
1187 1739 1458 1769 consuetudinem
1484 1740 1686 1770 correctione

981 1785 1200 1816 conversionis
1216 1785 1385 1815 abscindas
1399 1794 1407 1814 τ
1421 1785 1448 1814 si
1474 1785 1633 1825 denique,
1649 1786 1686 1816 ut

982 1831 1199 1862 necessarium
1234 1832 1305 1869 est,
1339 1831 1523 1861 occasiones
1556 1839 1686 1870 quoque

982 1877 1107 1916 peccati
1123 1878 1156 1908 et
1172 1877 1318 1908 fomitem
1334 1876 1438 1916 fugias
1450 1877 1684 1916 concupiscen-

983 1925 1112 1954 tiaruiu.

1022 1970 1071 1999 15.
1089 1970 1271 2001 Obtulcrzml
1295 1970 1382 2008 Maqz‘
1402 1970 1535 2000 Domino
1551 1978 1685 2006 aurum,

981 2016 1049 2046 thus
1059 2018 1105 2053 ,et
1118 2016 1288 2054 errham.
1307 2016 1381 2045 Haec
1394 2015 1536 2045 fortassis
1545 2023 1602 2053 pro
1615 2015 1686 2045 loco

981 2062 1013 2090 et
1031 2063 1174 2099 tempore
1190 2061 1371 2091 necessaria
1388 2060 1592 2091 videbantur.
1606 2061 1685 2091 Auri

980 2107 1121 2145 pretium
1137 2107 1177 2137 oh
1204 2107 1450 2146 paupertatem:
1466 2107 1606 2145 myrrhae
1626 2115 1687 2137 un-

980 2154 1134 2191 guentum
1154 2153 1194 2182 ob
1213 2152 1372 2183 infantilis
1385 2151 1443 2191 (ut
1459 2151 1598 2192 assolet)
1614 2161 1687 2182 cor-

981 2199 1066 2236 poris
1078 2198 1335 2228 teneritudinem
1351 2207 1358 2227 :
1374 2198 1481 2227 thuris
1496 2199 1685 2227 odoramen-

981 2246 1049 2274 tum
1066 2245 1106 2274 ob
1135 2244 1298 2274 sordidam
1322 2244 1441 2273 stabuli
1468 2243 1684 2273 mansionem.

979 2291 1040 2320 Nos
1055 2298 1133 2320 vero
1145 2290 1296 2328 quoniam
1311 2290 1366 2319 illa
1376 2289 1443 2326 Jam
1456 2289 1564 2319 omnia
1579 2289 1686 2319 trans-

980 2336 1089 2365 ierunt
1105 2358 1114 2373 ,
1156 2336 1325 2365 offeramus
1361 2336 1392 2365 ei
1436 2334 1686 2373 acceptabiliora

980 2389 1132 2420 muncra3
1146 2381 1285 2420 myrrhae
1314 2381 1501 2411 unctionem
1530 2381 1565 2410 iu
1593 2388 1686 2410 com-

979 2429 1168 2459 munionem
1180 2427 1307 2457 socialis
1320 2428 1395 2458 vitae
1406 2450 1414 2464 ‚
1425 2427 1530 2457 thuris
1539 2426 1685 2465 speciem

980 2474 1014 2504 in
1053 2473 1312 2504 suaveolentiam
1349 2473 1442 2503 bonae
1477 2472 1590 2510 famae,
1616 2471 1685 2502 auri

980 2519 1185 2558 splendorem
1201 2520 1235 2548 in
1249 2519 1457 2549 conscientiae
1478 2518 1656 2557 puritatem
1675 2525 1683 2546 :

980 2573 1043 2603 quo
1058 2565 1213 2596 videlicet
1226 2573 1287 2595 nec
1301 2565 1340 2595 de
1356 2564 1498 2594 officiosa
1514 2570 1685 2594 conversa-

981 2611 1069 2640 tione
1095 2609 1290 2640 familiarem
1312 2609 1469 2648 gratiam,
1484 2617 1545 2639 nec
1561 2608 1601 2638 de
1616 2607 1685 2636 lau-

243 2653 943 2695 wideatDeum:SimiliteretmemoriaDei,
984 2657 1083 2688 dabili
1111 2657 1262 2696 opinione
1293 2657 1422 2688 inanem
1450 2655 1602 2696 gloriam,
1629 2654 1684 2685 sed
