1846 3078
307 227 368 259 55&

308 284 370 323 Qui
380 290 472 314 mane
495 283 683 323 vz‘qz'laoerint
703 285 744 316 ad
764 292 830 322 me,
852 286 1005 315 invenient

777 233 808 260 S.
829 231 1062 260 BERNABDI
1081 231 1277 260 ABBATIS

1038 284 1277 323 misericordia,
1291 285 1324 315 et
1335 286 1554 326 increpaverit
1567 295 1619 318 me
1629 310 1638 326 ,
1654 288 1736 327 idip-

306 338 366 359 τηε.
381 330 459 360 Nam
475 331 508 361 et
522 330 721 361 desiderium
747 330 933 361 festinantis
950 338 1006 367 ag·
1038 337 1109 358 sum
1139 330 1298 368 sentiam,
1324 332 1428 362 sciens
1462 333 1537 372 quia
1573 335 1735 365 aemulatio

307 375 419 405 noscet
438 383 449 405 z
471 377 505 407 et
525 376 654 414 quando
678 383 798 414 prope,
822 375 856 405 et
876 375 1004 412 quando

305 421 421 457 praesto
435 420 502 457 jam
521 421 602 458 erit,
618 421 772 451 continuo
793 419 932 456 sentiet3
948 419 1005 449 sed

307 465 342 495 et
364 466 572 504 respicientis
597 474 630 495 se
653 466 802 502 oculum,
817 465 908 503 quasi
928 463 1004 494 solis

305 510 431 541 radium
447 519 507 550 per
530 510 688 540 fenestras
704 510 736 539 et
751 510 849 539 rimas
870 509 1004 548 parietis

303 556 516 593 subeuntem,
531 556 625 585 beato
641 555 734 584 oculo
750 556 879 592 cernet3
897 556 930 585 et
947 555 1005 585 de-

305 608 395 630 mum
410 602 519 631 audiet
534 608 630 630 voces
640 600 866 630 exsultationis
875 602 908 630 et
919 609 1004 630 amo-

304 646 369 683 ris,
399 647 562 685 appellata
593 645 716 683 amica,
745 646 913 685 columba,
938 646 1004 676 for-

304 700 404 721 mosa.

344 737 374 766 5.
394 734 471 772 Quis
485 736 614 774 sapiens
630 737 664 766 et
679 735 840 775 intelliget
855 737 942 776 haec,
958 737 1002 767 ita

304 781 396 810 ntea
419 782 517 811 etiam
541 782 638 819 digne
661 783 701 811 ab
724 782 867 812 invicem
887 783 1003 813 distin-

301 834 420 865 guere,
438 827 471 856 et
496 827 666 864 designare
688 827 814 866 singula
835 829 950 866 queat,
965 837 1002 858 ac

303 872 445 902 diffinire
462 872 502 901 ad
524 873 775 911 intelligentiam
796 873 955 902 aliorum?
969 874 1001 903 Si

302 925 321 946 a
336 925 389 947 me
405 918 487 948 illud
502 919 667 956 speratur,
690 926 747 956 ego
764 926 802 948 ea
816 919 947 948 mallem
962 920 1001 949 ab

304 964 442 1000 experto
463 964 594 1001 audire,
611 965 643 993 et
664 964 720 1002 qui
740 965 887 994 assuetus
904 965 948 995 sit
970 966 1002 995 et

302 1009 500 1038 exercitatus
514 1009 547 1038 in
557 1009 687 1039 talibus.
702 1010 741 1040 At
752 1009 903 1048 quoniam
915 1011 1002 1048 quis-

300 1061 364 1090 que
381 1054 437 1092 qui
453 1054 638 1092 liuJ'usmodi
654 1055 720 1092 est,
734 1055 920 1086 verecunde
936 1065 1002 1086 ma-

302 1098 350 1135 gis
379 1099 512 1130 silentio
547 1100 744 1130 abscondere
785 1101 877 1138 eligit
916 1103 1001 1140 quod

302 1144 434 1174 silentio
457 1145 599 1184 percipit
610 1168 619 1183 ,
643 1147 677 1176 et
692 1154 823 1177 servare
839 1149 1000 1177 secretum

300 1198 394 1220 suum
418 1191 499 1229 sibi,
524 1192 557 1221 id
579 1192 640 1222 sibi
667 1192 769 1222 tutius
794 1193 969 1223 arbitratur
991 1205 998 1223 :

304 1235 376 1265 dico
393 1244 469 1274 ego,
487 1237 538 1267 cui
555 1245 597 1267 ex
619 1237 724 1267 officio
748 1238 838 1276 loqui
860 1240 925 1276 est,
941 1248 1000 1269 nec

299 1282 408 1311 tacere
424 1283 684 1321 licet,quicquid
701 1284 782 1313 illud
798 1284 846 1314 est
861 1285 946 1322 quod
960 1285 999 1315 de

300 1326 485 1364 hujusmodi
506 1330 559 1358 vel
581 1329 729 1368 proprio,
745 1330 799 1360 vel
820 1330 926 1361 alieno
951 1332 1000 1361 te-

301 1379 366 1401 neo
393 1373 640 1412 experimento,
657 1375 689 1405 et
714 1375 799 1413 quod
821 1376 917 1407 facile
941 1385 999 1407 ex-

302 1418 405 1454 periri
430 1419 540 1456 plures
555 1420 696 1457 queunt,
713 1428 789 1450 sane
813 1421 927 1451 altiora
949 1431 999 1452 re-

300 1462 452 1500 linquens
468 1465 713 1501 apprehendere
729 1466 786 1494 illa
802 1467 996 1497 valentibus.

298 1507 332 1537 Si
350 1507 450 1544 igitur
471 1509 654 1539 admonitus
674 1510 783 1548 suero„
799 1511 851 1540 vel
867 1511 944 1541 foris
959 1513 998 1541 ab

299 1551 449 1591 homine,
461 1554 515 1583 vel
530 1554 616 1584 intus
631 1563 648 1584 a
665 1555 806 1593 Spiritu,
823 1555 862 1585 de
878 1557 998 1586 tuenda

298 1596 427 1634 justitia
456 1601 488 1628 et
505 1600 662 1629 servanda
688 1601 860 1639 aequitate3
890 1602 999 1632 istius-

298 1643 387 1672 modi
413 1644 564 1674 salutaris
591 1645 698 1676 suasio
725 1646 788 1675 erit
817 1647 900 1676 mihi
922 1656 997 1685 pro—

297 1688 382 1719 fecto
412 1690 594 1728 praenuntia
616 1691 817 1722 imminentis
838 1693 998 1725 adventus

297 1734 410 1772 Sponsi
420 1757 429 1773 ‚
441 1736 473 1765 et
483 1737 673 1774 praeparatio
689 1737 836 1775 quaedam
847 1739 887 1768 ad
902 1739 997 1777 digne

296 1781 540 1818 suscipiendum
569 1790 746 1819 supernum
774 1783 996 1824 visitatorem,

294 1824 455 1862 Propheta
477 1825 510 1854 id
530 1825 612 1854 mihi
634 1826 818 1865 indicante,
841 1828 995 1868 dicendoe

295 1869 499 1908 quiajustitt'a
512 1873 582 1901 ante
595 1881 664 1901 eum
674 1873 856 1904 ambulabit.
868 1875 906 1904 Et
918 1875 998 1905 item

294 1915 439 1953 loquitur
455 1917 520 1945 Deo
536 1918 582 1946 sic
604 1925 612 1946 ε
628 1919 755 1948 Justitta
777 1921 805 1949 et
826 1920 995 1959 judicium,

295 1961 420 1999 inquit,
433 1964 622 2000 proeparah'o
641 1964 718 1994 sectis
740 1966 812 1994 tuae.
827 1966 998 1996 Nihilomi-

294 2013 355 2035 nus
364 2014 440 2036 vero
454 2015 527 2044 spes
543 2007 656 2036 eadem
672 2008 882 2047 arridebit‚si
893 2018 996 2042 sermo

295 2049 479 2081 insonuerit
493 2052 533 2082 de
549 2052 738 2084 humilitate
753 2055 806 2084 vel
822 2056 992 2095 patientia,

295 2104 355 2125 seu
370 2096 469 2126 etiam
485 2097 525 2126 de
548 2097 690 2127 fraterna
711 2100 845 2130 caritate
862 2101 896 2130 et
919 2102 996 2131 obe-

294 2140 417 2171 dientia
441 2142 618 2173 deferenda
646 2145 791 2174 Praelatis
818 2153 826 2175 :
851 2147 994 2177 maxime

294 2187 404 2215 autem
420 2188 459 2217 de
474 2189 626 2218 sectanda
634 2191 849 2221 sanctimonia
863 2193 896 2222 et
904 2201 994 2231 pace,

296 2230 330 2259 et
347 2232 451 2261 cordis
465 2234 608 2270 puritate
631 2236 806 2272 quaerenda
817 2258 827 2273 9
842 2237 994 2275 quoniam

294 2275 427 2312 quidem
451 2277 616 2315 Scriptura
639 2280 685 2309 ait
707 2282 866 2311 :Domum
886 2284 996 2313 Domi-

294 2322 329 2350 πε·
338 2322 417 2351 decet
431 2325 600 2353 sanctitudo
613 2334 622 2362 ,-
634 2326 683 2362 et,
694 2327 807 2357 Factus
822 2329 865 2358 est
880 2329 911 2357 in
921 2337 996 2367 pace

294 2366 377 2396 locus
399 2367 485 2404 eJ'as3
501 2368 552 2405 et,
577 2370 687 2401 Mundi
713 2373 802 2403 corde
821 2374 922 2403 Deum
947 2375 996 2404 υἰ-

294 2412 418 2442 debunt.
440 2412 600 2450 Quicquid
624 2415 735 2454 itaque
762 2417 831 2448 sive
857 2419 898 2449 de
924 2419 995 2457 his,

293 2457 364 2487 sive
380 2457 420 2487 de
436 2458 509 2487 aliis
520 2458 722 2496 quibuslibet
733 2463 912 2494 virtutihus
925 2473 997 2503 sug-

294 2503 422 2539 gestum
444 2503 552 2533 animo
577 2503 697 2543 fuerit3
725 2507 935 2548 significatio,
960 2511 997 2540 ut

293 2546 385 2585 (lixi,
401 2549 465 2579 erit
488 2549 590 2587 mihi,
616 2550 839 2582 visitationem
862 2555 995 2585 Domini

298 2592 460 2624 virtutum
475 2593 648 2625 imminere
662 2596 778 2627 animae
792 2606 886 2628 meae.

336 2637 367 2667 6.
386 2638 450 2669 Sed
463 2639 495 2669 et
517 2639 545 2669 si
562 2639 755 2679 corripuerit
770 2650 821 2671 me
845 2642 949 2679 justus
965 2644 997 2674 in

1035 374 1113 411 justi
1126 375 1159 405 et
1174 375 1404 407 benevolentia
1419 378 1482 408 iter
1496 379 1621 409 faciunt
1633 381 1663 410 ei
1679 380 1736 418 qui

1038 420 1183 451 ascendit
1205 430 1302 460 super
1327 431 1486 453 occasum.
1503 425 1616 455 BONUS
1631 432 1737 456 00οΛ-

1037 472 1111 502 svs,
1138 473 1212 495 cum
1239 467 1279 496 ad
1301 469 1538 506 correptionem
1569 470 1648 506 justi
1674 470 1738 499 stat

1037 510 1150 549 homo,
1175 511 1209 541 et
1223 513 1346 542 corruit
1368 514 1503 552 vitium,
1520 516 1554 545 et
1576 516 1734 545 Dominus

1036 556 1181 586 ascendit
1205 565 1304 595 super
1328 559 1428 596 illud,
1453 561 1647 591 conculcans
1674 561 1735 590 hoe

1037 601 1190 640 pedibus,
1224 604 1258 633 et
1293 604 1464 634 conterens
1496 613 1538 635 ne
1573 607 1734 644 resurgat.

1035 646 1107 675 Nox
1121 654 1196 684 ergo
1209 649 1444 678 contemnenda
1455 649 1633 688 increpatio
1643 650 1737 689 iusti,

1035 699 1105 728 quae
1122 692 1216 721 ruina
1240 693 1387 731 peccati,
1404 694 1509 724 cordis
1532 695 1653 725 sanitas
1668 696 1736 733 est,

1034 745 1161 767 necnon
1178 739 1210 768 et
1224 739 1285 769 Dei
1301 739 1356 769 via
1370 739 1410 769 ad
1425 740 1576 770 animam.
1594 741 1657 771 Sed
1672 749 1735 771 nec

1034 783 1120 812 ullus
1145 784 1275 814 omnino
1301 794 1423 824 sermo,
1450 786 1506 824 qui
1532 786 1672 817 aedificet
1694 787 1738 817 ad

1034 828 1190 865 pietatem
1202 851 1211 866 ‚
1227 830 1267 859 ad
1289 830 1446 869 virtutes,
1468 831 1509 861 ad
1530 839 1635 862 mores
1650 831 1738 870 opti-

1034 881 1119 911 mos,
1135 875 1341 913 negligenter
1366 877 1415 906 est
1436 877 1615 907 audiendus
1632 887 1640 906 :
1658 886 1736 916 quo-

1034 918 1121 947 niam
1147 921 1180 948 et
1196 920 1265 950 illic
1281 921 1346 950 iter
1360 930 1423 959 quo
1439 922 1621 952 ostenditur
1646 923 1735 952 salu-

1034 964 1101 993 tare
1117 964 1190 994 Dei.
1203 965 1295 1002 Quod
1309 966 1335 995 si
1350 974 1456 996 sermo
1471 968 1579 1005 gratus
1591 969 1684 998 venit
1699 967 1734 997 et

1033 1009 1188 1048 placitus,
1206 1013 1365 1048 quatenus
1388 1012 1483 1049 pulso
1507 1012 1635 1042 fastidio
1660 1021 1735 1043 cum

1033 1054 1194 1085 desiderio
1211 1056 1361 1086 audiatur
1377 1065 1385 1085 :
1399 1057 1465 1093 jam
1480 1061 1544 1086 non
1564 1058 1659 1088 modo
1673 1066 1733 1089 ve-

1033 1099 1103 1129 nire
1130 1109 1283 1139 sponsus,
1309 1102 1366 1131 sed
1401 1103 1436 1132 et
1471 1103 1654 1133 accelerare
1665 1123 1676 1139 ‚
1701 1102 1736 1133 id

1033 1146 1081 1174 est
1106 1154 1178 1175 cum
1205 1146 1367 1177 desiderio
1390 1148 1523 1185 venire,
1550 1147 1731 1178 credendus

1033 1191 1092 1219 est.
1108 1191 1217 1222 lrmus
1238 1200 1377 1230 namque
1388 1199 1618 1231 nEsmERruM,
1638 1194 1733 1224 tuum

1033 1236 1136 1274 creat3
1158 1238 1191 1267 et
1209 1237 1296 1275 quod
1314 1239 1349 1267 tu
1362 1237 1432 1274 ejus
1443 1246 1595 1276 properas
1607 1247 1728 1269 sermo-

1033 1290 1108 1312 nem
1120 1283 1291 1313 admittere
1300 1305 1308 1321 ,
1321 1283 1395 1313 inde
1406 1285 1454 1314 est
1465 1284 1550 1321 quod
1559 1284 1628 1322 ipse
1641 1284 1732 1315 festi·

1032 1328 1086 1357 nat
1098 1327 1233 1358 intrare.
1244 1329 1310 1358 Non
1324 1329 1411 1358 enim
1420 1337 1477 1359 nos
1487 1338 1560 1359 eum
1570 1351 1578 1367 ,
1591 1330 1647 1360 sed
1659 1332 1732 1369 ipse,

1032 1372 1154 1412 inquit,
1177 1375 1265 1413 prz‘or
1284 1375 1391 1404 ditexit
1415 1383 1483 1405 nos.
1503 1375 1573 1404 Jam
1590 1376 1617 1405 si
1632 1376 1732 1405 etiam

1033 1419 1170 1456 ignitum
1196 1420 1362 1458 eloquium
1378 1420 1499 1458 sentis,
1523 1421 1620 1459 atque
1637 1429 1679 1451 ex
1694 1430 1733 1452 eo

1031 1465 1263 1495 conscientiam
1288 1465 1340 1495 uri
1356 1466 1390 1495 in
1404 1466 1629 1496 recordatione
1654 1475 1733 1505 pec—

1031 1510 1094 1540 cati
1108 1518 1118 1548 3
1131 1511 1303 1540 recordare
1328 1512 1408 1541 tunc
1431 1512 1471 1541 de
1487 1520 1550 1549 quo
1567 1512 1733 1550 Scriptura

1031 1556 1127 1592 dicit,
1141 1556 1216 1593 quia
1231 1557 1308 1594 iqnis
1321 1558 1392 1586 ante
1406 1557 1505 1594 ipsum
1518 1558 1686 1596 p'roecedet3
1700 1558 1734 1588 et

1031 1601 1135 1638 ipsum
1148 1609 1249 1639 prope
1265 1609 1335 1631 esse
1351 1609 1414 1630 non
1428 1601 1569 1631 dubites.
1580 1602 1730 1640 Denique

1025 1647 1120 1681 juxta
1135 1648 1178 1676 est
1198 1647 1348 1677 Dominus
1367 1646 1413 1677 his
1428 1647 1480 1686 qui
1495 1647 1640 1678 tribulato
1659 1650 1731 1679 sunt

1031 1693 1130 1721 corde.

1071 1738 1101 1766 7.
1114 1737 1148 1766 Si
1163 1745 1242 1767 vero
1253 1745 1318 1767 non
1334 1737 1438 1767 solum
1455 1738 1681 1777 compungeris
1696 1739 1730 1768 in

1031 1791 1178 1813 sermone
1202 1783 1276 1821 illo,
1292 1783 1350 1813 sed
1375 1784 1408 1813 et
1422 1785 1621 1814 converteris
1644 1785 1731 1814 totus

1031 1828 1070 1857 ad
1085 1828 1259 1858 Dominum
1269 1850 1278 1867 ‚
1291 1829 1405 1864 ⁴iurans
1423 1830 1456 1859 et
1470 1830 1616 1859 statuens
1628 1832 1733 1860 custo-

1030 1873 1100 1903 dire
1114 1874 1384 1912 judiciaJ'ustitiae
1400 1874 1491 1912 ejus:
1506 1875 1603 1905 etiam
1619 1875 1731 1905 adesse

1031 1918 1137 1956 ipsum
1171 1920 1237 1956 jam
1264 1920 1413 1957 noveris,
1438 1920 1620 1958 praesertim
1644 1921 1672 1950 si
1694 1921 1727 1950 te

1031 1965 1235 1995 inardescere
1247 1965 1369 1996 sentias
1380 1973 1488 1995 amore
1501 1965 1581 2002 ejus.
1594 1966 1723 1995 Etenim

1031 2010 1205 2048 utrumque
1221 2011 1261 2041 de
1277 2011 1334 2040 illo
1350 2010 1448 2049 legis,
1465 2011 1499 2041 et
1512 2011 1620 2049 ignem
1637 2011 1733 2042 vide-

1030 2055 1108 2086 licet
1122 2058 1197 2086 ante
1220 2056 1328 2095 ipsum
1349 2057 1552 2095 praecedere,
1569 2058 1602 2087 et
1622 2057 1730 2096 ipsum

1029 2100 1241 2131 nihilominus
1268 2101 1377 2138 ignem
1392 2109 1475 2131 esse.
1488 2102 1612 2140 Moyses
1626 2102 1729 2141 siqui-

1031 2145 1104 2175 dem
1121 2146 1160 2175 de
1176 2146 1234 2176 illo
1249 2146 1346 2183 dicit,
1362 2146 1438 2184 quia
1460 2148 1538 2184 {quis
1552 2156 1731 2178 consumens

1029 2193 1083 2222 est.
1099 2191 1262 2221 Differunt
1284 2191 1412 2229 autem,
1427 2191 1514 2229 quod
1535 2192 1563 2221 is
1576 2192 1632 2230 qui
1646 2200 1732 2229 prae-

1030 2236 1172 2266 mittitur
1186 2235 1270 2274 ignis
1295 2235 1444 2266 ardorem
1460 2236 1576 2274 habet,
1593 2236 1650 2265 sed
1664 2244 1730 2266 non

1030 2289 1194 2311 amorem:
1208 2289 1365 2319 coquens,
1379 2281 1511 2311 sednon
1528 2289 1729 2320 excoquens3

1030 2334 1182 2364 movens,
1209 2334 1271 2356 nec
1295 2334 1502 2364 promovens.
1525 2326 1663 2356 Tantum
1688 2327 1730 2357 ad

1031 2371 1240 2401 excitandum
1263 2371 1472 2409 praemittitur
1488 2371 1521 2401 et
1544 2379 1731 2409 praeparan-

1031 2417 1121 2454 dum,
1134 2417 1296 2455 simulque
1308 2416 1349 2446 ad
1360 2416 1640 2455 commonendum,
1652 2416 1732 2454 quid

1032 2464 1116 2493 exte
1130 2463 1184 2500 sis,
1194 2470 1257 2500 quo
1272 2461 1399 2492 dulcius
1411 2461 1516 2500 sapiat
1526 2461 1728 2500 postmodum

1031 2508 1117 2546 quod
1142 2516 1185 2537 ex
1199 2509 1267 2537 Deo
1282 2516 1359 2537 mox
1383 2507 1459 2537 eris.
1475 2507 1515 2537 At
1535 2515 1613 2537 vero
1637 2513 1730 2536 IGNrs

1032 2561 1092 2592 QUI
1114 2554 1204 2585 Deus
1230 2561 1291 2584 EST
1312 2553 1474 2583 consumit
1497 2552 1647 2591 quidem,
1673 2551 1731 2580 sed

1034 2608 1097 2629 non
1113 2599 1230 2638 aflligit
1246 2608 1253 2628 :
1270 2599 1362 2629 ardet
1388 2598 1550 2634 suaviter,
1566 2596 1731 2627 desolatur

1034 2644 1186 2675 feliciter.
1202 2645 1256 2676 Est
1271 2644 1357 2675 enim
1383 2652 1459 2674 vere
1489 2642 1583 2673 carbo
1610 2642 1731 2672 desola¹
