1810 3073
540 254 585 286 IN
612 254 813 285 CANTmA
835 251 985 282 SERMO
1013 253 1106 281 xxi.

1474 257 1530 285 2ll

101 316 210 357 tigiis,
231 322 267 347 ae
292 297 382 353 sequi
405 311 439 343 te
463 318 667 350 quocumque
696 309 775 340 ieris
792 317 800 337 t
837 308 933 338 taedio
949 308 1033 338 affici
1052 307 1169 345 sentis,
1189 306 1255 337 noli
1268 306 1437 346 propterea
1452 309 1535 340 difli-

100 364 205 393 scieus
217 360 367 399 quoniam
381 357 442 388 viae
458 358 520 387 tuae
537 356 596 387 viae
612 356 750 394 pulcrae,
767 354 800 384 et
836 353 913 383 dere
936 354 991 383 aut
1013 352 1170 383 desistere
1186 360 1203 382 a
1219 352 1324 382 studio
1349 354 1508 391 spirituali
1523 365 1532 383 t

97 416 208 438 omnes
226 405 348 436 semitae
359 405 423 434 tuae
434 402 595 441 pacificae-3
611 402 644 431 et
655 401 731 439 quia
742 399 798 438 qui

97 452 243 490 sequitur
263 452 315 487 te,
331 457 396 479 non
421 448 566 477 ambulat
588 448 621 476 in
643 445 798 476 tenebris.

95 496 247 526 Precatur
259 496 368 525 autem
381 502 414 524 se
427 492 511 524 trahi
521 515 530 531 ‚
542 492 694 531 quoniam
702 490 797 528 justi-

94 542 140 572 tia
157 543 211 571 tua
225 542 310 572 sicut
324 541 449 570 montes
462 539 536 576 Dei,
552 546 611 568 nec
625 536 744 567 suflicit
757 535 796 565 ad

93 585 184 615 illam
197 585 263 615 suis
277 584 414 614 viribus.
430 582 581 612 Precatur
590 589 623 610 se
638 579 742 617 trahi,
759 580 795 609 ut

91 631 235 660 assolet:
258 629 334 668 quia
357 636 453 658 nemo
476 626 568 656 venit
590 625 629 655 ad
653 625 706 662 te,
729 624 794 654 nisi

90 674 186 704 Pater
202 674 278 704 tuus
288 673 425 704 traxerit
437 679 525 701 eum.
539 671 636 700 Porro
647 677 726 707 quos
738 670 796 698 Pa-

90 720 142 750 ter
164 720 286 757 trahit,
302 719 405 748 trahis
429 717 462 746 et
481 717 529 747 tu.
554 716 657 754 Opera
673 715 793 753 quippe

90 773 163 803 quae
178 766 271 794 Pater
285 764 380 800 facit,
398 764 464 793 haec
480 761 512 792 et
524 762 625 791 Filius
638 761 793 791 similiter

89 809 179 839 facit.
210 809 272 839 Sed
297 807 486 838 familiarius
510 815 528 837 a
553 807 633 836 Filio
654 807 795 845 postulat

91 855 174 885 trahi
185 877 194 894 ‚
210 855 372 893 tamquam
383 862 399 883 a
408 861 521 892 sponso
532 852 662 891 proprio
672 874 681 890 ,
694 861 792 890 quem

88 901 184 931 Pater
195 900 284 930 misit
296 899 423 929 obviam
435 899 465 928 ei
477 899 592 928 ducem
604 906 639 927 ac
648 906 793 936 praecep-

90 947 192 977 torem
203 968 212 984 ,
229 946 285 984 qui
301 945 362 975 sibi
379 945 511 982 praeiret
526 945 560 974 in
578 944 632 974 via
648 952 791 982 morum,

91 992 124 1021 et
138 992 334 1029 praepararet
355 990 418 1019 iter
439 989 597 1018 virtutum
609 1010 618 1026 ,
636 989 669 1018 et
685 988 793 1018 erudi-

89 1037 141 1067 ret
153 1045 224 1066 eam
236 1036 319 1066 sicut
332 1035 556 1073 semetipsum,
568 1034 601 1063 et
614 1034 702 1064 viam
717 1042 793 1072 pru-

88 1081 208 1112 dentiae
230 1081 379 1117 doceret,
402 1081 435 1110 et
460 1079 603 1110 traderet
628 1079 659 1108 ei
686 1079 791 1117 legem

89 1128 166 1158 vitae
187 1128 220 1157 et
242 1126 438 1164 disciplinae,
456 1125 488 1154 et
511 1125 557 1155 sic
580 1125 698 1155 merito
721 1125 790 1164 ipse

88 1173 331 1210 concupisceret
343 1171 491 1201 decorem
503 1170 586 1208 ejus.

128 1217 160 1247 [ι.
180 1218 282 1247 Trahe
302 1226 349 1247 me
361 1219 427 1255 post
443 1218 490 1252 te,
507 1217 538 1246 in
551 1217 641 1246 odore
653 1225 792 1255 unquen-

90 1266 190 1294 torum
203 1266 326 1293 tuorum
342 1271 511 1292 curremus.
525 1262 695 1298 Propterea
710 1270 790 1300 opus

86 1308 191 1338 habeo
201 1308 298 1345 trabi,
307 1308 458 1346 quoniam
467 1306 618 1345 refriguit
626 1307 791 1346 paulisper

87 1355 122 1384 in
135 1354 228 1384 nobis
250 1353 333 1392 ignis
350 1354 467 1383 amoris
484 1353 550 1390 tui3
566 1361 626 1383 nec
642 1353 789 1383 valemus

90 1407 108 1429 3
125 1399 206 1430 facie
223 1399 346 1436 frigoris
358 1398 454 1436 hujus
469 1407 599 1428 currere
615 1399 728 1437 modo,
745 1399 789 1428 si-

89 1446 145 1476 cut
160 1445 230 1475 heri
241 1446 273 1474 et
285 1444 536 1474 nudiustertius.
548 1445 719 1474 Curremus
732 1452 790 1474 au-

88 1492 156 1522 tem
184 1491 314 1528 postea,
339 1498 414 1519 cum
437 1489 620 1519 reddideris
641 1490 788 1520 laetitiam

88 1536 234 1568 salutaris
249 1536 316 1573 tui,
334 1544 406 1566 cum
421 1535 558 1566 redierit
578 1535 694 1565 melior
708 1536 789 1566 tem-

86 1583 193 1622 peries
208 1582 338 1620 gratiae,
354 1590 427 1611 cum
449 1582 501 1611 Sol
515 1581 651 1619 justitiae
668 1582 787 1611 iterum

90 1630 278 1667 incaluerit,
296 1630 329 1659 et
350 1630 578 1668 pertransierit
599 1629 788 1660 tentationis

88 1679 209 1717 nubeS‚
222 1688 293 1717 quae
304 1679 389 1708 hunc
402 1679 529 1716 operire
543 1678 583 1708 ad
595 1678 707 1708 horam
721 1687 787 1708 cer—

83 1725 172 1755 nitur
183 1747 192 1762 ‚
222 1725 318 1762 atque
347 1724 386 1753 ad
415 1725 524 1753 lenem
558 1724 671 1753 flatum
701 1732 785 1753 aurae

85 1768 265 1798 blandioris
280 1767 375 1797 solito
390 1767 550 1804 coeperint
565 1769 731 1805 unguenta
748 1768 789 1797 li-

85 1821 262 1853 quescere,
288 1813 320 1842 et
343 1813 485 1842 aromata
509 1812 630 1850 fluere,
653 1812 687 1842 et
711 1813 787 1843 dare

85 1860 217 1890 odorem
225 1867 330 1888 suum.
342 1859 431 1887 Tunc
443 1866 611 1888 curremus
621 1881 630 1896 ,
643 1858 677 1888 iu
690 1859 787 1889 odore

84 1905 142 1935 illo
172 1912 349 1934 curremus.
381 1904 602 1942 Spirantibus,
637 1904 787 1942 inquam,

83 1950 255 1988 unguentis
269 1957 453 1988 curremus,
463 1950 617 1987 quoniam
634 1950 787 1980 abscedet

83 1997 194 2035 torpor
205 1995 260 2034 qui
273 2003 359 2025 nunc
373 1995 434 2033 est,
449 1996 481 2025 et
493 1996 677 2026 revertetur
689 1996 788 2026 devo·

83 2041 129 2072 tio
139 2063 149 2080 ,
160 2041 271 2078 etjam
283 2050 347 2071 non
360 2041 422 2071 erit
433 2049 514 2079 opus
525 2041 617 2071 nobis
630 2042 665 2071 ut.
678 2042 787 2072 traha-

84 2096 173 2124 mur,
189 2087 311 2125 quippe
323 2087 421 2117 odore
438 2087 607 2125 excitatis,
620 2088 656 2117 ut
672 2088 786 2125 sponte

83 2141 260 2164 curramus.
282 2134 372 2163 Nunc
392 2141 469 2162 vero
486 2133 617 2163 interim
633 2134 720 2164 trahe
739 2144 786 2164 me

82 2181 204 2218 postte,
216 2178 356 2208 Videsne
372 2179 464 2208 illum
481 2179 579 2217 quiin
589 2179 706 2218 spiritu
718 2188 786 2210 am-

84 2225 189 2262 bulat,
210 2232 415 2263 nequaquam
441 2233 634 2262 permanere
660 2225 694 2255 iu
721 2235 785 2257 uno

83 2271 186 2308 statu,
197 2277 258 2299 nec
274 2270 387 2300 eadem
403 2278 532 2308 semper
544 2270 701 2302 facilitate
712 2280 785 2310 pro-

83 2315 198 2352 licere,
223 2315 255 2344 et
271 2315 356 2353 quod
377 2323 442 2345 non
465 2316 508 2345 sit
528 2316 562 2345 in
583 2317 715 2347 homine
733 2318 786 2348 via

83 2360 153 2398 ejus
166 2369 175 2398 ;
205 2360 262 2390 sed
291 2361 564 2398 quemadmodum
591 2362 621 2391 ei
651 2362 785 2400 spiritus

83 2405 265 2435 moderator
275 2427 285 2442 ,
298 2406 392 2443 prout
400 2406 470 2436 vult
481 2428 490 2443 ,
503 2406 685 2446 dispensat,
698 2416 785 2438 nunc

83 2449 232 2488 segnius,
246 2458 335 2480 nunc
356 2451 492 2481 alacrius
511 2461 582 2490 quae
606 2453 692 2483 retro
712 2455 786 2485 sunt

84 2495 252 2532 oblivisci,
276 2497 309 2525 et
331 2496 371 2524 ad
392 2496 552 2526 anteriora
575 2505 644 2528 sese
667 2500 785 2529 exten-

85 2540 182 2572 dere?
197 2541 276 2571 Puto
292 2540 377 2578 quod
392 2541 452 2570 hoc
464 2541 569 2580 ipsum
580 2564 590 2581 ,
604 2543 630 2572 si
643 2544 784 2574 attendi-

85 2587 144 2624 tis,
159 2586 267 2616 vestra
288 2586 382 2616 vobis
404 2587 608 2624 experientia
623 2588 711 2620 intus
731 2598 785 2620 re-

84 2631 220 2671 spondet
230 2630 317 2670 quod
332 2639 390 2670 ego
402 2631 479 2662 foris
493 2633 618 2672 loquor.

125 2677 155 2707 5.
174 2677 254 2715 Ergo
269 2684 341 2706 cum
359 2678 390 2707 te
406 2677 534 2716 torpore
546 2701 554 2717 ‚
577 2679 709 2719 acedia,
730 2682 781 2712 vel

834 399 891 428 sed
909 398 1054 436 juvantis
1081 399 1211 437 require
1235 406 1384 436 manum,
1401 399 1486 429 trahi
1503 402 1535 431 te

833 443 1004 473 obsecrans
1024 451 1148 482 sponsae
1169 443 1342 481 exemplo,
1358 443 1460 473 donec
1478 445 1537 474 de-

832 496 897 518 nuo
917 488 1092 519 suscitante
1115 488 1218 526 gratia
1239 487 1342 518 factus
1357 489 1536 526 promptior·

831 534 1049 574 alacriorque,
1076 542 1203 572 curras,
1231 535 1264 564 et
1291 534 1380 564 dicas
1404 542 1413 563 t
1441 536 1535 566 Viam

830 582 1049 611 mandatorum
1065 582 1188 610 tuorum
1210 581 1345 617 cucurri,
1366 589 1435 610 cum
1456 582 1535 611 dila—

831 627 904 656 tasti
922 635 975 656 cor
999 635 1113 656 meum.
1143 626 1195 656 Sic
1221 626 1350 664 autem,
1377 626 1533 665 quamdiu

828 670 920 701 adest
931 672 1033 709 gratia
1044 693 1053 709 ,
1070 670 1233 701 delectare
1248 671 1282 701 iu
1298 679 1336 701 ea
1347 693 1356 709 ,
1372 671 1409 701 ut
1424 679 1488 701 non
1499 673 1534 702 te

828 716 998 747 existimes
1013 717 1134 746 donum
1155 716 1215 746 Dei
1233 716 1306 753 jure
1322 716 1532 747 haereditario

827 762 1009 800 possidere,
1026 763 1070 793 ita
1089 762 1240 793 videlicet
1260 771 1393 793 securus
1409 763 1449 792 de
1472 771 1531 802 eo,

826 807 917 845 quasi
932 816 1108 846 numquam
1124 808 1261 847 perdere
1279 808 1380 846 possis
1397 817 1404 837 :
1421 817 1462 839 ne
1477 818 1531 840 su-

826 852 912 889 bito,
934 861 1008 883 cum
1030 853 1113 884 forte
1134 854 1313 884 retraxerit
1327 862 1480 891 manum,
1497 856 1532 886 et

825 899 1024 930 subtraxerit
1038 900 1159 930 donum
1169 922 1179 938 ,
1190 900 1226 930 tu
1241 900 1349 930 animo
1362 900 1529 939 concidas,

826 945 860 974 et
872 945 994 975 tristior
1005 953 1102 984 quam
1111 946 1238 984 oportet
1246 946 1313 976 fias.
1327 946 1475 985 Denique
1487 955 1529 977 ne

826 990 949 1021 dixeris
961 991 994 1020 in
1006 992 1205 1021 abundantia
1217 992 1272 1021 tua
1284 1013 1292 1029 ,
1303 993 1374 1023 Non
1386 993 1529 1024 movebor

825 1037 856 1065 in
868 1037 1035 1076 oetermcm3
1051 1045 1092 1067 ne
1109 1038 1208 1067 etiam
1223 1037 1305 1067 illud
1320 1038 1404 1076 quod
1420 1039 1529 1077 sequi-

825 1081 893 1120 tur,
907 1081 1016 1112 dicere
1026 1090 1098 1112 cum
1107 1082 1231 1120 gemitu
1240 1083 1373 1121 quidem
1384 1084 1505 1121 cogaris
1519 1091 1527 1114 :

825 1127 968 1157 Avertisti
990 1128 1100 1165 faciem
1122 1130 1210 1158 tuam
1235 1137 1255 1158 a
1277 1137 1348 1165 me,
1379 1130 1407 1159 ct
1429 1129 1529 1167 factus

823 1182 890 1203 sum
907 1174 1119 1204 conturbatus.
1135 1174 1269 1203 Curabis
1282 1175 1408 1212 potius,
1431 1175 1457 1204 si
1478 1184 1528 1205 sa-

825 1218 892 1255 pis,
908 1226 966 1256 pro
984 1219 1118 1249 consilio
1141 1219 1303 1257 Sapientis
1314 1242 1322 1257 ,
1338 1220 1372 1249 in
1391 1221 1443 1251 die
1459 1229 1531 1251 ma-

825 1264 927 1293 lorum
957 1272 1023 1293 non
1052 1265 1223 1294 immemor
1253 1272 1323 1295 esse
1351 1265 1506 1295 bonorum
1519 1289 1527 1304 ,

824 1309 920 1347 atque
946 1310 979 1339 in
1005 1310 1058 1340 die
1081 1311 1240 1340 bonorum
1260 1319 1325 1340 non
1355 1311 1527 1342 immemor

824 1364 893 1384 esse
910 1356 1079 1385 malorum.

859 1401 890 1430 6.
913 1402 993 1440 Ergo
1015 1402 1048 1431 in
1071 1401 1124 1432 die
1146 1401 1278 1432 virtutis
1294 1402 1359 1432 tuae
1374 1403 1441 1432 noli
1458 1411 1526 1433 esse

823 1454 974 1485 securus,
997 1447 1053 1478 sed
1069 1448 1172 1477 clama
1188 1447 1226 1476 ad
1243 1448 1346 1478 Deum
1364 1456 1436 1477 cum
1452 1449 1529 1478 Pro-

823 1493 936 1531 pheta,
950 1494 983 1523 et
998 1493 1048 1523 dic
1062 1501 1070 1522 z
1083 1494 1160 1524 Cum
1177 1494 1317 1532 defecerit
1329 1495 1427 1524 virtus
1438 1504 1507 1525 mea
1517 1517 1526 1532 ,

822 1546 859 1567 ne
870 1539 1061 1577 derelinquas
1073 1548 1132 1568 me.
1144 1539 1241 1568 Porro
1253 1539 1287 1568 in
1295 1539 1443 1577 tempore
1457 1540 1527 1570 ten-

824 1582 954 1614 tationis
975 1585 1160 1621 consolare,
1178 1585 1212 1614 et
1227 1584 1277 1614 dic
1295 1593 1369 1615 cum
1386 1594 1500 1624 sponsa
1519 1595 1525 1614 z

825 1631 927 1660 Tralie
942 1640 988 1660 me
1003 1632 1071 1669 post
1086 1633 1112 1660 te
1121 1652 1130 1667 ,
1146 1632 1177 1660 in
1193 1632 1284 1661 odore
1300 1635 1527 1669 unquentorum

823 1677 947 1704 tuoricm
959 1685 1128 1707 curremus.
1141 1676 1192 1706 Sic
1200 1677 1233 1706 te
1243 1685 1307 1706 non
1316 1677 1445 1707 deseret
1455 1687 1529 1716 spes

824 1720 856 1749 in
879 1722 1025 1759 tempore
1048 1721 1153 1759 malo,
1169 1729 1230 1751 nec
1255 1723 1289 1751 in
1313 1722 1396 1751 bono
1418 1724 1529 1760 provi·—

823 1765 933 1796 dentia
958 1766 1082 1804 deerit,
1099 1768 1227 1805 erisque
1243 1767 1330 1797 inter
1348 1767 1481 1798 adversa
1495 1771 1528 1799 et

823 1819 977 1849 prospera
991 1811 1200 1841 mutabilium
1211 1812 1396 1849 temporum
1412 1813 1528 1844 tenens

822 1856 993 1893 quamdam
1006 1857 1198 1887 aeternitatis
1206 1857 1382 1894 imaginem
1392 1879 1401 1896 ,
1412 1858 1526 1897 utique

823 1901 904 1931 hanc
918 1902 1143 1932 inviolabilem
1159 1903 1191 1932 et
1208 1903 1429 1932 inconcussam
1449 1912 1527 1933 con-

822 1947 935 1977 stantis
955 1948 1055 1977 animi
1077 1948 1313 1986 aequalitatem,
1330 1948 1528 1980 benedicens

822 1994 996 2023 Dominum
1006 1993 1038 2023 in
1051 1994 1138 2023 omni
1150 1994 1296 2032 tempore
1306 2015 1315 2032 ,
1324 1994 1526 2033 proindeque

822 2039 989 2069 vindicans
1001 2038 1063 2069 tibi
1076 2039 1173 2069 etiam
1189 2040 1225 2069 in
1238 2040 1335 2078 hujus
1343 2041 1527 2071 nutabundi

821 2085 931 2115 saeculi
954 2085 1062 2115 dubiis
1088 2086 1276 2124 eventibus,
1293 2086 1455 2124 certisque
1472 2087 1527 2117 de-

821 2131 960 2162 fectibus
970 2153 978 2169 ,
992 2132 1146 2169 perennis
1158 2132 1392 2170 quodammodo
1405 2133 1528 2163 incom-

821 2178 1047 2208 mutabilitatis
1069 2178 1211 2215 statum,
1232 2178 1307 2208 dum
1329 2178 1361 2208 te
1384 2179 1523 2217 coeperis

820 2231 976 2255 renovare
994 2224 1026 2253 et
1047 2223 1223 2253 reformare.
1246 2224 1282 2253 in
1301 2224 1427 2262 insigne
1444 2225 1525 2255 illud

820 2269 989 2308 antiquum
1000 2269 1225 2300 similitudinis
1235 2270 1349 2300 aeterni
1359 2271 1435 2308 Dei,
1445 2272 1524 2309 apud

820 2324 909 2354 quem
923 2324 985 2346 non
999 2317 1042 2346 est
1054 2317 1290 2352 transmutatio,
1306 2325 1360 2346 nec
1375 2317 1522 2347 vicissitu-

819 2362 897 2392 dinis
913 2361 1119 2392 obumbratio.
1131 2361 1259 2399 Quippe
1275 2362 1359 2392 sicut
1374 2361 1443 2400 ipse
1457 2363 1520 2399 estq

820 2407 864 2437 ita
879 2408 913 2437 et
927 2409 962 2437 tu
979 2407 1043 2437 eris
1057 2407 1090 2437 in
1113 2407 1173 2437 hoc
1188 2407 1310 2437 mundo
1321 2429 1330 2445 ,
1342 2408 1451 2437 necin
1468 2408 1526 2437 ad-

819 2453 920 2484 versis
940 2453 1094 2492 timidus,
1109 2462 1171 2483 nec
1193 2453 1227 2482 in
1241 2453 1406 2491 prosperis
1423 2453 1524 2482 disso-

818 2499 916 2529 lutus.
930 2499 966 2529 In
979 2499 1038 2530 lioc
1048 2499 1204 2538 ,inquam
1215 2521 1224 2536 ,
1240 2498 1360 2528 nobilis
1374 2500 1522 2527 creatura

819 2544 902 2575 facta
929 2545 970 2575 ad
998 2545 1173 2584 imaginem
1205 2544 1245 2575 et
1272 2543 1522 2573 similitudinem

819 2590 888 2627 ejus
903 2590 958 2629 qui
973 2598 1008 2621 se
1024 2590 1122 2629 feeit,
1133 2590 1259 2628 antiqui
1272 2589 1402 2618 honoris
1415 2588 1519 2626 digni-

818 2636 919 2666 tatem
939 2636 1131 2675 receptare,
1152 2635 1219 2673 iam
1233 2635 1364 2671 jamque
1381 2633 1414 2663 et
1428 2641 1522 2663 recu-

818 2689 933 2720 perare
956 2690 990 2712 se
1008 2681 1151 2718 indicat,
1172 2687 1244 2710 cum
1267 2678 1327 2708 sibi
1352 2677 1519 2717 indiguum

1351 2725 1388 2751 Ηι.
