1846 3078
261 228 321 259 230
725 233 756 260 S.
784 230 1015 260 BERNARDI
1043 230 1233 260 ABBATIS

261 286 318 316 lias
326 291 553 319 omnescausas
564 287 680 327 quaerit
692 287 958 318 animaverbum.
994 285 1035 315 ad
1048 286 1209 324 Verbum,
1225 287 1259 317 et
1274 286 1403 319 docebit
1417 287 1449 318 te
1464 285 1533 319 vias
1547 294 1636 326 suas,
1648 295 1691 318 no

260 332 328 362 Non
343 334 469 373 ambigo
485 343 553 366 esse
565 344 660 374 quam
676 335 784 372 plures
809 334 842 362 et
856 332 934 362 alias
950 340 958 360 :
994 332 1130 362 volendo
1146 332 1277 371 quidem
1289 355 1298 371 ,
1313 334 1369 364 sed
1382 334 1556 372 ignorando
1571 335 1692 364 bonum

260 378 318 408 sed
333 379 530 412 haeinterim
552 379 736 410 occurrunt.
763 377 885 407 Poterit
905 385 961 406 au-
994 376 1071 406 dum
1099 377 1219 416 curris,
1247 379 1410 418 contingat
1437 388 1636 417 excurrere,
1659 381 1694 412 ct

261 426 347 463 tem,
376 426 404 456 si
428 426 482 457 cui
506 426 594 457 cordi
619 425 734 462 fuerit,
762 423 858 453 facile
880 422 960 452 alias
994 430 1103 453 errare
1127 423 1160 453 in
1175 424 1282 462 invio,
1299 425 1331 455 et
1345 433 1408 455 non
1423 425 1457 456 in
1480 425 1543 457 via.
1560 427 1630 456 Lux
1645 425 1695 455 ost

260 471 358 509 atque
371 471 451 503 allas
475 472 643 502 advertere
659 471 694 499 in
711 468 896 506 semetipso.
913 468 961 497 Si·
994 467 1082 497 enim
1096 469 1246 499 verbum.
1271 471 1447 502 Declaratio
1476 471 1617 510 denique
1629 480 1695 501 ser-

259 516 393 554 quidem
407 518 517 548 multae
539 517 612 546 sunt
627 515 810 545 aversiones
826 514 959 552 nostrae,
993 521 1120 542 monam
1159 515 1330 554 illuminat,
1367 518 1396 547 et
1427 518 1609 548 intellectum
1643 516 1696 546 dat

260 562 372 593 multae
399 564 432 593 et
457 562 591 592 infinitae
607 561 721 591 animae
734 560 959 598 necessitates,
991 560 1139 596 pars-ulis.
1151 560 1269 591 Beatus
1282 569 1334 600 es,
1350 561 1377 592 si
1400 561 1486 592 dicas
1509 563 1541 592 et
1555 563 1592 592 tu
1609 571 1617 591 :
1631 564 1696 593 Lu-

261 608 294 637 et
309 608 510 638 anxietatum
521 615 586 636 non
597 607 645 636 est
654 614 818 636 numerus.
830 605 870 635 At
881 605 961 635 Ver·
994 614 1086 635 cerna
1104 606 1228 644 pedibus
1243 609 1317 638 meis
1341 608 1468 638 verbum
1484 610 1589 645 tuum,
1604 610 1632 638 et
1647 609 1696 638 Ιιι-

259 653 336 683 bum
353 653 451 683 ditius
466 652 658 691 pleniusque
673 651 913 690 superabundat
928 651 961 681 in
996 659 1064 680 men
1087 653 1201 683 semitis
1223 654 1308 683 meis.
1332 654 1398 683 Nec
1419 661 1535 691 parum
1557 651 1695 692 profecit

260 699 368 735 bonis,
386 700 500 736 utpote
521 698 689 737 Sapientia
706 698 842 728 vincens
867 698 962 728 mali·
995 696 1102 726 anima
1126 698 1197 736 tua,
1224 699 1317 736 cujus
1348 700 1516 729 immutata
1531 700 1697 738 voluntas,

258 744 492 782 tiam,vincens
504 744 538 774 in
552 744 646 774 bonis
656 744 796 774 mala.Et
807 752 891 773 nunc
904 743 962 773 ha·
996 742 1087 780 cujus
1103 744 1284 776 illuminata
1299 746 1381 775 ratio
1397 746 1465 783 est,
1481 746 1518 776 ut
1532 746 1652 776 bonum
1664 745 1699 776 et

259 799 350 827 rum,
365 799 442 828 quas
456 790 572 829 posui,
590 791 728 829 accipite
745 789 962 820 rationem.Et
995 790 1094 826 velit,
1120 792 1153 821 et
1167 792 1306 821 noverit.
1335 793 1372 821 In
1399 793 1499 822 altero
1521 792 1641 830 vitam,
1664 793 1699 822 in

259 837 362 874 primo
374 837 456 866 (ruod
466 837 607 875 primum
620 836 797 874 est,videte
811 835 963 874 quemad-
996 835 1096 866 altero
1125 837 1231 866 visum
1257 839 1393 876 recepit.
1420 840 1499 868 Nam
1519 840 1552 869 et
1576 839 1698 869 malum

257 882 386 911 modum
400 883 581 913 consentiat
591 882 631 912 ad
646 881 963 919 correptionem.Le-
996 882 1133 912 volendo
1161 884 1287 914 mortua
1308 885 1395 924 erat,
1424 885 1457 916 et
1471 885 1591 915 bonum
1608 884 1700 924 igno-

259 928 363 966 gimus
374 929 518 959 Verbum
539 929 574 958 in
597 928 778 965 Evangeliis
809 927 961 965 loquens:
995 927 1094 956 raudo
1118 936 1214 957 caeca.

259 975 333 1005 Esto
348 976 554 1012 consentiens,
568 974 675 1013 inquit
687 996 696 1011 ,
709 974 883 1003 adversm-io
899 974 962 1010 lna,
1036 973 1067 1002 5.
1079 973 1150 1002 Jam
1165 973 1268 1012 vivit,
1281 973 1348 1012 jam
1369 976 1479 1014 videt,
1492 977 1560 1014 Jam
1585 976 1647 1007 stat
1666 976 1701 1007 in

258 1021 331 1050 dum
346 1030 375 1051 es
390 1030 459 1051 cum
474 1022 524 1051 illo
541 1022 572 1050 in
587 1022 650 1058 via,
665 1029 703 1050 ne
728 1020 806 1058 forte
821 1020 925 1049 tradat
938 1020 964 1048 te
997 1018 1165 1057 l)on0,sed
1174 1029 1233 1059 ope
1247 1024 1278 1052 et
1291 1030 1388 1061 opere
1397 1023 1509 1053 Verbi.
1523 1023 1592 1053 Stat
1604 1032 1702 1054 manu

252 1067 368 1105 judici,
384 1067 519 1105 etjutlex
532 1068 651 1097 tortori.
674 1065 758 1103 Quid
767 1063 964 1095 consultius?
997 1065 1096 1095 Verbi
1112 1067 1220 1096 levata
1235 1068 1338 1098 veluti
1365 1077 1463 1107 super
1487 1070 1587 1107 pedes
1603 1070 1700 1107 duos,

259 1113 358 1142 Verbi
384 1114 557 1143 consilium
582 1114 630 1142 est
647 1111 658 1151 (
674 1112 708 1142 ni
725 1112 817 1141 fallor
833 1111 843 1151 )
861 1120 895 1141 se
908 1111 965 1141 ad·
997 1110 1202 1141 devotionem
1211 1114 1700 1153 etagnitionem.Stat,inquam,

259 1159 438 1189 versarium
463 1159 688 1198 protestantis,
705 1158 790 1197 quod
812 1158 965 1188 adverse-
998 1157 1054 1188 sed
1069 1158 1130 1187 sibi
1144 1159 1238 1196 putet
1253 1159 1376 1189 dictum
1392 1169 1400 1188 :
1418 1162 1478 1200 Qui
1492 1170 1522 1191 se
1544 1162 1702 1192 existimat

259 1207 312 1235 tur
341 1206 524 1236 carnalibus
550 1205 719 1236 desideriis
740 1205 859 1234 nostris
887 1204 964 1234 dum
997 1206 1098 1240 stare,
1114 1206 1214 1235 rideat
1223 1214 1259 1235 ne
1275 1207 1375 1236 cadat.
1390 1207 1528 1237 Putasne
1543 1208 1629 1238 stare
1642 1215 1701 1245 per

260 1251 360 1281 dicit:
386 1253 511 1290 Semper
527 1251 559 1281 hi
573 1253 681 1281 errant
701 1252 800 1280 corde.
826 1250 875 1280 Tu
890 1257 964 1286 ergo
998 1257 1031 1278 se
1058 1249 1176 1288 possit,
1211 1259 1284 1288 quae
1316 1259 1445 1288 surgere
1477 1261 1538 1291 per
1578 1261 1612 1283 se
1637 1261 1702 1282 non

259 1297 314 1335 qui
331 1298 399 1327 haec
414 1297 523 1333 audis,
539 1297 567 1326 si
588 1304 710 1335 pavens
725 1296 863 1334 coeperis
878 1261 980 1354 velle*
998 1296 1114 1333 potuit.
1131 1296 1198 1325 Non
1214 1297 1337 1335 opinor.
1368 1297 1452 1334 Quid
1478 1297 1585 1327 enim?
1601 1297 1704 1329 Verbo

261 1343 372 1382 sugere
395 1353 412 1373 a
428 1344 568 1374 ventura
593 1343 660 1380 ira,
684 1342 780 1372 credo
806 1342 965 1371 sollicitus
998 1343 1202 1372 Dominz'coelz'
1225 1343 1344 1380 firmali
1368 1345 1457 1380 sunt,
1475 1344 1508 1373 et
1529 1345 1615 1374 terra
1638 1345 1703 1374 sta-

261 1390 343 1426 eris,
368 1388 527 1426 quomodo
546 1388 622 1417 huic
645 1387 828 1417 consentias
850 1359 980 1416 adver-f
1000 1388 1047 1418 bit
1073 1388 1143 1418 sine
1161 1388 1284 1418 Verbo?
1309 1390 1371 1419 Cur
1397 1398 1472 1428 ergo
1491 1389 1518 1420 si
1539 1390 1625 1420 stare
1643 1399 1703 1429 per

261 1435 345 1464 sario
356 1457 364 1472 ,
377 1434 433 1473 qui
449 1434 507 1463 tibi
526 1434 615 1463 illam
627 1435 693 1463 tam
706 1433 898 1463 terribiliter
915 1433 964 1462 in-

261 1482 388 1510 tentare
413 1480 556 1509 videtur.
574 1480 614 1508 At
636 1479 724 1508 istud
746 1479 964 1517 impossibile,

261 1526 325 1556 nisi
341 1525 511 1555 dissentias
525 1526 654 1561 tecum,
670 1524 733 1553 nisi
758 1524 888 1554 tibimet
909 1525 966 1553 ad-

261 1572 419 1609 verseris,
441 1571 503 1601 nisi
529 1571 618 1608 gravi
645 1571 677 1600 et
699 1569 797 1609 vigili>
819 1570 905 1599 lucta
929 1571 965 1600 tu

262 1618 332 1656 ipse
346 1619 457 1647 contra
471 1617 612 1654 teipsum
628 1615 874 1654 infatigabiliter
886 1624 966 1653 prae-

999 1443 1032 1464 se
1067 1436 1211 1473 poterat,
1241 1435 1354 1464 orabat
1382 1435 1477 1465 homo
1515 1435 1556 1465 de
1583 1437 1669 1465 terra
1692 1443 1702 1464 ε

1000 1480 1156 1516 Confirmet
1180 1489 1246 1516 me,
1263 1479 1434 1518 inquiens,
1451 1481 1484 1510 in
1509 1480 1607 1511 verbis
1623 1480 1704 1511 tuis?

999 1525 1146 1562 Denique
1160 1525 1193 1554 et
1207 1525 1368 1562 probarat.
1378 1526 1451 1562 Ejus
1461 1526 1563 1564 ipsius
1573 1526 1627 1556 illa
1639 1534 1705 1556 vox

1000 1570 1082 1600 fuit:
1099 1571 1249 1609 Impulsus
1269 1579 1386 1600 eversus
1404 1579 1472 1601 sum
1494 1572 1528 1600 ut
1544 1572 1701 1606 caderem,

999 1618 1026 1646 et
1042 1617 1193 1646 Dominus
1208 1617 1336 1654 suscepit
1352 1625 1408 1645 me.
1425 1615 1549 1652 Quaeris
1560 1617 1633 1654 quis
1646 1616 1703 1646 ille

261 1664 371 1700 lieris3
387 1664 549 1701 postremo
565 1661 628 1691 nisi
643 1661 817 1691 valefacias
837 1661 967 1691 invete-
1001 1660 1178 1699 impulsor?
1193 1662 1261 1690 Non
1278 1662 1327 1691 est
1347 1670 1441 1691 unus.
1458 1662 1618 1699 impulsor
1633 1662 1706 1692 dia-

261 1710 339 1739 ratae
348 1707 782 1744 consuetudini,innataeque
791 1706 964 1736 affectioni.
1001 1707 1092 1737 bolus
1108 1707 1175 1743 est,
1202 1706 1358 1744 impulsor
1373 1706 1532 1744 mundus,
1548 1707 1706 1745 impulsor

262 1755 299 1785 ld
313 1755 446 1793 quidem
464 1754 593 1783 durum.
617 1752 650 1782 Si
673 1752 738 1781 tuis
755 1752 967 1782 attentaveris
1001 1753 1107 1782 homo.
1124 1752 1203 1790 Quis
1217 1752 1278 1782 iste
1294 1751 1389 1781 homo
1404 1752 1446 1781 sit
1460 1752 1598 1790 quaeris?
1612 1753 1706 1790 Quis-

262 1801 405 1838 viribus,
420 1801 484 1830 tale
501 1799 576 1836 erit,
586 1798 655 1828 acsi
669 1798 776 1828 inuno
792 1798 981 1836 digitorunr
1001 1807 1062 1837 que
1075 1799 1137 1828 sui.
1154 1798 1223 1827 Noli
1245 1797 1368 1827 mirari.
1385 1797 1493 1836 Usque
1510 1797 1590 1828 adeo
1605 1798 1704 1829 homo

261 1848 391 1876 tuorum
407 1845 558 1876 torrentis
574 1845 734 1882 impetum
751 1844 883 1882 sistere,
913 1840 981 1875 aut'
1002 1844 1158 1883 impulsor
1169 1843 1230 1873 sibi
1244 1845 1292 1873 est
1305 1844 1337 1873 et
1345 1843 1465 1874 suimet
1474 1844 1706 1883 praecipitator,

263 1894 368 1931 ipsum
384 1893 489 1922 denuo
512 1890 635 1921 coneris
651 1890 823 1919 Jordanem
836 1898 968 1920 conver·
1001 1892 1038 1921 ut
1061 1899 1124 1920 non
1150 1890 1193 1920 sit
1220 1889 1306 1928 quod
1331 1889 1370 1918 ab
1399 1889 1503 1919 altero
1528 1890 1706 1928 impulsore

263 1942 332 1970 tere
340 1940 527 1969 retrorsum.
538 1937 622 1974 Quid
634 1935 752 1966 facies?
763 1937 876 1973 Quaere
888 1937 968 1967 Ver-
1002 1936 1167 1972 formides,
1184 1936 1210 1966 si
1221 1935 1288 1973 ipse
1301 1943 1319 1964 a
1334 1935 1367 1965 te
1382 1934 1528 1973 proprias
1538 1936 1707 1966 contineas

264 1986 341 2015 bum
357 1985 409 2014 cui
440 1983 638 2020 consentias,
665 1982 735 2020 ipso
762 1982 904 2012 faciente
931 1983 967 2012 ut
1001 1990 1128 2012 manus.
1145 1983 1218 2021 Quis
1232 1983 1332 2017 enim,
1358 1981 1483 2019 inquit,
1499 1981 1583 2011 vobis
1598 1990 1706 2012 nocere

264 2031 457 2061 consentias.
474 2030 559 2068 Fuge
576 2028 616 2058 ad
631 2029 723 2058 illum
745 2028 801 2067 qui
816 2028 967 2058 adversa·
999 2030 1128 2067 poterit,
1144 2030 1170 2058 si
1186 2028 1257 2058 boni
1271 2028 1463 2057 (emulatores
1477 2026 1619 2065 fueritis?
1641 2028 1709 2057 Ma-

263 2080 317 2107 tur
328 2099 337 2114 ,
349 2085 408 2115 per
423 2084 520 2115 quem
535 2075 608 2105 talis
623 2074 678 2105 fias
691 2074 742 2105 cui
755 2074 822 2111 jam
836 2082 900 2103 non
912 2074 969 2104 ad-
1002 2083 1062 2105 nus
1090 2075 1164 2112 tua,
1193 2081 1368 2105 consensus
1395 2074 1483 2103 tuus.
1512 2073 1547 2103 Si
1579 2073 1709 2103 diabolo

1003 2121 1215 2159 suggerente,
1236 2120 1290 2149 vel
1313 2119 1431 2149 saeculo
1449 2118 1607 2149 suadente
1622 2118 1710 2157 quod

1001 2174 1066 2196 non
1081 2166 1227 2204 oportet,
1253 2172 1421 2195 assensum
1435 2164 1528 2193 tuum
1540 2163 1708 2201 tenueris,

1003 2212 1035 2242 et
1044 2220 1108 2242 non
1122 2211 1249 2242 dederis
1263 2210 1409 2239 membra
1420 2209 1476 2238 tua
1484 2216 1572 2238 arma
1584 2208 1709 2247 iniqui-

1002 2257 1081 2294 tati,
1098 2264 1159 2286 nec
1175 2253 1361 2294 permiseris
1376 2260 1513 2291 regnare
1536 2255 1709 2291 peccatum

1003 2303 1036 2332 in
1048 2303 1104 2332 tuo
1119 2300 1248 2331 mortali
1260 2307 1393 2338 corpore
1406 2308 1414 2328 :
1429 2299 1551 2328 bonum
1564 2300 1597 2329 te
1609 2306 1710 2329 zemu-

1003 2348 1139 2378 latorem
1163 2346 1326 2385 probasti,
1352 2345 1405 2376 cui
1426 2345 1551 2374 malitia
1574 2344 1708 2374 omnino

264 2124 432 2161 versetur,
448 2123 485 2152 ut
499 2121 684 2151 blandiatur
697 2121 752 2158 qui
770 2120 967 2157 minabatur,

265 2170 298 2198 et
310 2169 351 2198 sit
367 2169 406 2198 ad
422 2168 660 2198 immutandum
679 2166 841 2198 efficacior
860 2166 967 2198 infusa

265 2215 386 2253 gratia,
404 2223 499 2252 quam
515 2214 643 2244 intensa
662 2213 723 2243 ira.

305 2261 336 2289 2.
354 2261 427 2290 Haec
449 2260 553 2298 prima
570 2259 581 2298 (
603 2261 640 2290 ut
669 2256 811 2298 opinor)
827 2257 969 2288 necessi-

264 2306 334 2344 tas,
359 2305 399 2334 ob
420 2314 516 2343 quam
544 2305 652 2335 anima
679 2304 795 2343 incipit
824 2311 967 2342 quaerere

265 2351 414 2381 verbum.
438 2349 502 2379 Sed
527 2350 554 2379 si
569 2351 695 2388 ignoras
720 2349 800 2388 quid
815 2348 872 2378 ille
887 2348 969 2378 velit

266 2396 320 2426 cui
340 2396 406 2433 jam
426 2394 591 2425 voluntate
618 2395 921 2432 consentis,nonne
937 2394 970 2424 et
1003 2394 1050 2424 nil
1078 2393 1207 2430 nocuit3
1233 2392 1308 2422 vide
1335 2400 1377 2421 ne
1407 2391 1509 2429 magis
1532 2389 1706 2429 profuerit.

267 2442 307 2471 de
323 2442 355 2472 te
372 2441 516 2478 dicetur,
539 2440 615 2478 quia
640 2441 746 2470 zelum
766 2441 825 2471 Dei
845 2441 946 2471 habes
958 2463 968 2479 ,
1003 2439 1166 2477 Scriptum
1182 2437 1230 2468 est.
1254 2437 1362 2467 enim:
1378 2439 1501 2467 Bonum.
1515 2436 1578 2474 fac,
1594 2437 1623 2466 et
1651 2435 1708 2465 ha-

267 2488 324 2519 sed
335 2496 399 2518 non
413 2486 589 2517 secundum
600 2486 790 2516 scientiam?
801 2486 840 2515 Et
854 2495 894 2516 ne
907 2486 969 2516 hoc
1005 2485 1084 2515 babis
1108 2485 1229 2514 laudem
1245 2492 1285 2513 ex
1313 2483 1377 2512 illa.
1405 2481 1534 2511 Confusi
1560 2481 1635 2510 sunt
1651 2480 1708 2517 qui

268 2535 341 2564 leve
365 2533 533 2563 existimes
544 2553 554 2569 ,
579 2531 768 2561 memineris
793 2531 967 2570 scriptum,
1003 2530 1189 2570 quaerebant
1204 2529 1346 2558 animam
1360 2528 1470 2564 tuam,
1482 2528 1519 2557 tu
1534 2533 1612 2556 vero
1628 2533 1706 2555 can-

268 2579 343 2619 quia
358 2580 504 2618 ignorans
515 2576 718 2616 iquorabitur.
731 2575 819 2605 Scire
830 2576 880 2606 vis
891 2577 969 2614 quid
1003 2576 1085 2606 tabis
1098 2585 1105 2604 :
1120 2577 1154 2605 Si
1168 2576 1227 2605 mei
1240 2583 1303 2604 non.
1316 2574 1430 2611 fuerint
1445 2571 1616 2606 dominati,
1633 2572 1706 2599 lunc

269 2625 433 2655 consulam
449 2623 483 2654 et
497 2623 532 2652 in
553 2622 614 2652 hac
642 2620 857 2652 necessitate?
879 2622 969 2658 Quod
1004 2622 1222 2651 inmaculatus
1234 2629 1298 2650 ero.
1310 2618 1391 2648 Boni
1405 2619 1501 2656 plane
1511 2615 1709 2646 aemulatoris

267 2672 302 2701 in
318 2670 512 2709 primatum
527 2667 753 2698 consilionnnc
766 2666 968 2705 qnoqueibis
1007 2667 1131 2704 insigne
1161 2665 1300 2701 dedisti,
1326 2664 1352 2694 si
1379 2662 1516 2692 consilio
1544 2660 1709 2699 Sapientis
