1830 3073
495 184 551 214 m:
573 184 786 216 Divnnsm
806 183 958 213 seniuo
983 183 1101 214 xcvr.
1466 192 1524 223 «20

100 244 206 278 tantur
221 240 297 283 equi
311 240 345 281 et
357 247 474 273 arcana
487 239 719 279 mysteriorum
731 238 791 270 Dei
825 238 1025 278 requiritur,
1047 238 1162 272 dicunt
1182 243 1408 280 conquerendo
1438 246 1525 278 inter

99 287 376 328 contemplantur,
392 287 426 317 et
445 287 541 325 prout
555 285 670 317 vident
683 292 792 315 mores
825 292 860 314 se
873 284 979 321 :Quid
994 284 1043 316 est
1057 285 1140 315 hoc?
1154 285 1226 324 quis
1242 287 1288 317 tot
1310 289 1343 318 et
1355 289 1446 321 tanta
1461 292 1525 323 im-

98 335 261 367 hominum
276 331 432 364 adhibent
445 333 557 363 modos
572 331 788 362 curationum.
823 329 915 367 plere
930 329 1094 377 sufficiat?
1114 331 1285 362 Nescmm·
1301 333 1390 363 enim
1405 337 1526 373 quanta

97 381 226 413 Elisaeus
252 379 337 409 salus
361 379 494 408 Domini
516 377 752 416 interpretatur
779 383 788 405 t
823 374 866 405 sit
876 375 982 407 virtus
995 377 1153 417 assumpti
1174 377 1318 408 Ordinis.
1334 378 1397 409 Sed
1415 382 1526 418 pastor

94 433 160 464 quo
178 424 307 456 nomine
326 423 434 463 quivis
456 423 612 454 Praelatus
631 422 666 453 et
679 421 790 453 doctor
824 420 872 451 eis
892 423 1105 454 consolatorie
1126 423 1226 454 habet
1249 424 1465 464 respondere,
1490 426 1525 457 et

93 469 241 500 Ecclesiae
264 469 418 499 decenter
439 467 610 506 censetur;
627 467 720 506 quus
740 476 790 497 sa-
823 466 864 498 de
880 467 1043 500 afferenda
1058 476 1114 500 eos
1135 468 1312 501 sollicitare
1326 469 1442 501 farina.

91 514 178 546 lubri
192 515 402 554 persuasione
417 515 548 546 Domini
562 514 649 544 salus
660 512 789 552 populis

91 561 320 599 annuntiatur,
347 562 381 592 et
405 559 626 591 annuntiando
640 557 789 597 imperti-
813 582 815 584 .

90 606 154 637 tur.
171 606 231 637 Hic
255 607 329 638 talis
346 614 389 637 ex
409 605 520 636 debito
540 606 591 636 sui
606 603 704 635 officii
730 611 789 642 ap-

89 651 182 690 ponit
196 652 352 690 subjectis
366 651 462 682 ollam
480 651 632 688 grandem
645 670 654 688 ,
670 648 788 680 herbas

88 696 232 734 agrestes
247 696 484 733 continentem3
507 695 542 725 id
553 695 621 733 est,
640 693 788 725 admoni-

88 740 215 773 tionem
228 742 269 772 de
284 742 436 780 gravibus
451 741 664 772 disserentem
675 762 684 779 ,
697 748 787 771 acer-

87 785 191 818 bitate
206 786 377 825 refertam,
393 786 450 817 sed
467 786 577 817 tamen
592 786 668 825 igne
683 785 785 817 sancti

87 831 226 871 Spiritus
247 841 445 863 succensam.
462 832 591 863 Subditi
616 840 691 870 ergo
710 840 786 871 per-

85 878 310 909 horrescentes
331 887 518 909 sermonum
539 878 784 917 austeritatem,

87 925 244 963 clamant,
258 926 343 957 Mors
367 926 402 956 in
415 926 478 957 olla
484 935 496 965 ,·
509 923 543 955 et
566 932 632 956 non
652 924 785 965 possunt

84 971 228 1009 gustare.

122 1017 154 1047 2.
172 1016 307 1056 Sapiens
322 1015 420 1056 igitur
434 1015 638 1056 dispensator
652 1024 718 1048 non
736 1016 785 1046 af-

83 1060 166 1100 fert,
180 1062 279 1092 immo
294 1062 402 1092 afferri
415 1061 511 1099 jubet
532 1061 668 1091 farinam
682 1070 689 1091 ε
706 1069 784 1100 quo-

83 1106 171 1137 niam
186 1116 251 1138 non
265 1107 407 1147 praebet,
421 1107 479 1138 sed
498 1107 647 1137 hortatur
662 1107 783 1138 hahere

83 1152 251 1183 caritatem
260 1175 269 1191 ,
279 1153 328 1191 cuj
334 1162 369 1184 us
384 1152 590 1184 condimento
602 1152 784 1183 redduntur

82 1195 190 1226 dulcia
218 1206 290 1235 quae
317 1199 408 1237 prius
436 1197 636 1228 videbantur
660 1207 781 1229 amara.

79 1241 189 1273 Potest
208 1252 348 1282 namque
374 1243 567 1282 praedicator
588 1244 712 1274 monita
732 1253 783 1275 sa-

80 1288 159 1318 lutis
173 1289 306 1320 auribus
315 1289 595 1320 circumstantium
610 1289 760 1321 insonare
772 1298 781 1329 3

80 1334 138 1364 sed
155 1343 270 1373 nemo,
282 1335 348 1366 nisi
361 1336 446 1366 solus
460 1337 564 1374 Deus,
580 1336 670 1366 valet
687 1345 781 1375 sapo-

79 1388 151 1410 rem
175 1382 321 1413 caritatis
335 1381 446 1420 palato
465 1381 570 1412 cordis
593 1380 778 1412 infundere.

80 1426 171 1456 Unde
187 1427 384 1465 Gregorius:
401 1438 419 1454 ι(
443 1427 510 1457 Nisi
531 1427 574 1458 sit
598 1427 685 1458 intus
709 1428 780 1467 Spi-

79 1483 98 1499 »
113 1473 195 1503 ritus
206 1475 262 1512 qui
277 1473 412 1511 doceat,
435 1473 576 1504 doctoris
592 1473 704 1512 lingua
720 1483 779 1505 ex-

79 1528 97 1544 »
113 1518 215 1549 terius
231 1520 265 1549 in
279 1527 418 1550 vacuum
437 1519 575 1550 laborat.
593 1531 611 1547 »
624 1521 714 1550 Alius
729 1522 779 1552 est

78 1570 171 1602 sapor
182 1565 254 1595 coeli
264 1586 273 1603 ,
287 1565 371 1596 elius
386 1564 435 1596 est
450 1574 544 1604 sapor
555 1566 779 1597 terrae.11aud-

77 1618 238 1648 quaquam
269 1611 364 1641 nobis
388 1612 520 1650 placere
547 1612 654 1650 potest
684 1620 778 1651 sapor

77 1655 150 1684 coeli
161 1678 169 1693 ‚
179 1656 257 1686 dum
271 1665 418 1696 saporem
431 1656 606 1695 quaerimus
623 1658 691 1687 coci
707 1666 779 1688 nos-

76 1701 132 1731 tri.
159 1703 194 1732 ln
225 1703 355 1734 deserto
385 1703 505 1733 dantur
534 1704 715 1734 coturnices
745 1705 778 1734 et

74 1753 192 1776 manna
204 1769 212 1784 ,
229 1747 263 1777 id
278 1748 371 1778 estin
384 1749 454 1778 loco
466 1748 645 1787 disciplinae
658 1749 777 1786 majora

76 1792 110 1821 et
134 1792 257 1822 minora
281 1793 444 1822 mandata.
472 1794 550 1824 Cum
565 1795 706 1824 vidissent
723 1796 779 1832 fille·

73 1838 171 1867 lew-aet
203 1847 320 1868 vianna
329 1860 340 1876 ,
375 1840 522 1869 (ἶιζΐενιιηί
556 1841 596 1869 (ccl
630 1841 775 1879 invicem,

72 1883 214 1913 Manlau?
235 1885 306 1922 qnid
327 1886 369 1915 est
384 1884 465 1914 hoc?
480 1885 670 1923 [querebant
695 1888 775 1916 enlm

73 1930 145 1967 quid
168 1932 254 1960 esset.
279 1929 392 1969 Quibus
413 1930 457 1960 ait
478 1932 596 1968 Moyses
617 1940 627 1962 .·
649 1933 775 1963 Isteest

72 1975 162 2012 panis
176 1984 263 2014 quem
288 1976 366 2005 dedit
379 1977 530 2006 Dominus
544 1976 629 2007 vobis
644 1978 683 2007 cul
709 1987 775 2009 res-

72 2022 209 2052 cendum.
224 2021 325 2059 Hujus
338 2021 413 2052 sacti
427 2022 617 2060 mysterium
629 2023 774 2054 1111311111-

71 2065 156 2104 gelio
177 2067 333 2098 Johannis
350 2067 586 2098 convenienter
607 2069 771 2109 aperitur,

73 2111 128 2141 uhi
139 2112 298 2142 Dominus
311 2113 357 2142 ait
373 2121 381 2142 :
398 2114 515 2149 Amen,
529 2122 619 2143 (wien
635 2115 701 2144 dico
719 2125 773 2145 1-0-

74 2155 117 2187 bis
127 2178 138 2194 ,
159 2158 220 2188 ‘nisi
232 2159 489 2189 „ismenem-eritis
504 2167 629 2188 carnem
645 2160 702 2196 111ἱὶ
716 2162 773 2191 lto-

71 2203 181 2240 minis,
197 2204 260 2233 etc.
278 2205 369 2235 Multa·
389 2214 461 2243 erqo
480 2213 520 2234 ca:
542 2206 693 2243 discipulis
716 2217 772 2237 (ιιι-

71 2248 181 2280 dienles
196 2250 342 2280 dixerunt
358 2252 486 2281 :Durus
511 2251 553 2280 est
575 2250 623 2280 hic
643 2261 742 2282 serino
760 2263 770 2283 :

70 2295 136 2331 qais
160 2296 257 2332 polest
283 2304 353 2325 cum
375 2295 505 2326 audire?
527 2297 580 2325 Er
605 2296 660 2326 hoc
682 2300 772 2329 mulii

69 2338 210 2369 abierunt
225 2341 318 2369 retro.
334 2340 382 2369 Ad
396 2340 482 2370 hunc
498 2340 607 2378 itaque
620 2342 768 2382 niodum,

69 2393 143 2414 cum
167 2384 270 2423 aliqui
285 2385 449 2423 simplices
465 2385 507 2415 ad
522 2386 769 2418 conversionem

69 2429 218 2467 veniunt,
234 2430 444 2460 severitatem
463 2430 593 2468 Regula}
611 2440 770 2469 expaves—

67 2477 157 2505 cunt.
172 2474 205 2504 Si
227 2475 283 2505 fiat
309 2475 356 2505 eis
372 2484 477 2505 sermo
494 2476 533 2505 do
556 2477 668 2507 mundi
693 2486 771 2509 con-

67 2520 213 2559 temptu,
231 2521 270 2551 de
286 2520 446 2551 virtutum
462 2521 679 2560 vitiorumque
695 2532 770 2555 con-

67 2565 177 2605 ssictu3
200 2566 227 2597 si
243 2566 394 2596 anxietas
408 2566 583 2604 vigilandi,
600 2568 770 2601 assiduitas
805 2572 999 2602 hauriuntur
1010 2573 1050 2604 de
1067 2572 1154 2602 fonte
1172 2565 1317 2602 cai-itatis
1332 2571 1504 2609 desideria,

68 2612 179 2643 orandi
194 2634 201 2645 ,
217 2612 413 2646 parcimonia
435 2612 606 2650 jejunandi
632 2616 670 2645 ab
690 2615 769 2654 ipsis
806 2617 840 2648 ut
860 2617 1011 2651 videlicet
1042 2618 1197 2656 quicquid
1219 2617 1362 2655 sapimus
1377 2618 1432 2645 aut
1456 2616 1504 2647 lo-

198 2654 225 2680 5.
1396 2660 1414 2686 9

999 576 1170 612 snmuo
1201 564 1357 614 xcvr.'

822 644 862 670 De
874 626 999 678 quatuor
1012 646 1140 673 fontibus
1150 647 1300 673 salvatoris
1308 666 1316 679 ,
1327 649 1354 673 et
1366 646 1446 678 aquis
1458 646 1525 673 inde

1085 683 1261 708 hauriendis.

860 738 876 770 1
885 761 893 770 .
901 738 1058 772 Haurietis
1068 749 1168 781 aquas
1178 741 1212 772 in
1226 741 1337 781 qaudio
1349 740 1383 772 de
1391 739 1526 781 fontibus

820 785 1003 818 Salvatoris.
1018 787 1079 817 Pro
1100 787 1252 827 paradiso
1267 796 1365 827 quem
1379 786 1526 826 perdidi-

819 839 891 862 mus
901 853 911 871 ,
926 831 1097 863 restitutus
1119 833 1169 864 est
1182 833 1277 865 nobis
1295 833 1440 864 Christus
1454 833 1526 863 Sal-

820 877 923 908 vator.
940 877 1033 909 Sicut
1048 887 1124 918 ergo
1138 879 1180 910 de
1197 887 1263 910 uno
1277 878 1367 910 fonte
1382 878 1526 918 paradisi

819 922 1012 955 derivantur
1021 927 1160 963 quatuor
1173 924 1311 956 flumina
1329 924 1371 955 ad
1386 924 1524 963 irrigan-

820 967 898 997 dum
917 968 1131 1007 paradisum:
1156 969 1202 1000 ita
1225 970 1265 1000 de
1285 969 1428 1008 pectoris
1450 969 1524 1007 ejus

818 1021 934 1044 arcano
958 1015 1142 1053 procedunt
1167 1015 1307 1055 quatuor
1329 1014 1457 1053 fontes,
1478 1023 1523 1044 ex

818 1060 935 1097 quihus
960 1060 1160 1091 hauriuntur
1188 1060 1332 1100 quatuor
1363 1068 1523 1100 aquarum

818 1114 937 1145 genera
947 1127 956 1145 ‚
969 1106 1055 1137 unde
1070 1107 1137 1138 tota
1148 1115 1209 1146 per
1224 1107 1416 1139 universum
1426 1115 1523 1138 mun-

818 1153 896 1182 dum
912 1151 1035 1191 rigatur
1049 1153 1206 1184 Ecclesia.
1221 1153 1302 1184 Sunt
1315 1153 1425 1185 autem
1440 1161 1521 1192 qua-

820 1198 890 1228 tuor
905 1197 1011 1229 fontes
1020 1219 1030 1236 ,
1046 1198 1167 1229 veritas
1181 1220 1190 1237 ,
1202 1198 1364 1237 sapientia
1374 1220 1384 1237 ‚
1395 1198 1499 1229 virtus
1511 1220 1519 1235 ‚

817 1245 849 1275 et
864 1244 994 1275 caritas.
1016 1245 1065 1275 Ex
1093 1244 1145 1275 his
1177 1253 1253 1284 ergo
1273 1244 1418 1275 fontibus
1437 1244 1521 1275 hau-

815 1290 945 1321 riuntur
965 1299 1076 1330 aquae,
1099 1298 1142 1321 ex
1163 1290 1300 1329 singulis
1313 1290 1439 1322 scilicet
1454 1291 1521 1321 sin-

815 1337 908 1373 gulae.
925 1337 1005 1367 Nam
1025 1337 1066 1367 de
1087 1336 1177 1367 fonte
1192 1336 1360 1375 veritatis,
1383 1344 1520 1367 sumun-

815 1382 867 1412 tur
881 1391 974 1421 aquae
987 1382 1188 1421 iudiciorum
1203 1389 1211 1412 :
1229 1382 1269 1412 de
1284 1381 1373 1413 fonte
1389 1382 1520 1421 sapien-

814 1427 880 1466 tiae,
889 1436 979 1467 aquae
988 1429 1197 1459 consiliorum
1210 1427 1269 1458 :de
1276 1427 1365 1459 fonte
1375 1427 1473 1459 virtut
1481 1429 1518 1465 izz,

813 1482 904 1513 aquae
923 1475 1172 1513 praesidiorum:
1191 1474 1232 1505 de
1244 1474 1334 1504 fonte
1351 1473 1515 1513 caritatis,

813 1528 903 1558 aquae
919 1521 1164 1551 desideriorum.
1173 1520 1210 1550 In
1220 1520 1313 1560 aquis
1319 1519 1517 1558 judiciorum

813 1565 1034 1602 cognoscimus
1049 1565 1129 1603 quid
1149 1566 1266 1604 liceat,
1280 1566 1335 1597 vel
1359 1565 1437 1604 quid
1453 1574 1517 1595 non

812 1609 920 1641 liceat.
930 1612 966 1641 ln
975 1611 1068 1649 aquis
1079 1611 1288 1641 consiliorum
1302 1611 1517 1642 discernimus

812 1656 891 1693 quid
907 1657 1079 1695 expediat,
1096 1657 1148 1687 vel
1165 1656 1244 1695 quid
1260 1664 1325 1687 non
1347 1657 1513 1696 expediat.

812 1701 876 1731 Sed
900 1703 976 1740 quia
1003 1702 1118 1733 electis
1142 1702 1223 1733 viris
1247 1703 1337 1733 recte
1358 1711 1419 1741 per
1445 1703 1515 1732 haut

811 1747 1033 1784 gradientibus
1058 1756 1124 1778 non
1151 1748 1270 1778 desunt
1298 1749 1512 1787 tentationes;

812 1794 982 1823 tentantur
997 1795 1107 1824 autem
1123 1793 1162 1823 de
1178 1794 1322 1832 duobus,
1339 1795 1394 1823 aut
1409 1795 1515 1824 terro-

810 1839 899 1870 ribus
910 1861 919 1877 ,
932 1840 969 1869 ut
982 1839 1227 1877 concutIantur3
1241 1838 1298 1869 aut
1311 1839 1516 1870 blandimen-

811 1885 850 1915 tis
864 1907 873 1923 ,
895 1885 933 1915 ut
960 1885 1158 1916 seducantur
1184 1893 1193 1913 :
1219 1884 1340 1914 idcirco
1366 1886 1514 1916 armandi

809 1977 958 2015 virtutis3
976 1978 1086 2007 contra
1106 1977 1328 2007 blandimenta
1343 1977 1514 2009 desideriis

808 2032 955 2062 supernae
972 2024 1128 2053 caritatis.
1144 2023 1322 2054 Desideriis
1340 2024 1427 2053 enim
1442 2033 1513 2054 me·-

809 2070 925 2099 liorum
941 2070 1137 2107 superantur
1151 2068 1262 2108 (utait
1271 2069 1403 2108 quidam
1415 2070 1513 2101 Sanc-

809 2114 879 2155 tus)
897 2116 1058 2145 desideria
1074 2115 1285 2146 deteriorum.
1304 2116 1364 2145 Vel
1379 2115 1425 2146 sic
1440 2125 1513 2154 pos·

807 2171 917 2192 sumus
941 2161 1133 2200 procedere.
1151 2162 1238 2199 Quid
1258 2161 1390 2201 prodest
1416 2170 1511 2193 nosse

805 2207 886 2246 quid
909 2207 1007 2237 licoat
1030 2208 1064 2237 et
1078 2207 1254 2246 expediat,
1273 2205 1380 2246 (quod
1394 2208 1512 2248 utique

807 2253 926 2283 docent
942 2252 1069 2290 judicia
1091 2253 1188 2291 atque
1205 2252 1360 2292 consilia)
1375 2253 1401 2283 si
1416 2262 1510 2292 posse

805 2299 917 2336 perfici
943 2298 1080 2328 minime
1108 2298 1297 2337 contingat?
1328 2299 1403 2329 Ideo
1438 2303 1510 2338 post

805 2352 902 2383 aquas
915 2344 1117 2382 judiciorum
1134 2345 1166 2374 et
1181 2344 1387 2375 consiliorum
1399 2368 1408 2384 ‚
1422 2354 1510 2384 qua*-

805 2389 913 2420 rendce
930 2390 1005 2420 sunt
1020 2398 1112 2429 aquae
1124 2390 1508 2428 praesidi01·u111.l{ursum

806 2436 838 2465 et
850 2443 944 2474 posse
957 2435 1036 2474 quid
1047 2435 1174 2473 valeat,
1187 2436 1213 2465 si
1230 2436 1344 2466 horum
1360 2436 1507 2465 omnium

803 2488 866 2511 non
879 2481 923 2511 sit
936 2481 1009 2511 finis
1026 2480 1163 2511 caritas?
1177 2482 1278 2511 Recte
1303 2481 1413 2518 itaque
1435 2483 1506 2518 post

803 2526 945 2564 judicia,
968 2526 1041 2565 post
1063 2527 1217 2564 consilia,
1241 2526 1312 2564 post
1336 2525 1504 2563 praesidia,

809 1931 883 1961 sunt
905 1932 1017 1961 contra
1041 1932 1182 1961 terrores
1204 1931 1367 1969 praesidiis
1390 1931 1518 1962 divinae.
1560 1940 1567 1947 ·
