1830 3073
287 213 326 242 70
748 218 779 245 S.
808 218 1041 246 BERNARDI
1062 218 1263 249 ABBATIS

287 268 346 306 ba,
367 268 481 308 utique
506 269 583 300 mali
609 269 725 309 pisces.
751 271 848 302 Malos
878 273 987 301 autem
1022 272 1086 301 tam
1098 280 1216 309 paucos
1230 274 1396 314 videmus,
1411 274 1639 308 sicutneccsse
1652 280 1720 319 est,

287 314 428 344 dixerim
445 336 454 353 ,
483 323 548 345 non
581 317 715 354 propter
747 317 875 354 culpam
892 338 902 354 ,
931 317 987 346 sed
1020 317 1229 353 pertransire.
1254 320 1355 350 Valde
1380 322 1467 353 enim
1495 322 1628 353 difficile
1653 326 1720 362 est,

285 361 416 398 propter
427 369 567 399 poenam.
580 362 689 392 Faciat
700 363 785 391 Deus
795 383 804 399 ,
815 370 857 391 ne
873 370 890 390 a
905 363 987 391 mul-

284 406 428 437 titudine
454 407 614 437 malorum
642 407 781 444 piscium
811 407 987 436 obruamur

283 452 554 489 pusillanimitate
569 452 703 490 spiritus
722 453 755 482 et
772 453 984 490 tempestate,

283 497 386 528 donec
410 498 642 536 perveniamus
669 497 711 526 ad
739 497 841 535 optati
866 498 986 527 littoris

281 543 455 573 stationem
466 565 476 581 ,
487 543 544 573 ubi
558 543 659 572 malos
674 550 861 580 separemus
877 542 911 572 et
933 551 986 573 se-

280 589 450 619 cludamus
464 597 482 617 a
503 589 610 626 bonis,
627 589 665 618 ut
686 588 845 618 videlicet
860 589 900 618 de
922 598 985 620 cae—

281 637 352 664 tero
376 643 437 664 nec
463 634 587 671 luctus,
604 642 664 664 nec
694 635 834 672 clamor,
850 635 906 665 sed
922 644 983 666 nec

279 681 368 709 ullus
384 680 490 716 dolor,
502 680 559 708 aut
575 680 675 709 etiam
689 680 788 709 timor
802 680 845 710 sit
860 681 894 710 in
910 681 983 711 fini-

280 724 342 754 lius
365 723 500 760 nostris,
526 724 585 754 sed
616 724 793 762 gratiarum
818 726 920 765 actio,
951 727 981 756 et

279 777 346 799 vox
357 767 596 798 exsultationis.

448 875 506 907 SE
511 875 618 909 RMO
642 876 802 909 XXXV.

292 951 334 976 De
344 951 436 976 trihus
448 951 607 978 Ordinibus
619 952 748 978 Ecclesiae
757 971 765 983 ‚
777 953 812 978 ad
823 953 917 979 Patres
934 953 964 978 in

495 988 625 1019 Capitulo
638 989 759 1014 habitus.

318 1043 348 1072 l.
364 1044 436 1074 Hoc
461 1052 550 1075 mare
571 1053 726 1083 magnum
746 1045 779 1076 et
801 1045 979 1084 spatiosum

276 1087 332 1126 (in
347 1098 411 1127 quo
433 1090 547 1128 utique
576 1092 701 1120 certum
717 1091 767 1121 est
781 1092 866 1121 nihil
892 1092 979 1121 aliud

275 1143 371 1172 quam
400 1144 544 1173 praesens
557 1137 712 1166 saeculum
728 1145 874 1167 amarum
899 1137 980 1167 ssuc-

273 1182 369 1210 tuans
383 1180 569 1221 designari)
583 1182 689 1211 tribus
701 1182 871 1212 hominum
883 1191 980 1221 gene—

273 1226 364 1256 ribus
375 1234 433 1256 suo
448 1227 568 1265 cuique
584 1227 679 1257 modo
694 1229 845 1266 pervium
861 1230 927 1265 cst,
943 1230 977 1258 ut

272 1272 439 1301 transeant
452 1272 596 1302 liberati.
611 1273 692 1303 Tres
706 1273 796 1303 enim
810 1275 886 1304 sunt
900 1275 977 1311 Noe,

271 1317 409 1355 Daniel,
425 1318 459 1347 et
472 1318 532 1347 Job
549 1327 557 1347 τ
574 1327 712 1357 quorum
733 1320 858 1357 primus
878 1320 955 1349 navi
969 1343 977 1358 ,

272 1363 435 1392 secundus
462 1364 581 1402 ponte,
596 1364 715 1394 tertius
739 1365 824 1395 vado
849 1366 976 1396 transit.

271 1409 369 1438 Porro
381 1410 447 1438 tres
462 1409 609 1440 homines
621 1411 710 1447 ,tres
725 1410 854 1441 ordines
868 1412 979 1442 Eccle-

271 1454 328 1484 siae
351 1454 490 1492 signant.
504 1455 570 1485 Noe
595 1455 729 1493 quidem
754 1464 863 1486 arcam
890 1458 979 1487 rexit

271 1507 314 1529 ne
329 1500 452 1537 periret
468 1500 501 1529 in
517 1500 659 1538 diluvio,
672 1501 729 1531 ubi
745 1501 892 1539 protinus
905 1511 979 1533 rec-

271 1547 379 1575 torum
400 1546 553 1576 Ecclesiae
576 1547 712 1576 formam
737 1555 876 1586 agnosco
892 1550 978 1578 :Da-

271 1591 340 1620 niel
368 1591 420 1620 vir
444 1591 680 1620 desideriorum
706 1592 914 1622 abstinentiae
944 1594 978 1622 et

270 1636 471 1666 castimoniae
486 1636 634 1673 deditus,
649 1637 718 1675 ipse
745 1638 794 1668 est
821 1638 880 1668 soli
908 1639 976 1669 Deo

1019 362 1199 398 praesertim
1224 364 1338 396 diebus
1353 366 1441 405 istis,
1456 367 1575 406 quibus
1593 369 1720 400 malitia

1017 407 1285 447 nimisinvaluit‚
1303 411 1389 441 inter
1411 413 1514 444 undas
1539 413 1636 451 hujus
1660 423 1721 445 sae-

1018 452 1102 490 culi,
1115 454 1306 492 voraginem
1319 457 1475 487 vitiorum
1485 480 1494 496 ,
1508 459 1541 488 et
1566 459 1721 490 crimina-

1017 497 1096 527 lium
1113 500 1320 537 peccatorum
1337 502 1444 533 foveas
1459 505 1635 535 declinare.

1055 544 1086 572 2.
1103 546 1143 575 At
1164 546 1402 577 continentium
1425 549 1558 586 quidem
1583 551 1660 580 ordo
1684 550 1720 580 et

1015 589 1114 625 ponte
1129 592 1328 629 pertransit3
1350 593 1437 631 quod
1457 594 1521 624 iter
1539 595 1670 626 brevius
1683 596 1720 626 et

1001 633 1161 681 ¹facilius,
1185 638 1283 667 etiam
1303 639 1336 668 et
1359 639 1506 669 securius
1528 648 1597 670 esse
1620 649 1718 672 nemo

1016 680 1064 709 est
1078 681 1134 719 qui
1154 683 1291 713 nesciat.
1309 683 1372 714 Sed
1385 684 1499 714 omitto
1513 685 1644 724 laudes,
1659 695 1720 725 pe-

999 712 1117 756 ¹ricula
1133 729 1236 766 magis
1260 730 1393 760 ostendo
1412 739 1420 759 τ
1437 730 1498 760 hoc
1513 731 1599 761 enlm
1614 732 1720 763 multo

1013 772 1132 802 melius
1147 773 1242 811 atque
1264 775 1378 805 utilius
1394 775 1453 804 est.
1471 776 1571 806 Recta
1585 776 1717 815 quidem

1013 818 1129 848 semita
1155 821 1281 858 vestra,
1309 821 1486 858 carissimi,
1515 823 1549 852 et
1573 822 1718 853 securior

1013 862 1258 901 conjugatorum
1272 865 1346 902 via,
1367 873 1433 895 non
1454 866 1565 896 tamen
1584 868 1717 898 omnino

1011 915 1137 938 secura.
1153 910 1347 940 Timendum
1360 911 1448 940 enim
1464 911 1647 949 periculum
1659 913 1717 944 tri·

1010 953 1089 990 plex
1099 976 1108 992 ,
1126 954 1159 984 id
1172 955 1222 985 est
1236 977 1245 994 ,
1261 964 1302 986 ne
1317 956 1400 987 forte
1413 957 1469 987 aut
1481 965 1607 995 aequare
1622 966 1656 988 se
1670 959 1717 988 al·

1011 998 1092 1036 teri,
1108 1000 1164 1030 aut
1183 1001 1347 1039 respicere
1368 1002 1474 1039 retro,
1490 1003 1547 1031 aut
1568 1003 1657 1033 certe
1678 1003 1715 1034 in

996 1043 1120 1074 lmedio
1145 1047 1245 1083 ponte
1271 1047 1358 1076 stare
1383 1055 1442 1077 seu
1469 1047 1613 1077 residere
1641 1049 1716 1086 quis

1010 1089 1104 1119 velit.
1130 1091 1241 1128 Neque
1255 1092 1342 1120 enim
1357 1092 1463 1121 ullum
1479 1100 1521 1122 ex
1546 1093 1598 1121 his
1611 1093 1717 1123 tribus

1010 1135 1117 1172 pontis
1143 1136 1267 1173 patitur
1293 1137 1460 1174 angustia,
1486 1139 1520 1167 et
1546 1138 1634 1168 arcta
1660 1139 1717 1169 via

1009 1188 1081 1218 quae
1107 1180 1197 1211 ducit
1221 1182 1262 1211 ad
1286 1182 1401 1212 vitam.
1429 1183 1546 1212 Contra
1571 1183 1715 1221 primum

995 1233 1086 1286 'ergo
1113 1227 1298 1264 periculum
1322 1236 1453 1257 oremus
1485 1229 1603 1267 singuli
1638 1238 1714 1259 cum

994 1271 1168 1328 ‘Propheta
1183 1281 1191 1301 :
1208 1275 1254 1303 Ne
1266 1275 1368 1304 veniat
1378 1274 1464 1305 nohis
1480 1284 1532 1313 pes
1545 1276 1693 1314 superbae
1703 1298 1713 1313 ,

1008 1320 1156 1355 quom'am
1172 1319 1215 1349 ibi
1227 1321 1397 1350 ceciderunt
1409 1322 1462 1358 qui
1475 1323 1642 1358 operantur
1653 1323 1715 1351 im*-

1008 1364 1167 1400 quitatem.
1191 1365 1269 1393 Nam
1286 1364 1326 1394 de
1349 1372 1387 1394 eo
1408 1364 1466 1402 qui
1486 1365 1621 1395 mittens
1644 1373 1715 1395 ma-

995 1401 1086 1436 'num
1107 1416 1201 1437 suam
1230 1408 1271 1438 ad
1301 1409 1464 1447 aratrum,
1486 1411 1599 1447 postea
1623 1411 1713 1441 retro

994 1447 1228 1492 {convertitun
1246 1455 1371 1485 certum
1392 1456 1442 1485 est
1464 1456 1617 1493 quoniam
1632 1456 1713 1486 labi-

994 1517 995 1520 =
1007 1500 1060 1529 tur
1071 1499 1177 1529 statim
1188 1522 1197 1538 ,
1212 1502 1244 1531 et
1256 1502 1390 1539 pelagus
1402 1501 1507 1539 operit
1520 1503 1616 1539 caput
1628 1502 1709 1539 ejus.

1008 1545 1071 1575 Sed
1096 1547 1129 1576 et
1156 1546 1211 1584 qui
1226 1548 1312 1577 stare
1327 1547 1486 1585 voluerit,
1500 1555 1564 1577 non
1579 1548 1712 1586 quidem

1006 1590 1195 1629 relinquens
1218 1592 1390 1629 Ordinem,
1417 1593 1474 1622 sed
1494 1593 1650 1631 proficere
1675 1594 1711 1623 in

994 1638 1044 1666 'eo
1060 1636 1286 1675 dissimulans,
1313 1638 1407 1667 cadat
1429 1646 1562 1669 necesse
1588 1640 1654 1676 est,
1668 1639 1709 1669 ab

270 1689 390 1711 vacans
421 1682 652 1720 poenitentium
677 1682 713 1712 et
740 1683 975 1714 continentium
994 1682 1056 1719 ¹his
1068 1683 1122 1721 qui
1138 1685 1336 1722 sequuntur,
1349 1683 1507 1721 impulsus
1520 1684 1554 1714 et
1565 1693 1709 1715 eversus.

269 1727 349 1757 ordo
366 1736 374 1756 :
390 1727 450 1757 Job
477 1736 606 1766 quoque
637 1727 852 1758 substantiam
878 1729 976 1767 hujus
994 1726 1100 1770 }Arcta
1122 1728 1211 1758 enim
1239 1729 1289 1758 est
1314 1728 1388 1766 via3
1414 1730 1448 1758 et
1474 1729 1711 1767 impedimento

269 1773 386 1802 mundi
411 1773 495 1803 hene
521 1773 713 1812 dispensans
740 1774 776 1803 in
807 1774 974 1814 conjugio,
993 1772 1055 1811 {est
1078 1774 1235 1812 prolicere
1261 1774 1295 1804 et
1320 1774 1480 1812 proficisci
1509 1775 1709 1805 volentibus,

268 1818 401 1848 fidelem
412 1818 561 1857 designat
571 1820 728 1857 populum
740 1819 870 1850 terrena
886 1821 976 1852 licite
992 1819 1088 1856 {Hinc
1105 1821 1153 1850 est
1164 1819 1249 1858 quod
1266 1820 1388 1857 jugiter
1402 1820 1541 1857 arguunt
1552 1820 1586 1849 et
1600 1828 1710 1858 repre-

268 1863 779 1904 possidentem.Deprimoigitur
788 1866 821 1895 et
831 1867 975 1897 secundo
992 1885 993 1903 ι
1007 1866 1154 1896 heudunt
1166 1888 1175 1904 ,
1191 1866 1277 1904 quod
1299 1866 1384 1895 ferre
1406 1866 1575 1904 nequeunt
1589 1866 1710 1904 tepidi-

268 1909 364 1939 nobis
396 1908 565 1940 habendus
594 1911 644 1941 est
670 1918 794 1948 serm03
821 1907 1080 1949 quoniamitatis
1106 1911 1178 1948 ejus
1201 1911 1392 1949 segnitiem,
1416 1910 1503 1948 quod
1524 1911 1616 1940 velut
1634 1912 1709 1949 qui-

267 1954 387 1985 adsunt
397 1956 604 1986 venerabiles
617 1957 742 1986 Fratres
755 1957 789 1986 et
804 1956 975 1989 coabbates
991 1956 1138 1989 ibusdam
1160 1956 1301 1986 stimulis
1324 1957 1442 1994 urgent
1466 1955 1500 1985 et
1522 1955 1710 1994 impingunt

268 2000 371 2030 nostri
396 2000 437 2030 de
453 2006 590 2031 numero
615 2001 843 2039 Praelatorum3
859 2002 1226 2040 adsunt}manibus:ut
1250 2010 1351 2032 UNL'M
1376 2010 1509 2031 necesse
1525 2001 1568 2031 sit
1589 2010 1606 2031 e
1628 2003 1709 2032 duo-

271 2046 305 2075 et
319 2045 468 2076 monachi
483 2046 524 2077 de
545 2046 780 2086 poenitentium
801 2047 914 2078 ordine
931 2056 974 2078 :a
991 2045 1082 2085 mus,
1096 2049 1153 2077 aut
1174 2047 1333 2085 prolicere
1348 2048 1493 2084 scilicet,
1509 2047 1565 2076 aut
1579 2056 1708 2085 prorsus

269 2100 333 2129 quo
349 2093 459 2122 tamen
472 2099 534 2123 nec
554 2100 613 2122 nos
629 2092 770 2123 Abbates
785 2093 909 2123 alienos
922 2101 974 2123 re-
990 2085 1154 2143 {deiicere
1178 2092 1311 2122 Minime
1335 2092 1435 2131 igitur
1453 2093 1579 2130 oportet
1594 2093 1708 2123 sistere

269 2137 385 2175 putare
400 2137 575 2176 debemus,
586 2137 650 2168 nisi
663 2138 746 2168 sorte
762 2136 862 2177 (quod
876 2137 972 2179 absit)
990 2145 1149 2176 'gressum
1166 2147 1173 2167 ε
1190 2138 1355 2176 respicere
1378 2145 1506 2176 quoque
1530 2139 1615 2168 retro
1626 2161 1635 2176 ,
1651 2139 1708 2169 aut

269 2181 370 2211 oflicii
397 2183 498 2211 nostri
524 2183 646 2221 gratia,
670 2183 787 2214 nostrae
814 2184 974 2215 fuerimus
990 2211 991 2215 ,
1005 2192 1132 2222 aequare
1147 2192 1206 2215 nos
1217 2184 1420 2222 aliis,1nulto
1433 2184 1540 2213 minus
1555 2184 1706 2222 expedit:

269 2226 479 2265 professionis
509 2229 727 2260 immemores.
743 2229 888 2260 Tertium
912 2230 974 2269 igi-
989 2226 991 2246 ⁴¹
1005 2230 1061 2260 sed
1073 2230 1140 2261 tota
1152 2230 1338 2260 humilitate
1351 2229 1547 2259 currendum
1571 2229 1663 2260 nobis
1674 2231 1708 2261 et

268 2273 340 2310 tur,
358 2273 601 2311 conjugatorum
629 2274 785 2305 videlicet
806 2276 971 2315 ordinem,
989 2257 1262 2315 {properandunh
1286 2284 1329 2306 ne
1350 2275 1478 2314 quando
1499 2275 1580 2305 forte
1604 2276 1630 2305 is
1649 2276 1707 2314 qui

269 2318 372 2355 magis
392 2318 555 2350 succincte
579 2321 782 2360 transcurro,
806 2322 971 2360 tamquam

269 2363 378 2393 minus
393 2363 432 2393 ad
447 2372 504 2394 nos
518 2366 750 2403 pertinentem.
766 2367 838 2404 Ipse
853 2369 901 2397 est
915 2368 970 2405 qui

243 2436 245 2439 .
269 2409 412 2439 maxime
427 2417 516 2440 mare
525 2418 679 2448 magnum
690 2411 772 2441 vado
783 2413 969 2451 pertransit,

240 2448 248 2460 ³
270 2455 465 2485 laboriosum
495 2464 627 2494 prorsus
662 2457 695 2487 et
731 2458 970 2498 periculosum,

271 2500 369 2530 ctiam
395 2502 428 2531 et
448 2501 579 2539 longum
605 2502 727 2532 habens
749 2503 833 2540 iter,
849 2504 969 2542 quippe

270 2545 327 2584 qui
351 2546 440 2576 nulla
453 2547 516 2577 viae
538 2547 731 2586 compendia
755 2550 875 2587 captet.
891 2551 969 2581 Nam

270 2591 356 2629 quod
370 2592 588 2629 periculosum
603 2594 645 2624 sit
665 2593 746 2631 iter,
762 2594 795 2623 in
812 2603 849 2624 eo
861 2595 969 2633 patet,

271 2635 356 2673 quc-d
372 2637 438 2667 tam
453 2636 570 2667 multos
584 2636 618 2667 in
635 2645 672 2668 co
685 2637 792 2676 perire
807 2637 968 2676 dolemus,

1005 2329 1152 2359 egressus
1180 2322 1231 2352 est
1256 2321 1294 2352 ut
1322 2322 1411 2359 gigas
1445 2320 1485 2350 ad
1513 2321 1707 2350 currendam

1005 2368 1090 2397 viam
1101 2389 1110 2405 ‚
1126 2368 1220 2405 longe
1233 2375 1251 2397 a
1262 2367 1355 2397 nobis
1367 2366 1421 2396 fiat
1433 2374 1441 2395 ε
1455 2373 1553 2404 quem
1563 2387 1572 2403 ‚
1583 2365 1609 2396 si
1621 2366 1706 2396 bene

1004 2414 1165 2452 sapimus,
1178 2413 1386 2452 providentes
1399 2413 1431 2442 in
1445 2412 1618 2450 conspectu
1633 2420 1705 2442 nos-

1004 2460 1052 2489 tro
1068 2468 1214 2498 semper,
1231 2460 1264 2489 ct
1279 2459 1312 2488 in
1325 2459 1396 2496 eJus
1410 2458 1507 2488 odore
1528 2457 1641 2494 tracti,
1656 2456 1704 2486 fa-

1005 2504 1098 2534 cilius
1115 2505 1274 2542 citiusque
1286 2511 1466 2534 curremus.

1043 2550 1074 2579 5.
1087 2550 1151 2580 Nec
1167 2558 1245 2579 vero
1261 2550 1394 2587 angusta
1408 2547 1505 2578 nimis
1515 2545 1704 2588 invenietur

1003 2594 1111 2631 pontis
1123 2595 1238 2625 semita
1251 2602 1383 2624 currere
1398 2594 1433 2623 in
1453 2600 1491 2622 ea
1505 2591 1700 2622 volentibus.

988 2640 1118 2670 ¹Tribus
1144 2640 1232 2670 enim
1254 2638 1436 2678 compactus
1452 2637 1500 2668 est
1525 2637 1624 2676 lignis
1639 2645 1647 2666 τ
1665 2638 1704 2667 ut
