1810 3073
526 225 570 253 1N
595 223 793 252 exuricx
819 222 966 250 semro
986 221 1110 250 xxxr
1466 225 1525 255 255

113 283 238 322 Epicuri
249 282 345 312 debui
363 287 540 319 proponere
556 276 668 309 vobis?
681 276 796 306 Christi
829 275 986 306 scientiae.
1009 276 1220 305 Conscientiae
1239 276 1328 315 dico,
1354 286 1419 308 non
1445 281 1525 316 tuae,

109 338 176 358 sum
185 327 369 365 discipulus,
378 324 493 354 Christi
502 322 796 361 discipulisloquor:
829 322 885 352 sed
896 322 1047 358 alterius3
1068 321 1157 351 illius
1169 321 1340 359 videlicet,
1352 323 1407 360 qui
1426 332 1524 361 prope

111 384 167 412 rgo
193 374 219 403 si
246 371 451 410 peregrinum
480 369 592 407 dogma
619 367 797 404 induxero,
829 367 959 405 sedens,
983 368 1016 398 et
1031 367 1130 397 edens
1150 365 1235 404 quod
1259 366 1321 395 sibi
1336 369 1525 404 apponitur,

108 419 175 456 ipse
188 417 329 456 peccavi.
343 416 497 454 Epicurus
515 416 611 453 atque
625 414 799 452 Hippocra-
828 413 868 442 de
901 413 957 443 tuo
990 411 1145 450 singulari
1178 410 1303 448 jejunio
1336 414 1526 442 murmurat.

109 466 156 494 tes
169 461 309 500 corporis
321 463 402 492 alter
413 461 632 499 voluptatem,
648 460 730 489 alter
744 459 799 488 bo-
829 458 982 488 scandalo
997 458 1119 497 quippe
1142 457 1191 487 est
1213 456 1243 486 ei
1267 456 1324 486 aut
1344 456 1399 485 tua
1420 456 1526 485 odiosa

105 515 178 537 nam
200 507 424 536 habitudinem
450 506 582 544 praefert
600 513 714 534 :meus
733 505 799 533 Ma-
828 503 1033 541 superstitio,
1059 502 1116 532 aut
1147 500 1288 538 duritia,
1313 508 1411 538 quam
1445 499 1529 529 forte

103 552 200 590 gister
214 553 382 591 utriusque
406 553 455 582 rei
483 550 702 589 contemptum
716 558 798 588 prae-
827 549 919 585 putat
934 549 1041 587 illius,
1056 548 1111 587 qui
1136 547 1197 578 tibi
1221 547 1319 576 habet
1343 545 1529 584 providere.

103 597 200 628 dicat.
223 598 344 628 Animae
365 598 399 628 in
417 605 549 635 corpore
564 596 664 626 vitam
676 617 684 632 ‚
701 603 798 633 quam
828 593 1083 631 Scandalizatur‚
1100 593 1249 631 inquam,
1266 592 1299 621 in
1314 593 1370 622 tua
1386 591 1530 628 singula-

102 651 224 673 summo
245 643 350 673 studio
365 644 425 674 iste
440 643 526 672 unde
551 642 725 678 sustentet,
742 636 813 671 illel
827 639 923 669 ritate
938 639 1038 669 frater
1050 639 1198 676 judicans
1210 639 1242 668 te
1256 636 1528 675 superstitiosum,

103 686 187 716 unde
204 687 237 716 et
251 686 408 724 delectet,
423 685 560 724 inquirit
574 686 669 722 atque
690 685 799 722 inqui-
827 684 991 722 tamquam
1013 683 1178 722 superflua
1203 682 1449 721 quaeritantem3
1475 681 1531 711 aut

102 740 173 761 rere
189 733 299 769 docet,
317 732 462 762 Salvator
473 730 583 760 monet
599 731 632 759 et
645 730 795 767 perdere.
827 729 916 759 certe
931 738 983 759 me
998 729 1116 759 durum
1130 736 1282 766 causans,
1299 728 1355 766 qui
1376 735 1440 757 non
1454 735 1530 765 per-

143 777 192 805 Η.
207 777 292 813 Quid
316 777 403 806 enim
423 775 485 805 tibi
505 774 594 804 aliud
619 774 659 804 de
680 773 798 804 Christi
826 774 953 812 quiram
978 775 1079 805 victui
1105 775 1160 804 tuo
1185 773 1378 804 necessaria.
1401 772 1531 801 Frustra

101 821 260 850 auditorio
284 820 408 858 sonuit,
425 827 497 849 cum
516 819 613 857 paulo
629 820 705 849 ante
731 819 798 849 cla-
827 820 889 849 sihi
913 821 1045 859 quidam
1069 820 1282 850 blandiuntur
1314 819 1354 849 de
1379 818 1531 856 exemplo

99 866 221 894 matum
243 866 315 896 est:
333 866 393 904 Qui
415 867 503 895 amat
526 865 664 894 animam
688 873 796 901 suam,
826 867 933 905 Pauli,
948 867 1107 896 hortantis
1123 866 1320 904 discipulum
1334 873 1398 894 non
1414 864 1530 893 bibere

98 912 198 947 perdet
211 910 302 941 eam?
315 911 434 940 Perdet
449 918 519 940 eam
534 910 635 947 dixit,
656 910 724 940 sive
739 919 798 948 po—
827 920 959 950 aquam,
974 912 1032 942 sed
1045 913 1162 942 modico
1177 911 1225 941 uti
1240 912 1311 941 vino
1329 911 1454 948 propter
1466 910 1531 939 sto-

93 955 203 985 ssnendo
227 957 265 987 ut
295 957 433 994 martyr,
459 956 529 986 sive
564 955 736 993 affligendo
761 956 970 1016 utstnaclmm
985 959 1013 987 ct
1038 957 1207 995 trequentes
1229 964 1303 986 suas
1325 955 1529 991 infirmitates.

97 1001 272 1038 poenitens.
298 1002 499 1039 Quamquam
524 1008 626 1037 genus
650 1001 798 1038 martyrii
827 1001 888 1038 Qui
904 1001 1073 1031 attendere
1090 1001 1212 1031 debent
1233 1000 1375 1039 primum
1397 999 1530 1037 quidem

100 1048 164 1083 est,
190 1047 308 1084 spiritu
333 1047 415 1076 facta
447 1046 550 1075 carnis
582 1046 795 1083 mortiiicare3
810 1018 813 1068 Ι
828 1047 1013 1084 Apostolum
1029 1047 1165 1076 minime
1180 1047 1241 1076 sibi
1259 1046 1320 1084 ipsi
1336 1053 1406 1075 rem
1421 1045 1532 1075 istius-

100 1091 155 1120 illo
178 1092 350 1128 nimirum,
375 1100 438 1130 quo
463 1091 608 1120 membra
629 1083 813 1121 caeduntur'.
829 1092 914 1121 modi
929 1092 1149 1130 suadere,sed
1160 1101 1220 1121 nec
1233 1091 1427 1129 discipulum
1440 1098 1532 1128 aeque

100 1135 202 1173 ferro,
219 1137 351 1166 horrore
367 1136 497 1174 quidem
512 1136 641 1174 mitius,
656 1136 712 1166 sed
727 1136 812 1176 diu·¹
828 1145 1006 1175 exposcere
1036 1137 1111 1168 sibi.
1135 1137 1260 1167 Deinde
1285 1145 1351 1166 non
1375 1135 1532 1166 monacho

99 1182 254 1212 tui-nitate
278 1182 456 1212 molestius.
474 1182 614 1210 Videsne
636 1181 696 1211 hac
722 1177 812 1211 sen-'
828 1182 887 1212 hoc
903 1183 1066 1220 intimari,
1091 1183 1148 1213 sed
1164 1183 1330 1220 episcopo,
1347 1182 1439 1219 cujus
1463 1181 1532 1211 vita

100 1227 201 1255 tentia
216 1226 357 1264 Magistri
382 1225 448 1255 mei
475 1226 580 1255 carnis
605 1226 797 1263 sapientiam
828 1227 948 1257 tenerae
963 1227 1068 1257 adhuc
1085 1229 1118 1257 et
1131 1228 1276 1258 nascenti
1292 1227 1441 1257 Ecclesiae
1455 1234 1531 1265 per-

99 1271 325 1308 condemnari,
350 1279 409 1309 per
433 1279 529 1309 quam
554 1271 667 1308 utique
692 1273 749 1302 aut
765 1266 1010 1313 infnecessaria
1034 1274 1131 1302 esset.
1154 1273 1344 1302 Timotheus
1369 1272 1422 1302 hic
1447 1272 1529 1302 erat.

98 1317 212 1347 luxum
236 1317 411 1355 voluptatis
435 1316 611 1354 diffluitur,
638 1316 694 1346 aut
727 1317 811 1355 ipsa*
827 1318 873 1346 Da
895 1317 976 1346 mihi
1003 1318 1142 1347 alterum
1168 1318 1393 1354 Timotheum3
1418 1317 1452 1347 et
1471 1324 1530 1354 ego

98 1371 225 1401 quoque
250 1363 333 1392 bona
368 1362 520 1393 valetudo
546 1363 688 1400 corporis
712 1363 797 1392 ultra
828 1363 900 1393 cibo
915 1371 1010 1401 eum,
1026 1364 1053 1393 si
1077 1364 1145 1401 vis,
1161 1364 1260 1393 etiam
1286 1371 1381 1400 auro,
1398 1364 1431 1392 et
1454 1363 1531 1400 poto

98 1417 193 1446 quam
205 1409 350 1447 oporteat
360 1407 701 1446 appetiturwenique
712 1408 811 1446 quod*
827 1408 980 1438 balsamo.
1006 1408 1163 1438 Caeterum
1186 1410 1222 1438 tu
1245 1408 1438 1446 tibimetipsi
1463 1408 1530 1437 dis-

99 1462 176 1483 vcra
188 1454 346 1493 sapientia
359 1454 393 1483 in
404 1453 585 1491 voluptates
596 1461 659 1482 non
672 1453 795 1490 effluat,
809 1435 812 1491 Ι
827 1461 941 1490 pensas
950 1476 958 1491 ,
971 1454 1123 1484 misertus
1135 1455 1195 1484 tui.
1208 1454 1363 1492 Suspecta
1376 1455 1424 1484 est
1434 1453 1530 1489 mihi,

99 1499 217 1528 audisti
229 1498 373 1537 profecto
386 1506 403 1527 a
416 1498 587 1535 sapiente,
600 1505 641 1527 ne
654 1498 796 1527 inveniri
827 1498 948 1537 fateor,
964 1501 1020 1529 tua
1045 1499 1146 1538 ipsius
1162 1500 1196 1529 in
1211 1500 1243 1530 te
1259 1499 1479 1537 dispensatim
1497 1499 1531 1529 et

98 1544 228 1582 quidem
242 1545 322 1574 hanc
334 1546 365 1574 in
378 1546 461 1574 terra
471 1544 604 1574 suaviter
620 1545 794 1574 viventium.
826 1553 942 1576 vereor
953 1546 1014 1576 tibi
1027 1546 1122 1576 illudi
1133 1547 1191 1576 sub
1203 1546 1345 1584 tegmine
1358 1548 1390 1575 et
1398 1545 1530 1575 nomine

97 1589 158 1626 Qui
173 1591 281 1620 autem
306 1589 452 1626 invenit,
467 1588 548 1618 dicit
567 1597 575 1617 ε
593 1590 692 1627 Super
711 1590 797 1619 salu-
827 1590 1032 1622 discretionis
1054 1600 1073 1621 a
1098 1592 1202 1622 carnis
1226 1592 1411 1630 prudentia.
1439 1591 1474 1621 Id
1496 1592 1529 1621 te

99 1638 157 1665 tem
179 1638 206 1666 et
230 1644 350 1666 omnem
375 1636 610 1673 pulcritudinem
625 1635 720 1664 dilexi
745 1644 812 1690 sa·¹
827 1638 942 1666 saltem
956 1638 1029 1667 volo
1049 1638 1251 1667 admonitum
1267 1646 1356 1675 esse,
1372 1638 1409 1667 ut
1424 1637 1451 1667 si
1467 1636 1529 1666 tibi

96 1683 254 1718 pientiam.
271 1681 304 1710 Si
319 1689 416 1718 super
437 1680 575 1710 salutem
591 1680 625 1709 et
638 1680 796 1717 pulcritu-
828 1682 871 1711 ita
883 1682 1057 1712 auctoritas
1068 1683 1209 1721 Apostoli
1220 1683 1327 1720 placet
1338 1682 1378 1711 de
1390 1681 1532 1711 bibendo

100 1727 226 1764 dinem,
243 1728 361 1764 quanto
373 1726 474 1764 magis
489 1733 585 1763 super
596 1725 797 1762 voluptatem
828 1727 920 1765 vino,
933 1729 1067 1765 modico,
1083 1727 1093 1765 (
1107 1728 1193 1766 quod
1208 1728 1263 1757 ille
1279 1726 1450 1765 adjunxit)
1466 1734 1531 1756 non

100 1772 132 1800 et
166 1770 426 1809 turpitudinem?
451 1770 535 1807 Quid
558 1778 635 1799 vero
667 1771 797 1808 prodest
828 1773 1066 1809 praetermittas.
1083 1775 1121 1803 Et
1142 1774 1182 1803 de
1204 1774 1264 1802 hoc
1288 1774 1376 1803 satis.
1393 1773 1456 1802 Sed
1477 1780 1530 1802 re-

100 1818 282 1855 temperare
305 1825 323 1846 a
347 1816 587 1854 voluptatibus3
604 1817 638 1844 et
661 1815 798 1845 investi-
829 1818 993 1846 vertamur
1007 1818 1048 1847 ad
1069 1827 1236 1856 sponsam,
1260 1820 1294 1847 et
1315 1819 1475 1848 discamus
1489 1817 1530 1847 ab

99 1863 211 1900 gaudis
235 1862 482 1892 diversitatibus
513 1861 776 1898 complexionum
786 1883 795 1899 ‚
829 1870 866 1891 ea
880 1862 992 1892 vineas
1006 1864 1151 1901 proprias
1162 1872 1195 1894 se
1211 1863 1339 1894 utiliter
1349 1872 1413 1892 non
1426 1864 1531 1893 custo-

99 1907 307 1946 ciborumque
340 1906 552 1936 varietatibus
577 1905 795 1944 inquirendis,
828 1908 915 1946 dire,
931 1909 1111 1946 praesertiffl
1126 1918 1183 1939 nos
1195 1910 1250 1948 qui
1266 1909 1417 1939 videmur
1428 1908 1530 1947 depu-

98 1952 318 1989 quotidianam
343 1951 529 1989 expendere
545 1949 677 1980 curam?
691 1951 797 1988 Legu-
829 1954 885 1983 tati
909 1955 1057 1984 custodes
1080 1956 1114 1984 in
1129 1955 1234 1985 vineis
1257 1955 1364 1993 sponsi
1379 1954 1530 1984 Ecclesiae

99 1998 202 2035 mina,
230 1997 353 2036 inquit,
389 1997 523 2026 ventosa
558 1996 648 2033 sunt,
685 2003 796 2026 caseus
827 2000 903 2029 Jesu
927 2000 1044 2030 Christi
1059 2001 1188 2031 Domini
1203 2000 1394 2038 nostri,qui
1411 2000 1459 2030 est
1474 2008 1529 2030 su-

98 2043 298 2072 stomachum
323 2042 453 2080 gravat,
478 2041 528 2070 lac
553 2041 652 2078 capiti
681 2043 794 2079 nocet,
827 2053 885 2082 per
899 2046 1006 2076 omnia
1021 2047 1108 2078 Deus
1130 2047 1323 2077 benedictus
1337 2046 1373 2077 in
1393 2046 1528 2083 saecula‚

98 2089 210 2127 potum
222 2096 311 2126 aquae
324 2096 386 2117 non
397 2086 535 2117 sustinet
545 2088 676 2124 pectus,
688 2088 796 2117 caules
827 2099 933 2121 amen,

99 2135 246 2163 nutriunt
257 2133 505 2164 melancholiam
514 2155 523 2171 ,
534 2133 696 2162 choleram
708 2133 794 2170 porri

98 2179 295 2217 accendunt,
311 2179 415 2218 pisces
430 2178 469 2208 de
485 2179 594 2217 stagno
604 2200 613 2216 ‚
625 2178 680 2207 aut
692 2178 731 2208 de
747 2179 794 2208 lu-
1007 2192 1177 2225 SERMO
1204 2191 1348 2224 XXXI·

100 2225 166 2254 tosa
196 2233 294 2263 aqua,
317 2233 399 2255 meae
422 2225 552 2262 penitus
577 2224 794 2262 complexioni

101 2277 164 2299 non
188 2271 378 2308 congruunt.
399 2270 500 2307 Quale
527 2270 574 2300 est
598 2269 676 2307 hoc,
701 2271 737 2300 ut
761 2270 794 2300 in
827 2271 866 2294 De
878 2269 1039 2294 excellentia
1051 2268 1155 2293 divinae
1168 2265 1527 2308 x-isionis3etf1nomodoin

101 2315 177 2345 totis
201 2315 326 2353 fluviis,
342 2316 441 2353 agris,
465 2315 586 2353 hortIs,
612 2315 794 2346 cellariisve
852 2306 991 2366 11)ξέῗᾶῐὶξέ
994 2304 1179 2364 ἴξῖωζέῗέἱ
1181 2303 1529 2363 fffffrffmdssvssssffidssffiffn‘

101 2361 238 2398 reperiri
253 2361 310 2390 vix
324 2361 424 2399 possit
437 2361 523 2398 quod
537 2360 708 2391 comedas?
1045 2358 1052 2370 ¹
1063 2347 1080 2371 Ρ
1482 2356 1487 2361 ’

140 2406 190 2435 ¹2.
205 2406 285 2436 Puta
300 2408 350 2444 te,
366 2415 470 2444 quaeso
480 2429 489 2444 ‚
504 2407 698 2436 monachum
713 2415 794 2445 esse,
867 2407 898 2436 1.
914 2407 1019 2437 Indica
1034 2405 1209 2444 mihiquem
1219 2404 1314 2443 diligit
1325 2403 1433 2433 anima
1445 2410 1527 2438 mea,

100 2459 163 2481 non
177 2451 357 2489 medicum3
373 2460 434 2482 nec
447 2451 486 2482 de
508 2452 732 2489 complexione
745 2453 796 2490 ju-
828 2453 880 2483 ubi
890 2462 1010 2491 pascas,
1022 2452 1077 2482 ubi
1086 2451 1173 2481 cubes
1182 2451 1214 2480 in
1225 2450 1360 2480 meridie.
1373 2446 1528 2479 Studiosis

102 2496 292 2533 dicandum,
316 2497 373 2526 sed
387 2496 426 2526 de
450 2496 660 2534 professione.
676 2498 794 2536 Parce,
828 2499 992 2529 mentibus
1015 2497 1157 2527 Verbum
1182 2503 1316 2534 sponsus
1340 2491 1528 2530 frequenter

101 2541 250 2580 obsecro,
265 2541 406 2580 primum
430 2541 562 2580 quidem
585 2542 689 2580 quieti
712 2544 794 2581 tuae,
829 2544 978 2583 apparet,
1000 2543 1033 2574 et
1045 2551 1110 2573 non
1135 2541 1196 2573 sub
1217 2548 1281 2571 una
1305 2538 1424 2576 specie.
1442 2535 1526 2572 Quid

103 2595 198 2624 parce
231 2587 349 2619 deinde
384 2587 487 2618 labori
521 2587 795 2627 ministrantium,
829 2589 1054 2620 ita2Prosecto
1069 2587 1221 2627 quoniam
1237 2584 1381 2616 nondum
1396 2581 1537 2631 videtur*

105 2642 197 2670 parce
222 2633 402 2673 gravamini
432 2634 562 2672 ‹lomuS‚
587 2641 682 2672 parce
717 2641 794 2665 con·
829 2636 917 2666 sicuti
935 2636 988 2666 ese.
1012 2635 1132 2672 Nempe
1160 2633 1213 2662 illa
1245 2629 1324 2659 visio
1348 2627 1426 2664 stat,
1451 2634 1526 2664 quia
