<?xml version="1.0" encoding="UTF-8"?>
<!DOCTYPE html PUBLIC "-//W3C//DTD XHTML 1.0 Transitional//EN"
    "http://www.w3.org/TR/xhtml1/DTD/xhtml1-transitional.dtd">
<html xmlns="http://www.w3.org/1999/xhtml" xml:lang="en" lang="en">
 <head>
  <title>
</title>
<meta http-equiv="Content-Type" content="text/html;charset=utf-8" />
  <meta name='ocr-system' content='tesseract 3.04.00' />
  <meta name='ocr-capabilities' content='ocr_page ocr_carea ocr_par ocr_line ocrx_word'/>
</head>
<body>
  <div class='ocr_page' id='page_1' title='image "./operagenuinajuxt03bernuoft/operagenuinajuxt03bernuoft_0290.png"; bbox 0 0 1846 3078; ppageno 0'>
   <div class='ocr_carea' id='block_1_1' title="bbox 243 211 959 1574">
    <p class='ocr_par' dir='ltr' id='par_1_1' title="bbox 248 211 951 702">
     <span class='ocr_line' id='line_1_1' title="bbox 255 211 314 242; baseline 0.034 -2"><span class='ocrx_word' id='word_1_1' title='bbox 255 211 314 242; x_wconf 70' lang='lat'>280</span> 
     </span>
     <span class='ocr_line' id='line_1_2' title="bbox 256 263 951 307; baseline -0.003 -11"><span class='ocrx_word' id='word_1_2' title='bbox 256 263 427 298; x_wconf 84' lang='lat' dir='ltr'><strong>blandiens</strong></span> <span class='ocrx_word' id='word_1_3' title='bbox 441 266 565 298; x_wconf 83' lang='lat' dir='ltr'>ratione</span> <span class='ocrx_word' id='word_1_4' title='bbox 575 289 585 307; x_wconf 97' lang='lat'>,</span> <span class='ocrx_word' id='word_1_5' title='bbox 600 268 732 298; x_wconf 86' lang='lat' dir='ltr'>revocat</span> <span class='ocrx_word' id='word_1_6' title='bbox 743 276 776 297; x_wconf 86' lang='lat' dir='ltr'>se</span> <span class='ocrx_word' id='word_1_7' title='bbox 789 267 951 296; x_wconf 88' lang='lat' dir='ltr'>irrevoca—</span> 
     </span>
     <span class='ocr_line' id='line_1_3' title="bbox 254 309 951 351; baseline -0.004 -10"><span class='ocrx_word' id='word_1_8' title='bbox 254 311 367 342; x_wconf 88' lang='lat' dir='ltr'>biliter</span> <span class='ocrx_word' id='word_1_9' title='bbox 377 312 413 342; x_wconf 87' lang='lat' dir='ltr'>in</span> <span class='ocrx_word' id='word_1_10' title='bbox 427 313 579 343; x_wconf 89' lang='lat' dir='ltr'>saeculum</span> <span class='ocrx_word' id='word_1_11' title='bbox 590 334 600 351; x_wconf 90' lang='lat'>,</span> <span class='ocrx_word' id='word_1_12' title='bbox 617 313 657 342; x_wconf 92' lang='lat' dir='ltr'>ad</span> <span class='ocrx_word' id='word_1_13' title='bbox 669 311 902 351; x_wconf 83' lang='lat' dir='ltr'>perfruendum</span> <span class='ocrx_word' id='word_1_14' title='bbox 918 309 951 339; x_wconf 90' lang='lat' dir='ltr'>et</span> 
     </span>
     <span class='ocr_line' id='line_1_4' title="bbox 253 355 949 391; baseline -0.004 -5"><span class='ocrx_word' id='word_1_15' title='bbox 253 356 472 388; x_wconf 82' lang='lat' dir='ltr'>deliciandum</span> <span class='ocrx_word' id='word_1_16' title='bbox 501 359 536 389; x_wconf 90' lang='lat' dir='ltr'>in</span> <span class='ocrx_word' id='word_1_17' title='bbox 557 358 707 388; x_wconf 88' lang='lat' dir='ltr'>omnibus</span> <span class='ocrx_word' id='word_1_18' title='bbox 737 357 830 386; x_wconf 86' lang='lat' dir='ltr'>bonis</span> <span class='ocrx_word' id='word_1_19' title='bbox 858 355 949 391; x_wconf 84' lang='lat' dir='ltr'>ejus,</span> 
     </span>
     <span class='ocr_line' id='line_1_5' title="bbox 252 399 950 440; baseline -0.006 -9"><span class='ocrx_word' id='word_1_20' title='bbox 252 402 358 440; x_wconf 88' lang='lat' dir='ltr'>quoad</span> <span class='ocrx_word' id='word_1_21' title='bbox 368 403 510 434; x_wconf 83' lang='lat' dir='ltr'>licuerit.</span> <span class='ocrx_word' id='word_1_22' title='bbox 526 404 603 433; x_wconf 89' lang='lat' dir='ltr'>Cum</span> <span class='ocrx_word' id='word_1_23' title='bbox 617 403 724 432; x_wconf 87' lang='lat' dir='ltr'>autem</span> <span class='ocrx_word' id='word_1_24' title='bbox 736 399 873 437; x_wconf 79' lang='lat' dir='ltr'>dixerIt,</span> <span class='ocrx_word' id='word_1_25' title='bbox 885 400 950 428; x_wconf 85' lang='lat' dir='ltr'>Pax</span> 
     </span>
     <span class='ocr_line' id='line_1_6' title="bbox 254 444 949 486; baseline -0.006 -10"><span class='ocrx_word' id='word_1_26' title='bbox 254 446 288 476; x_wconf 92' lang='lat' dir='ltr'>et</span> <span class='ocrx_word' id='word_1_27' title='bbox 301 447 475 486; x_wconf 79' lang='lat' dir='ltr'><strong>securitas,</strong></span> <span class='ocrx_word' id='word_1_28' title='bbox 495 449 574 477; x_wconf 89' lang='lat' dir='ltr'>tunc</span> <span class='ocrx_word' id='word_1_29' title='bbox 586 446 776 485; x_wconf 87' lang='lat' dir='ltr'>repentinus</span> <span class='ocrx_word' id='word_1_30' title='bbox 791 444 822 474; x_wconf 92' lang='lat' dir='ltr'>ei</span> <span class='ocrx_word' id='word_1_31' title='bbox 837 452 949 482; x_wconf 87' lang='lat' dir='ltr'>super-</span> 
     </span>
     <span class='ocr_line' id='line_1_7' title="bbox 252 489 949 530; baseline -0.003 -10"><span class='ocrx_word' id='word_1_32' title='bbox 252 492 367 522; x_wconf 78' lang='lat' dir='ltr'>veniet</span> <span class='ocrx_word' id='word_1_33' title='bbox 381 492 550 530; x_wconf 87' lang='lat' dir='ltr'>interitus,</span> <span class='ocrx_word' id='word_1_34' title='bbox 575 491 660 521; x_wconf 85' lang='lat' dir='ltr'>sicut</span> <span class='ocrx_word' id='word_1_35' title='bbox 683 490 773 520; x_wconf 91' lang='lat' dir='ltr'>dolor</span> <span class='ocrx_word' id='word_1_36' title='bbox 797 489 833 518; x_wconf 90' lang='lat' dir='ltr'>in</span> <span class='ocrx_word' id='word_1_37' title='bbox 856 490 949 519; x_wconf 89' lang='lat' dir='ltr'>utero</span> 
     </span>
     <span class='ocr_line' id='line_1_8' title="bbox 252 535 949 575; baseline -0.004 -9"><span class='ocrx_word' id='word_1_38' title='bbox 252 536 420 575; x_wconf 85' lang='lat' dir='ltr'>habentis,</span> <span class='ocrx_word' id='word_1_39' title='bbox 442 538 476 568; x_wconf 85' lang='lat' dir='ltr'>et</span> <span class='ocrx_word' id='word_1_40' title='bbox 494 544 559 566; x_wconf 90' lang='lat' dir='ltr'>non</span> <span class='ocrx_word' id='word_1_41' title='bbox 584 535 727 573; x_wconf 84' lang='lat' dir='ltr'>effugiet.</span> <span class='ocrx_word' id='word_1_42' title='bbox 751 535 799 564; x_wconf 87' lang='lat' dir='ltr'>lta</span> <span class='ocrx_word' id='word_1_43' title='bbox 824 542 901 572; x_wconf 84' lang='lat' dir='ltr'>ergo</span> <span class='ocrx_word' id='word_1_44' title='bbox 916 535 949 564; x_wconf 91' lang='lat' dir='ltr'>et</span> 
     </span>
     <span class='ocr_line' id='line_1_9' title="bbox 251 579 951 621; baseline -0.001 -10"><span class='ocrx_word' id='word_1_45' title='bbox 251 581 294 612; x_wconf 86' lang='lat' dir='ltr'>de</span> <span class='ocrx_word' id='word_1_46' title='bbox 331 582 514 621; x_wconf 84' lang='lat' dir='ltr'>ignorantia</span> <span class='ocrx_word' id='word_1_47' title='bbox 544 579 605 610; x_wconf 91' lang='lat' dir='ltr'>Dei</span> <span class='ocrx_word' id='word_1_48' title='bbox 629 580 792 610; x_wconf 84' lang='lat' dir='ltr'>universae</span> <span class='ocrx_word' id='word_1_49' title='bbox 814 579 951 610; x_wconf 78' lang='lat' dir='ltr'>malitiae</span> 
     </span>
     <span class='ocr_line' id='line_1_10' title="bbox 251 625 949 666; baseline 0 -9"><span class='ocrx_word' id='word_1_50' title='bbox 251 628 486 658; x_wconf 83' lang='lat' dir='ltr'>consummatio</span> <span class='ocrx_word' id='word_1_51' title='bbox 513 625 607 656; x_wconf 79' lang='lat' dir='ltr'>venit</span> <span class='ocrx_word' id='word_1_52' title='bbox 623 646 634 663; x_wconf 79' lang='lat'>,</span> <span class='ocrx_word' id='word_1_53' title='bbox 658 633 730 664; x_wconf 88' lang='lat' dir='ltr'>quae</span> <span class='ocrx_word' id='word_1_54' title='bbox 760 626 810 656; x_wconf 87' lang='lat' dir='ltr'>est</span> <span class='ocrx_word' id='word_1_55' title='bbox 835 625 949 666; x_wconf 88' lang='lat' dir='ltr'>despe-</span> 
     </span>
     <span class='ocr_line' id='line_1_11' title="bbox 248 673 343 702; baseline 0 0"><span class='ocrx_word' id='word_1_56' title='bbox 248 673 343 702; x_wconf 89' lang='lat' dir='ltr'>ratio.</span> 
     </span>
    </p>

    <p class='ocr_par' dir='ltr' id='par_1_2' title="bbox 243 714 959 1574">
     <span class='ocr_line' id='line_1_12' title="bbox 290 714 947 756; baseline -0.003 -8"><span class='ocrx_word' id='word_1_57' title='bbox 290 718 321 748; x_wconf 77' lang='lat'>2.</span> <span class='ocrx_word' id='word_1_58' title='bbox 335 715 503 756; x_wconf 84' lang='lat' dir='ltr'>Apostolus</span> <span class='ocrx_word' id='word_1_59' title='bbox 517 715 615 754; x_wconf 89' lang='lat' dir='ltr'>dicit,</span> <span class='ocrx_word' id='word_1_60' title='bbox 631 715 718 754; x_wconf 88' lang='lat' dir='ltr'>quod</span> <span class='ocrx_word' id='word_1_61' title='bbox 733 714 947 754; x_wconf 79' lang='lat' dir='ltr'>ignorantiam</span> 
     </span>
     <span class='ocr_line' id='line_1_13' title="bbox 249 760 947 800; baseline -0.001 -8"><span class='ocrx_word' id='word_1_62' title='bbox 249 762 311 792; x_wconf 91' lang='lat' dir='ltr'>Dei</span> <span class='ocrx_word' id='word_1_63' title='bbox 332 762 462 800; x_wconf 90' lang='lat' dir='ltr'>quidam</span> <span class='ocrx_word' id='word_1_64' title='bbox 483 760 616 791; x_wconf 85' lang='lat' dir='ltr'>habent.</span> <span class='ocrx_word' id='word_1_65' title='bbox 641 761 705 798; x_wconf 88' lang='lat' dir='ltr'>Ego</span> <span class='ocrx_word' id='word_1_66' title='bbox 734 761 847 790; x_wconf 86' lang='lat' dir='ltr'>autem</span> <span class='ocrx_word' id='word_1_67' title='bbox 874 760 947 791; x_wconf 90' lang='lat' dir='ltr'>dico</span> 
     </span>
     <span class='ocr_line' id='line_1_14' title="bbox 249 806 948 845; baseline 0 -8"><span class='ocrx_word' id='word_1_68' title='bbox 249 816 359 838; x_wconf 88' lang='lat' dir='ltr'>omnes</span> <span class='ocrx_word' id='word_1_69' title='bbox 374 808 522 845; x_wconf 84' lang='lat' dir='ltr'>ignorare</span> <span class='ocrx_word' id='word_1_70' title='bbox 536 807 655 845; x_wconf 89' lang='lat' dir='ltr'>Deum,</span> <span class='ocrx_word' id='word_1_71' title='bbox 666 806 721 845; x_wconf 88' lang='lat' dir='ltr'>qui</span> <span class='ocrx_word' id='word_1_72' title='bbox 737 806 854 837; x_wconf 86' lang='lat' dir='ltr'>nolunt</span> <span class='ocrx_word' id='word_1_73' title='bbox 869 814 948 837; x_wconf 86' lang='lat' dir='ltr'>con-</span> 
     </span>
     <span class='ocr_line' id='line_1_15' title="bbox 247 847 947 891; baseline 0 -9"><span class='ocrx_word' id='word_1_74' title='bbox 247 854 332 884; x_wconf 78' lang='lat' dir='ltr'>verti</span> <span class='ocrx_word' id='word_1_75' title='bbox 355 853 395 882; x_wconf 89' lang='lat' dir='ltr'>ad</span> <span class='ocrx_word' id='word_1_76' title='bbox 417 853 534 883; x_wconf 84' lang='lat' dir='ltr'>Deum.</span> <span class='ocrx_word' id='word_1_77' title='bbox 560 853 669 891; x_wconf 78' lang='lat' dir='ltr'>Neque</span> <span class='ocrx_word' id='word_1_78' title='bbox 692 852 780 882; x_wconf 91' lang='lat' dir='ltr'>enim</span> <span class='ocrx_word' id='word_1_79' title='bbox 800 847 844 882; x_wconf 68' lang='lat' dir='ltr'>ob&#39;</span> <span class='ocrx_word' id='word_1_80' title='bbox 859 852 947 883; x_wconf 89' lang='lat' dir='ltr'>aliud</span> 
     </span>
     <span class='ocr_line' id='line_1_16' title="bbox 247 897 946 937; baseline -0.001 -9"><span class='ocrx_word' id='word_1_81' title='bbox 247 898 459 937; x_wconf 83' lang='lat' dir='ltr'>proculdubio</span> <span class='ocrx_word' id='word_1_82' title='bbox 473 898 634 936; x_wconf 87' lang='lat' dir='ltr'>renuunt,</span> <span class='ocrx_word' id='word_1_83' title='bbox 649 897 712 927; x_wconf 90' lang='lat' dir='ltr'>nisi</span> <span class='ocrx_word' id='word_1_84' title='bbox 724 898 800 936; x_wconf 89' lang='lat' dir='ltr'>quia</span> <span class='ocrx_word' id='word_1_85' title='bbox 815 906 946 936; x_wconf 79' lang='lat' dir='ltr'>gravem</span> 
     </span>
     <span class='ocr_line' id='line_1_17' title="bbox 247 943 944 983; baseline 0 -9"><span class='ocrx_word' id='word_1_86' title='bbox 247 945 280 974; x_wconf 85' lang='lat' dir='ltr'>et</span> <span class='ocrx_word' id='word_1_87' title='bbox 295 951 443 975; x_wconf 82' lang='lat' dir='ltr'>severum</span> <span class='ocrx_word' id='word_1_88' title='bbox 459 943 693 981; x_wconf 74' lang='lat' dir='ltr'>imaginantur,</span> <span class='ocrx_word' id='word_1_89' title='bbox 709 943 764 981; x_wconf 91' lang='lat' dir='ltr'>qui</span> <span class='ocrx_word' id='word_1_90' title='bbox 785 943 858 981; x_wconf 88' lang='lat' dir='ltr'>pius</span> <span class='ocrx_word' id='word_1_91' title='bbox 874 944 944 983; x_wconf 72' lang='lat' dir='ltr'>est,</span> 
     </span>
     <span class='ocr_line' id='line_1_18' title="bbox 246 988 946 1027; baseline -0.001 -9"><span class='ocrx_word' id='word_1_92' title='bbox 246 989 362 1019; x_wconf 92' lang='lat' dir='ltr'>durum</span> <span class='ocrx_word' id='word_1_93' title='bbox 378 989 410 1018; x_wconf 93' lang='lat' dir='ltr'>et</span> <span class='ocrx_word' id='word_1_94' title='bbox 424 989 663 1027; x_wconf 83' lang='lat' dir='ltr'>implacabilem</span> <span class='ocrx_word' id='word_1_95' title='bbox 675 1010 684 1026; x_wconf 90' lang='lat'>,</span> <span class='ocrx_word' id='word_1_96' title='bbox 694 988 752 1026; x_wconf 84' lang='lat' dir='ltr'>qui</span> <span class='ocrx_word' id='word_1_97' title='bbox 765 988 946 1018; x_wconf 85' lang='lat' dir='ltr'>misericors</span> 
     </span>
     <span class='ocr_line' id='line_1_19' title="bbox 247 1034 946 1072; baseline -0.001 -8"><span class='ocrx_word' id='word_1_98' title='bbox 247 1035 312 1072; x_wconf 79' lang='lat' dir='ltr'>est3</span> <span class='ocrx_word' id='word_1_99' title='bbox 328 1034 434 1064; x_wconf 84' lang='lat' dir='ltr'>ferum</span> <span class='ocrx_word' id='word_1_100' title='bbox 456 1035 489 1064; x_wconf 86' lang='lat' dir='ltr'>et</span> <span class='ocrx_word' id='word_1_101' title='bbox 511 1034 690 1064; x_wconf 80' lang='lat' dir='ltr'>terribilem</span> <span class='ocrx_word' id='word_1_102' title='bbox 701 1055 710 1071; x_wconf 89' lang='lat'>,</span> <span class='ocrx_word' id='word_1_103' title='bbox 727 1034 781 1072; x_wconf 90' lang='lat' dir='ltr'>qui</span> <span class='ocrx_word' id='word_1_104' title='bbox 797 1034 946 1064; x_wconf 86' lang='lat' dir='ltr'>amabilis</span> 
     </span>
     <span class='ocr_line' id='line_1_20' title="bbox 246 1079 946 1118; baseline 0 -9"><span class='ocrx_word' id='word_1_105' title='bbox 246 1081 315 1110; x_wconf 87' lang='lat' dir='ltr'>est:</span> <span class='ocrx_word' id='word_1_106' title='bbox 333 1081 367 1110; x_wconf 89' lang='lat' dir='ltr'>et</span> <span class='ocrx_word' id='word_1_107' title='bbox 381 1080 538 1110; x_wconf 83' lang='lat' dir='ltr'>mentitur</span> <span class='ocrx_word' id='word_1_108' title='bbox 549 1080 703 1118; x_wconf 87' lang='lat' dir='ltr'>iniquitas</span> <span class='ocrx_word' id='word_1_109' title='bbox 714 1079 775 1110; x_wconf 90' lang='lat' dir='ltr'>sibi</span> <span class='ocrx_word' id='word_1_110' title='bbox 785 1101 794 1118; x_wconf 90' lang='lat'>,</span> <span class='ocrx_word' id='word_1_111' title='bbox 806 1079 946 1110; x_wconf 81' lang='lat' dir='ltr'>formans</span> 
     </span>
     <span class='ocr_line' id='line_1_21' title="bbox 244 1125 943 1164; baseline 0 -9"><span class='ocrx_word' id='word_1_112' title='bbox 244 1125 308 1156; x_wconf 87' lang='lat' dir='ltr'>sibi</span> <span class='ocrx_word' id='word_1_113' title='bbox 331 1126 453 1155; x_wconf 88' lang='lat' dir='ltr'>idolum</span> <span class='ocrx_word' id='word_1_114' title='bbox 468 1134 525 1164; x_wconf 93' lang='lat' dir='ltr'>pro</span> <span class='ocrx_word' id='word_1_115' title='bbox 547 1134 585 1155; x_wconf 91' lang='lat' dir='ltr'>eo</span> <span class='ocrx_word' id='word_1_116' title='bbox 600 1125 685 1164; x_wconf 90' lang='lat' dir='ltr'>quod</span> <span class='ocrx_word' id='word_1_117' title='bbox 709 1133 774 1155; x_wconf 91' lang='lat' dir='ltr'>non</span> <span class='ocrx_word' id='word_1_118' title='bbox 790 1126 838 1156; x_wconf 88' lang='lat' dir='ltr'>est</span> <span class='ocrx_word' id='word_1_119' title='bbox 862 1126 943 1164; x_wconf 87' lang='lat' dir='ltr'>ipse.</span> 
     </span>
     <span class='ocr_line' id='line_1_22' title="bbox 245 1171 944 1210; baseline 0.001 -10"><span class='ocrx_word' id='word_1_120' title='bbox 245 1171 329 1209; x_wconf 87' lang='lat' dir='ltr'>Quid</span> <span class='ocrx_word' id='word_1_121' title='bbox 350 1171 472 1202; x_wconf 90' lang='lat' dir='ltr'>timetis</span> <span class='ocrx_word' id='word_1_122' title='bbox 492 1171 626 1201; x_wconf 82' lang='lat' dir='ltr'>modicae</span> <span class='ocrx_word' id='word_1_123' title='bbox 646 1171 722 1202; x_wconf 87' lang='lat' dir='ltr'>fidei</span> <span class='ocrx_word' id='word_1_124' title='bbox 735 1171 747 1201; x_wconf 74' lang='grc' dir='ltr'>ἓ</span> <span class='ocrx_word' id='word_1_125' title='bbox 760 1172 796 1202; x_wconf 89' lang='lat' dir='ltr'>ut</span> <span class='ocrx_word' id='word_1_126' title='bbox 812 1172 944 1210; x_wconf 83' lang='lat' dir='ltr'>peccata</span> 
     </span>
     <span class='ocr_line' id='line_1_23' title="bbox 244 1216 944 1248; baseline 0.001 -2"><span class='ocrx_word' id='word_1_127' title='bbox 244 1217 327 1247; x_wconf 90' lang='lat' dir='ltr'>nolit</span> <span class='ocrx_word' id='word_1_128' title='bbox 350 1217 519 1248; x_wconf 82' lang='lat' dir='ltr'>remittere</span> <span class='ocrx_word' id='word_1_129' title='bbox 541 1216 553 1246; x_wconf 75' lang='grc' dir='ltr'>ἓ</span> <span class='ocrx_word' id='word_1_130' title='bbox 573 1216 635 1246; x_wconf 85' lang='lat' dir='ltr'>Sed</span> <span class='ocrx_word' id='word_1_131' title='bbox 662 1217 768 1247; x_wconf 80' lang='lat' dir='ltr'>affixit</span> <span class='ocrx_word' id='word_1_132' title='bbox 792 1225 830 1247; x_wconf 90' lang='lat' dir='ltr'>ea</span> <span class='ocrx_word' id='word_1_133' title='bbox 856 1217 944 1247; x_wconf 89' lang='lat' dir='ltr'>cruci</span> 
     </span>
     <span class='ocr_line' id='line_1_24' title="bbox 244 1262 945 1300; baseline 0.001 -8"><span class='ocrx_word' id='word_1_134' title='bbox 244 1270 319 1292; x_wconf 89' lang='lat' dir='ltr'>cum</span> <span class='ocrx_word' id='word_1_135' title='bbox 333 1263 398 1293; x_wconf 91' lang='lat' dir='ltr'>suis</span> <span class='ocrx_word' id='word_1_136' title='bbox 412 1263 574 1292; x_wconf 87' lang='lat' dir='ltr'>manibus.</span> <span class='ocrx_word' id='word_1_137' title='bbox 590 1262 681 1300; x_wconf 87' lang='lat' dir='ltr'>Quod</span> <span class='ocrx_word' id='word_1_138' title='bbox 694 1262 801 1292; x_wconf 88' lang='lat' dir='ltr'>teneri</span> <span class='ocrx_word' id='word_1_139' title='bbox 816 1263 848 1293; x_wconf 89' lang='lat' dir='ltr'>et</span> <span class='ocrx_word' id='word_1_140' title='bbox 864 1263 945 1293; x_wconf 91' lang='lat' dir='ltr'>deli-</span> 
     </span>
     <span class='ocr_line' id='line_1_25' title="bbox 245 1307 943 1346; baseline 0.001 -9"><span class='ocrx_word' id='word_1_141' title='bbox 245 1308 309 1338; x_wconf 84' lang='lat' dir='ltr'>cati</span> <span class='ocrx_word' id='word_1_142' title='bbox 334 1309 411 1338; x_wconf 83' lang='lat' dir='ltr'>estis</span> <span class='ocrx_word' id='word_1_143' title='bbox 432 1307 444 1337; x_wconf 75' lang='grc' dir='ltr'>ἓ</span> <span class='ocrx_word' id='word_1_144' title='bbox 464 1308 526 1338; x_wconf 87' lang='lat' dir='ltr'>Sed</span> <span class='ocrx_word' id='word_1_145' title='bbox 546 1308 616 1346; x_wconf 88' lang='lat' dir='ltr'>ipse</span> <span class='ocrx_word' id='word_1_146' title='bbox 640 1308 732 1338; x_wconf 76' lang='lat' dir='ltr'>n0v1t</span> <span class='ocrx_word' id='word_1_147' title='bbox 756 1308 943 1346; x_wconf 82' lang='lat' dir='ltr'>figmentum</span> 
     </span>
     <span class='ocr_line' id='line_1_26' title="bbox 244 1353 941 1392; baseline 0 -8"><span class='ocrx_word' id='word_1_148' title='bbox 244 1354 401 1384; x_wconf 88' lang='lat' dir='ltr'>nostrum.</span> <span class='ocrx_word' id='word_1_149' title='bbox 428 1353 519 1391; x_wconf 89' lang='lat' dir='ltr'>Quod</span> <span class='ocrx_word' id='word_1_150' title='bbox 538 1354 622 1383; x_wconf 90' lang='lat' dir='ltr'>male</span> <span class='ocrx_word' id='word_1_151' title='bbox 644 1354 783 1391; x_wconf 83' lang='lat' dir='ltr'>assucti,</span> <span class='ocrx_word' id='word_1_152' title='bbox 799 1355 832 1384; x_wconf 87' lang='lat' dir='ltr'>et</span> <span class='ocrx_word' id='word_1_153' title='bbox 852 1354 941 1392; x_wconf 81' lang='lat' dir='ltr'>ligati</span> 
     </span>
     <span class='ocr_line' id='line_1_27' title="bbox 243 1398 944 1437; baseline 0.003 -9"><span class='ocrx_word' id='word_1_154' title='bbox 243 1399 400 1437; x_wconf 87' lang='lat' dir='ltr'>peccandi</span> <span class='ocrx_word' id='word_1_155' title='bbox 426 1398 686 1429; x_wconf 79' lang='lat' dir='ltr'>consuetudine?</span> <span class='ocrx_word' id='word_1_156' title='bbox 706 1399 768 1428; x_wconf 87' lang='lat' dir='ltr'>Sed</span> <span class='ocrx_word' id='word_1_157' title='bbox 793 1401 944 1430; x_wconf 70' lang='lat' dir='ltr'>Dominus</span> 
     </span>
     <span class='ocr_line' id='line_1_28' title="bbox 243 1420 959 1521; baseline 0.003 -48"><span class='ocrx_word' id='word_1_158' title='bbox 243 1446 331 1475; x_wconf 63' lang='lat' dir='ltr'>solvit</span> <span class='ocrx_word' id='word_1_159' title='bbox 352 1446 543 1484; x_wconf 81' lang='lat' dir='ltr'>compeditos.</span> <span class='ocrx_word' id='word_1_160' title='bbox 559 1445 653 1474; x_wconf 85' lang='lat' dir='ltr'>Forte</span> <span class='ocrx_word' id='word_1_161' title='bbox 666 1453 708 1474; x_wconf 94' lang='lat' dir='ltr'>ne</span> <span class='ocrx_word' id='word_1_162' title='bbox 723 1445 868 1475; x_wconf 86' lang='lat' dir='ltr'>irritatus</span> <span class='ocrx_word' id='word_1_163' title='bbox 882 1420 959 1521; x_wconf 63' lang='grc' dir='ltr'>ἰαὶ-1</span> 
     </span>
     <span class='ocr_line' id='line_1_29' title="bbox 243 1490 941 1527; baseline 0.001 -9"><span class='ocrx_word' id='word_1_164' title='bbox 243 1490 400 1520; x_wconf 75' lang='lat' dir='ltr'>munitate</span> <span class='ocrx_word' id='word_1_165' title='bbox 437 1491 470 1520; x_wconf 89' lang='lat' dir='ltr'>et</span> <span class='ocrx_word' id='word_1_166' title='bbox 495 1490 705 1519; x_wconf 89' lang='lat' dir='ltr'>multitudine</span> <span class='ocrx_word' id='word_1_167' title='bbox 740 1490 912 1519; x_wconf 87' lang='lat' dir='ltr'>criminum</span> <span class='ocrx_word' id='word_1_168' title='bbox 933 1513 941 1527; x_wconf 77' lang='lat'>,</span> 
     </span>
     <span class='ocr_line' id='line_1_30' title="bbox 244 1530 959 1574; baseline 0.001 -10"><span class='ocrx_word' id='word_1_169' title='bbox 244 1536 417 1566; x_wconf 88' lang='lat' dir='ltr'>cunctetur</span> <span class='ocrx_word' id='word_1_170' title='bbox 436 1535 600 1574; x_wconf 82' lang='lat' dir='ltr'>porrigere</span> <span class='ocrx_word' id='word_1_171' title='bbox 620 1543 750 1564; x_wconf 86' lang='lat' dir='ltr'>manum</span> <span class='ocrx_word' id='word_1_172' title='bbox 765 1535 917 1572; x_wconf 86' lang='lat' dir='ltr'>adjutorii</span> <span class='ocrx_word' id='word_1_173' title='bbox 932 1530 959 1565; x_wconf 67' lang='grc' dir='ltr'><strong>ἓῖ</strong></span> 
     </span>
    </p>
   </div>
   <div class='ocr_carea' id='block_1_2' title="bbox 721 212 1220 242">
    <p class='ocr_par' dir='ltr' id='par_1_3' title="bbox 721 212 1220 242">
     <span class='ocr_line' id='line_1_31' title="bbox 721 212 1220 242; baseline 0 -1"><span class='ocrx_word' id='word_1_174' title='bbox 721 214 753 242; x_wconf 88' lang='lat' dir='ltr'>S.</span> <span class='ocrx_word' id='word_1_175' title='bbox 773 212 1006 242; x_wconf 78' lang='lat' dir='ltr'><strong>BERNARDI</strong></span> <span class='ocrx_word' id='word_1_176' title='bbox 1025 212 1220 241; x_wconf 81' lang='lat' dir='ltr'>ABBATIS</span> 
     </span>
    </p>
   </div>
   <div class='ocr_carea' id='block_1_3' title="bbox 973 265 1681 1571">
    <p class='ocr_par' dir='ltr' id='par_1_4' title="bbox 977 265 1681 1111">
     <span class='ocr_line' id='line_1_32' title="bbox 985 265 1681 308; baseline 0.009 -14"><span class='ocrx_word' id='word_1_177' title='bbox 985 265 1135 295; x_wconf 89' lang='lat' dir='ltr'>censetur</span> <span class='ocrx_word' id='word_1_178' title='bbox 1161 266 1292 305; x_wconf 87' lang='lat' dir='ltr'>propter</span> <span class='ocrx_word' id='word_1_179' title='bbox 1318 268 1622 308; x_wconf 57' lang='lat' dir='ltr'>praesumptionem,</span> <span class='ocrx_word' id='word_1_180' title='bbox 1647 269 1681 301; x_wconf 76' lang='lat' dir='ltr'>et</span> 
     </span>
     <span class='ocr_line' id='line_1_33' title="bbox 983 308 1679 353; baseline 0.01 -15"><span class='ocrx_word' id='word_1_181' title='bbox 983 308 1023 338; x_wconf 90' lang='lat' dir='ltr'>de</span> <span class='ocrx_word' id='word_1_182' title='bbox 1038 317 1095 339; x_wconf 83' lang='lat' dir='ltr'>sua</span> <span class='ocrx_word' id='word_1_183' title='bbox 1110 309 1212 348; x_wconf 86' lang='lat' dir='ltr'>ipsius</span> <span class='ocrx_word' id='word_1_184' title='bbox 1227 313 1460 345; x_wconf 88' lang='lat' dir='ltr'>commonenda</span> <span class='ocrx_word' id='word_1_185' title='bbox 1475 314 1656 352; x_wconf 83' lang='lat' dir='ltr'>cognitione</span> <span class='ocrx_word' id='word_1_186' title='bbox 1668 336 1679 353; x_wconf 93' lang='lat'>‚</span> 
     </span>
     <span class='ocr_line' id='line_1_34' title="bbox 983 353 1681 398; baseline 0.011 -16"><span class='ocrx_word' id='word_1_187' title='bbox 983 353 1017 383; x_wconf 88' lang='lat' dir='ltr'>in</span> <span class='ocrx_word' id='word_1_188' title='bbox 1040 363 1104 392; x_wconf 91' lang='lat' dir='ltr'>qua</span> <span class='ocrx_word' id='word_1_189' title='bbox 1127 355 1282 386; x_wconf 89' lang='lat' dir='ltr'>nimirum</span> <span class='ocrx_word' id='word_1_190' title='bbox 1306 358 1376 389; x_wconf 87' lang='lat' dir='ltr'>visa</span> <span class='ocrx_word' id='word_1_191' title='bbox 1403 360 1453 390; x_wconf 89' lang='lat' dir='ltr'>est</span> <span class='ocrx_word' id='word_1_192' title='bbox 1477 360 1681 398; x_wconf 84' lang='lat' dir='ltr'>aliquatenus</span> 
     </span>
     <span class='ocr_line' id='line_1_35' title="bbox 983 399 1680 438; baseline 0.011 -11"><span class='ocrx_word' id='word_1_193' title='bbox 983 399 1139 438; x_wconf 80' lang='lat' dir='ltr'>caligare,</span> <span class='ocrx_word' id='word_1_194' title='bbox 1159 409 1231 438; x_wconf 85' lang='lat' dir='ltr'>quae</span> <span class='ocrx_word' id='word_1_195' title='bbox 1251 402 1349 432; x_wconf 81' lang='lat' dir='ltr'>tantae</span> <span class='ocrx_word' id='word_1_196' title='bbox 1373 412 1407 434; x_wconf 90' lang='lat' dir='ltr'>se</span> <span class='ocrx_word' id='word_1_197' title='bbox 1422 404 1589 434; x_wconf 85' lang='lat' dir='ltr'>aestimarit</span> <span class='ocrx_word' id='word_1_198' title='bbox 1609 405 1680 435; x_wconf 81' lang='lat' dir='ltr'>ido·</span> 
     </span>
     <span class='ocr_line' id='line_1_36' title="bbox 982 444 1680 479; baseline 0.01 -7"><span class='ocrx_word' id='word_1_199' title='bbox 982 451 1077 473; x_wconf 88' lang='lat' dir='ltr'>neam</span> <span class='ocrx_word' id='word_1_200' title='bbox 1100 444 1222 475; x_wconf 83' lang='lat' dir='ltr'>visioni</span> <span class='ocrx_word' id='word_1_201' title='bbox 1249 455 1258 475; x_wconf 91' lang='lat'><strong>:</strong></span> <span class='ocrx_word' id='word_1_202' title='bbox 1286 447 1354 477; x_wconf 82' lang='lat' dir='ltr'>sive</span> <span class='ocrx_word' id='word_1_203' title='bbox 1374 450 1483 479; x_wconf 88' lang='lat' dir='ltr'>minus</span> <span class='ocrx_word' id='word_1_204' title='bbox 1508 449 1680 479; x_wconf 81' lang='lat' dir='ltr'>attendens</span> 
     </span>
     <span class='ocr_line' id='line_1_37' title="bbox 982 493 1677 533; baseline 0.01 -15"><span class='ocrx_word' id='word_1_205' title='bbox 982 496 1046 525; x_wconf 86' lang='lat' dir='ltr'>prae</span> <span class='ocrx_word' id='word_1_206' title='bbox 1062 498 1199 520; x_wconf 85' lang='lat' dir='ltr'>excessu</span> <span class='ocrx_word' id='word_1_207' title='bbox 1210 499 1281 529; x_wconf 90' lang='lat' dir='ltr'>suo,</span> <span class='ocrx_word' id='word_1_208' title='bbox 1294 493 1378 530; x_wconf 92' lang='lat' dir='ltr'>quod</span> <span class='ocrx_word' id='word_1_209' title='bbox 1386 495 1470 524; x_wconf 87' lang='lat' dir='ltr'>esset</span> <span class='ocrx_word' id='word_1_210' title='bbox 1481 495 1514 524; x_wconf 89' lang='lat' dir='ltr'>in</span> <span class='ocrx_word' id='word_1_211' title='bbox 1526 503 1657 533; x_wconf 88' lang='lat' dir='ltr'>corpore</span> <span class='ocrx_word' id='word_1_212' title='bbox 1668 502 1677 524; x_wconf 74' lang='grc' dir='ltr'><strong><em>ε</em></strong></span> 
     </span>
     <span class='ocr_line' id='line_1_38' title="bbox 981 533 1681 575; baseline 0.009 -11"><span class='ocrx_word' id='word_1_213' title='bbox 981 533 1050 565; x_wconf 87' lang='lat' dir='ltr'>sive</span> <span class='ocrx_word' id='word_1_214' title='bbox 1062 535 1179 566; x_wconf 84' lang='lat' dir='ltr'>frustra</span> <span class='ocrx_word' id='word_1_215' title='bbox 1203 545 1353 575; x_wconf 81' lang='lat' dir='ltr'>sperans,</span> <span class='ocrx_word' id='word_1_216' title='bbox 1376 539 1477 568; x_wconf 87' lang='lat' dir='ltr'>etiam</span> <span class='ocrx_word' id='word_1_217' title='bbox 1491 540 1681 570; x_wconf 85' lang='lat' dir='ltr'>manentem</span> 
     </span>
     <span class='ocr_line' id='line_1_39' title="bbox 981 579 1680 622; baseline 0.01 -13"><span class='ocrx_word' id='word_1_218' title='bbox 981 579 1014 609; x_wconf 92' lang='lat' dir='ltr'>in</span> <span class='ocrx_word' id='word_1_219' title='bbox 1030 588 1162 620; x_wconf 90' lang='lat' dir='ltr'>corpore</span> <span class='ocrx_word' id='word_1_220' title='bbox 1175 583 1214 612; x_wconf 88' lang='lat' dir='ltr'>ad</span> <span class='ocrx_word' id='word_1_221' title='bbox 1229 583 1321 612; x_wconf 91' lang='lat' dir='ltr'>illam</span> <span class='ocrx_word' id='word_1_222' title='bbox 1342 592 1377 613; x_wconf 90' lang='lat' dir='ltr'>se</span> <span class='ocrx_word' id='word_1_223' title='bbox 1391 592 1486 622; x_wconf 88' lang='lat' dir='ltr'>posse</span> <span class='ocrx_word' id='word_1_224' title='bbox 1505 586 1680 615; x_wconf 85' lang='lat' dir='ltr'>inaccessi-</span> 
     </span>
     <span class='ocr_line' id='line_1_40' title="bbox 980 624 1678 667; baseline 0.009 -13"><span class='ocrx_word' id='word_1_225' title='bbox 980 624 1081 655; x_wconf 85' lang='lat' dir='ltr'>bilem</span> <span class='ocrx_word' id='word_1_226' title='bbox 1111 627 1269 658; x_wconf 85' lang='lat' dir='ltr'>accedere</span> <span class='ocrx_word' id='word_1_227' title='bbox 1304 628 1497 659; x_wconf 86' lang='lat' dir='ltr'>claritatem.</span> <span class='ocrx_word' id='word_1_228' title='bbox 1530 631 1609 667; x_wconf 79' lang='lat' dir='ltr'>Ergo</span> <span class='ocrx_word' id='word_1_229' title='bbox 1638 630 1678 660; x_wconf 89' lang='lat' dir='ltr'>ad</span> 
     </span>
     <span class='ocr_line' id='line_1_41' title="bbox 980 670 1679 712; baseline 0.009 -13"><span class='ocrx_word' id='word_1_230' title='bbox 980 670 1118 708; x_wconf 86' lang='lat' dir='ltr'>seipsam</span> <span class='ocrx_word' id='word_1_231' title='bbox 1143 673 1289 711; x_wconf 88' lang='lat' dir='ltr'>protinus</span> <span class='ocrx_word' id='word_1_232' title='bbox 1312 675 1502 712; x_wconf 85' lang='lat' dir='ltr'>revocatur,</span> <span class='ocrx_word' id='word_1_233' title='bbox 1534 675 1567 704; x_wconf 90' lang='lat' dir='ltr'>et</span> <span class='ocrx_word' id='word_1_234' title='bbox 1590 675 1679 712; x_wconf 83' lang='lat' dir='ltr'>igno-</span> 
     </span>
     <span class='ocr_line' id='line_1_42' title="bbox 979 716 1680 757; baseline 0.006 -12"><span class='ocrx_word' id='word_1_235' title='bbox 979 716 1083 747; x_wconf 87' lang='lat' dir='ltr'>rantia</span> <span class='ocrx_word' id='word_1_236' title='bbox 1098 718 1316 757; x_wconf 86' lang='lat' dir='ltr'>convincitur,</span> <span class='ocrx_word' id='word_1_237' title='bbox 1334 719 1368 749; x_wconf 88' lang='lat' dir='ltr'>et</span> <span class='ocrx_word' id='word_1_238' title='bbox 1391 718 1562 749; x_wconf 87' lang='lat' dir='ltr'>insolentia</span> <span class='ocrx_word' id='word_1_239' title='bbox 1582 720 1680 750; x_wconf 86' lang='lat' dir='ltr'>casti-</span> 
     </span>
     <span class='ocr_line' id='line_1_43' title="bbox 979 761 1676 803; baseline 0.006 -13"><span class='ocrx_word' id='word_1_240' title='bbox 979 761 1082 798; x_wconf 83' lang='lat' dir='ltr'>gatur.</span> <span class='ocrx_word' id='word_1_241' title='bbox 1108 765 1143 794; x_wconf 82' lang='lat' dir='ltr'>Si</span> <span class='ocrx_word' id='word_1_242' title='bbox 1161 764 1287 803; x_wconf 76' lang='lat' dir='ltr'>iqnoras</span> <span class='ocrx_word' id='word_1_243' title='bbox 1308 766 1357 801; x_wconf 83' lang='lat' dir='ltr'>te,</span> <span class='ocrx_word' id='word_1_244' title='bbox 1380 763 1506 803; x_wconf 90' lang='lat' dir='ltr'>inquit,</span> <span class='ocrx_word' id='word_1_245' title='bbox 1527 766 1676 802; x_wconf 75' lang='lat' dir='ltr'>eqretlere.</span> 
     </span>
     <span class='ocr_line' id='line_1_44' title="bbox 978 807 1676 847; baseline 0.003 -11"><span class='ocrx_word' id='word_1_246' title='bbox 978 807 1179 839; x_wconf 88' lang='lat' dir='ltr'>Terribiliter</span> <span class='ocrx_word' id='word_1_247' title='bbox 1194 818 1327 847; x_wconf 87' lang='lat' dir='ltr'>sponsus</span> <span class='ocrx_word' id='word_1_248' title='bbox 1335 809 1459 840; x_wconf 86' lang='lat' dir='ltr'>intonat</span> <span class='ocrx_word' id='word_1_249' title='bbox 1471 810 1505 839; x_wconf 91' lang='lat' dir='ltr'>in</span> <span class='ocrx_word' id='word_1_250' title='bbox 1513 810 1676 845; x_wconf 84' lang='lat' dir='ltr'>dilectam,</span> 
     </span>
     <span class='ocr_line' id='line_1_45' title="bbox 978 854 1675 894; baseline 0.001 -12"><span class='ocrx_word' id='word_1_251' title='bbox 978 860 1041 883; x_wconf 91' lang='lat' dir='ltr'>non</span> <span class='ocrx_word' id='word_1_252' title='bbox 1062 854 1228 893; x_wconf 88' lang='lat' dir='ltr'>tamquam</span> <span class='ocrx_word' id='word_1_253' title='bbox 1255 863 1409 894; x_wconf 84' lang='lat' dir='ltr'>sponsus,</span> <span class='ocrx_word' id='word_1_254' title='bbox 1431 856 1487 886; x_wconf 88' lang='lat' dir='ltr'>sed</span> <span class='ocrx_word' id='word_1_255' title='bbox 1512 856 1675 893; x_wconf 88' lang='lat' dir='ltr'>tamquam</span> 
     </span>
     <span class='ocr_line' id='line_1_46' title="bbox 978 898 1675 939; baseline 0.001 -12"><span class='ocrx_word' id='word_1_256' title='bbox 978 898 1149 938; x_wconf 80' lang='lat' dir='ltr'>magister3</span> <span class='ocrx_word' id='word_1_257' title='bbox 1166 901 1198 930; x_wconf 88' lang='lat' dir='ltr'>et</span> <span class='ocrx_word' id='word_1_258' title='bbox 1219 908 1284 930; x_wconf 89' lang='lat' dir='ltr'>non</span> <span class='ocrx_word' id='word_1_259' title='bbox 1304 901 1395 939; x_wconf 86' lang='lat' dir='ltr'>quasi</span> <span class='ocrx_word' id='word_1_260' title='bbox 1419 901 1539 938; x_wconf 85' lang='lat' dir='ltr'>iratus,</span> <span class='ocrx_word' id='word_1_261' title='bbox 1560 900 1616 930; x_wconf 83' lang='lat' dir='ltr'>sed</span> <span class='ocrx_word' id='word_1_262' title='bbox 1638 900 1675 929; x_wconf 83' lang='lat' dir='ltr'>ut</span> 
     </span>
     <span class='ocr_line' id='line_1_47' title="bbox 978 943 1674 984; baseline 0.001 -11"><span class='ocrx_word' id='word_1_263' title='bbox 978 943 1091 974; x_wconf 85' lang='lat' dir='ltr'>territa</span> <span class='ocrx_word' id='word_1_264' title='bbox 1103 945 1296 983; x_wconf 86' lang='lat' dir='ltr'>purgaretur</span> <span class='ocrx_word' id='word_1_265' title='bbox 1304 967 1313 984; x_wconf 89' lang='lat'>,</span> <span class='ocrx_word' id='word_1_266' title='bbox 1329 947 1464 984; x_wconf 81' lang='lat' dir='ltr'>purgata</span> <span class='ocrx_word' id='word_1_267' title='bbox 1478 946 1591 976; x_wconf 91' lang='lat' dir='ltr'>idonea</span> <span class='ocrx_word' id='word_1_268' title='bbox 1600 944 1674 974; x_wconf 87' lang='lat' dir='ltr'>red-</span> 
     </span>
     <span class='ocr_line' id='line_1_48' title="bbox 978 989 1672 1029; baseline 0.001 -11"><span class='ocrx_word' id='word_1_269' title='bbox 978 989 1110 1019; x_wconf 89' lang='lat' dir='ltr'>deretur</span> <span class='ocrx_word' id='word_1_270' title='bbox 1125 990 1201 1019; x_wconf 90' lang='lat' dir='ltr'>huic</span> <span class='ocrx_word' id='word_1_271' title='bbox 1217 990 1299 1029; x_wconf 86' lang='lat' dir='ltr'>ipsi,</span> <span class='ocrx_word' id='word_1_272' title='bbox 1315 991 1369 1020; x_wconf 89' lang='lat' dir='ltr'>cui</span> <span class='ocrx_word' id='word_1_273' title='bbox 1396 991 1502 1021; x_wconf 84' lang='lat' dir='ltr'>inhiat</span> <span class='ocrx_word' id='word_1_274' title='bbox 1516 1013 1526 1028; x_wconf 92' lang='lat'>,</span> <span class='ocrx_word' id='word_1_275' title='bbox 1541 990 1672 1021; x_wconf 80' lang='lat' dir='ltr'>visioni.</span> 
     </span>
     <span class='ocr_line' id='line_1_49' title="bbox 977 1034 1675 1075; baseline 0.003 -12"><span class='ocrx_word' id='word_1_276' title='bbox 977 1034 1237 1066; x_wconf 83' lang='lat' dir='ltr'>Mundicordibus</span> <span class='ocrx_word' id='word_1_277' title='bbox 1246 1044 1364 1075; x_wconf 83' lang='lat' dir='ltr'>nempe</span> <span class='ocrx_word' id='word_1_278' title='bbox 1379 1036 1436 1066; x_wconf 89' lang='lat' dir='ltr'>illa</span> <span class='ocrx_word' id='word_1_279' title='bbox 1446 1036 1529 1067; x_wconf 80' lang='lat' dir='ltr'>visio</span> <span class='ocrx_word' id='word_1_280' title='bbox 1543 1044 1675 1074; x_wconf 86' lang='lat' dir='ltr'>seques·</span> 
     </span>
     <span class='ocr_line' id='line_1_50' title="bbox 977 1080 1091 1111; baseline 0.018 -2"><span class='ocrx_word' id='word_1_281' title='bbox 977 1080 1091 1111; x_wconf 88' lang='lat' dir='ltr'>tratur.</span> 
     </span>
    </p>

    <p class='ocr_par' dir='ltr' id='par_1_5' title="bbox 973 1124 1676 1571">
     <span class='ocr_line' id='line_1_51' title="bbox 1014 1124 1675 1165; baseline 0 -10"><span class='ocrx_word' id='word_1_282' title='bbox 1014 1125 1046 1155; x_wconf 71' lang='lat'>4.</span> <span class='ocrx_word' id='word_1_283' title='bbox 1062 1126 1178 1157; x_wconf 89' lang='lat' dir='ltr'>Pulcre</span> <span class='ocrx_word' id='word_1_284' title='bbox 1193 1127 1301 1157; x_wconf 87' lang='lat' dir='ltr'>autem</span> <span class='ocrx_word' id='word_1_285' title='bbox 1312 1127 1478 1165; x_wconf 85' lang='lat' dir='ltr'>pulcram,</span> <span class='ocrx_word' id='word_1_286' title='bbox 1492 1134 1557 1156; x_wconf 89' lang='lat' dir='ltr'>non</span> <span class='ocrx_word' id='word_1_287' title='bbox 1567 1124 1675 1156; x_wconf 84' lang='lat' dir='ltr'>omni-</span> 
     </span>
     <span class='ocr_line' id='line_1_52' title="bbox 976 1171 1676 1211; baseline 0.001 -11"><span class='ocrx_word' id='word_1_288' title='bbox 976 1171 1069 1202; x_wconf 89' lang='lat' dir='ltr'>mode</span> <span class='ocrx_word' id='word_1_289' title='bbox 1091 1172 1244 1210; x_wconf 89' lang='lat' dir='ltr'>quidem,</span> <span class='ocrx_word' id='word_1_290' title='bbox 1266 1173 1325 1202; x_wconf 91' lang='lat' dir='ltr'>sed</span> <span class='ocrx_word' id='word_1_291' title='bbox 1338 1173 1487 1211; x_wconf 90' lang='lat' dir='ltr'>pulcram</span> <span class='ocrx_word' id='word_1_292' title='bbox 1502 1172 1588 1202; x_wconf 89' lang='lat' dir='ltr'>inter</span> <span class='ocrx_word' id='word_1_293' title='bbox 1602 1179 1676 1201; x_wconf 86' lang='lat' dir='ltr'>mu·</span> 
     </span>
     <span class='ocr_line' id='line_1_53' title="bbox 976 1217 1675 1257; baseline -0.001 -10"><span class='ocrx_word' id='word_1_294' title='bbox 976 1217 1072 1248; x_wconf 85' lang='lat' dir='ltr'>lieres</span> <span class='ocrx_word' id='word_1_295' title='bbox 1086 1226 1157 1248; x_wconf 89' lang='lat' dir='ltr'>eam</span> <span class='ocrx_word' id='word_1_296' title='bbox 1173 1218 1270 1257; x_wconf 85' lang='lat' dir='ltr'>dicit,</span> <span class='ocrx_word' id='word_1_297' title='bbox 1284 1218 1440 1249; x_wconf 82' lang='lat' dir='ltr'>videlicet</span> <span class='ocrx_word' id='word_1_298' title='bbox 1451 1226 1525 1248; x_wconf 93' lang='lat' dir='ltr'>cum</span> <span class='ocrx_word' id='word_1_299' title='bbox 1540 1217 1675 1247; x_wconf 87' lang='lat' dir='ltr'>distinc-</span> 
     </span>
     <span class='ocr_line' id='line_1_54' title="bbox 975 1262 1673 1302; baseline 0 -10"><span class='ocrx_word' id='word_1_300' title='bbox 975 1263 1086 1293; x_wconf 79' lang='lat' dir='ltr'>t10ne:</span> <span class='ocrx_word' id='word_1_301' title='bbox 1108 1265 1268 1302; x_wconf 87' lang='lat' dir='ltr'>quatenus</span> <span class='ocrx_word' id='word_1_302' title='bbox 1287 1265 1374 1294; x_wconf 80' lang='lat' dir='ltr'>etex</span> <span class='ocrx_word' id='word_1_303' title='bbox 1387 1264 1447 1293; x_wconf 90' lang='lat' dir='ltr'>hoc</span> <span class='ocrx_word' id='word_1_304' title='bbox 1463 1262 1601 1302; x_wconf 89' lang='lat' dir='ltr'>amplius</span> <span class='ocrx_word' id='word_1_305' title='bbox 1622 1270 1673 1292; x_wconf 90' lang='lat' dir='ltr'>re-</span> 
     </span>
     <span class='ocr_line' id='line_1_55' title="bbox 975 1307 1672 1348; baseline -0.003 -10"><span class='ocrx_word' id='word_1_306' title='bbox 975 1309 1154 1347; x_wconf 84' lang='lat' dir='ltr'>primatur,</span> <span class='ocrx_word' id='word_1_307' title='bbox 1169 1310 1203 1339; x_wconf 89' lang='lat' dir='ltr'>et</span> <span class='ocrx_word' id='word_1_308' title='bbox 1223 1309 1304 1339; x_wconf 89' lang='lat' dir='ltr'>sciat</span> <span class='ocrx_word' id='word_1_309' title='bbox 1321 1308 1400 1348; x_wconf 91' lang='lat' dir='ltr'>quid</span> <span class='ocrx_word' id='word_1_310' title='bbox 1419 1308 1504 1338; x_wconf 89' lang='lat' dir='ltr'>desit</span> <span class='ocrx_word' id='word_1_311' title='bbox 1519 1307 1593 1337; x_wconf 86' lang='lat' dir='ltr'>sibi.</span> <span class='ocrx_word' id='word_1_312' title='bbox 1609 1308 1672 1345; x_wconf 84' lang='lat' dir='ltr'>Ego</span> 
     </span>
     <span class='ocr_line' id='line_1_56' title="bbox 975 1353 1672 1393; baseline -0.003 -9"><span class='ocrx_word' id='word_1_313' title='bbox 975 1354 1062 1384; x_wconf 86' lang='lat' dir='ltr'>enim</span> <span class='ocrx_word' id='word_1_314' title='bbox 1081 1355 1159 1393; x_wconf 90' lang='lat' dir='ltr'>puto</span> <span class='ocrx_word' id='word_1_315' title='bbox 1174 1355 1351 1385; x_wconf 89' lang='lat' dir='ltr'>mulierum</span> <span class='ocrx_word' id='word_1_316' title='bbox 1366 1353 1498 1383; x_wconf 90' lang='lat' dir='ltr'>nomine</span> <span class='ocrx_word' id='word_1_317' title='bbox 1519 1353 1580 1382; x_wconf 92' lang='lat' dir='ltr'>hoc</span> <span class='ocrx_word' id='word_1_318' title='bbox 1601 1353 1672 1382; x_wconf 92' lang='lat' dir='ltr'>loco</span> 
     </span>
     <span class='ocr_line' id='line_1_57' title="bbox 974 1397 1672 1437; baseline -0.003 -9"><span class='ocrx_word' id='word_1_319' title='bbox 974 1400 1151 1437; x_wconf 87' lang='lat' dir='ltr'>appellatas</span> <span class='ocrx_word' id='word_1_320' title='bbox 1173 1399 1296 1429; x_wconf 87' lang='lat' dir='ltr'>animas</span> <span class='ocrx_word' id='word_1_321' title='bbox 1321 1398 1464 1428; x_wconf 86' lang='lat' dir='ltr'>carnales</span> <span class='ocrx_word' id='word_1_322' title='bbox 1484 1406 1520 1427; x_wconf 89' lang='lat' dir='ltr'>ac</span> <span class='ocrx_word' id='word_1_323' title='bbox 1542 1397 1672 1428; x_wconf 82' lang='lat' dir='ltr'>saecula-</span> 
     </span>
     <span class='ocr_line' id='line_1_58' title="bbox 974 1441 1672 1480; baseline -0.004 -7"><span class='ocrx_word' id='word_1_324' title='bbox 974 1452 1025 1473; x_wconf 87' lang='lat' dir='ltr'>res</span> <span class='ocrx_word' id='word_1_325' title='bbox 1036 1465 1046 1480; x_wconf 86' lang='lat'>,</span> <span class='ocrx_word' id='word_1_326' title='bbox 1075 1444 1159 1473; x_wconf 89' lang='lat' dir='ltr'>nihil</span> <span class='ocrx_word' id='word_1_327' title='bbox 1180 1443 1214 1473; x_wconf 92' lang='lat' dir='ltr'>in</span> <span class='ocrx_word' id='word_1_328' title='bbox 1230 1452 1264 1474; x_wconf 89' lang='lat' dir='ltr'>se</span> <span class='ocrx_word' id='word_1_329' title='bbox 1279 1443 1374 1473; x_wconf 85' lang='lat' dir='ltr'>virile</span> <span class='ocrx_word' id='word_1_330' title='bbox 1396 1442 1572 1480; x_wconf 85' lang='lat' dir='ltr'>habentes,</span> <span class='ocrx_word' id='word_1_331' title='bbox 1587 1441 1672 1471; x_wconf 88' lang='lat' dir='ltr'>nihil</span> 
     </span>
     <span class='ocr_line' id='line_1_59' title="bbox 974 1486 1672 1518; baseline -0.001 -1"><span class='ocrx_word' id='word_1_332' title='bbox 974 1488 1055 1518; x_wconf 81' lang='lat' dir='ltr'>forte</span> <span class='ocrx_word' id='word_1_333' title='bbox 1072 1489 1128 1518; x_wconf 91' lang='lat' dir='ltr'>aut</span> <span class='ocrx_word' id='word_1_334' title='bbox 1153 1489 1300 1518; x_wconf 86' lang='lat' dir='ltr'>constans</span> <span class='ocrx_word' id='word_1_335' title='bbox 1324 1488 1360 1517; x_wconf 89' lang='lat' dir='ltr'>in</span> <span class='ocrx_word' id='word_1_336' title='bbox 1376 1488 1442 1517; x_wconf 88' lang='lat' dir='ltr'>suis</span> <span class='ocrx_word' id='word_1_337' title='bbox 1466 1488 1590 1517; x_wconf 87' lang='lat' dir='ltr'>actibus</span> <span class='ocrx_word' id='word_1_338' title='bbox 1614 1486 1672 1516; x_wconf 86' lang='lat' dir='ltr'>de-</span> 
     </span>
     <span class='ocr_line' id='line_1_60' title="bbox 973 1532 1672 1571; baseline -0.001 -9"><span class='ocrx_word' id='word_1_339' title='bbox 973 1534 1208 1571; x_wconf 75' lang='lat' dir='ltr'>monstrantes,</span> <span class='ocrx_word' id='word_1_340' title='bbox 1224 1534 1278 1563; x_wconf 86' lang='lat' dir='ltr'>sed</span> <span class='ocrx_word' id='word_1_341' title='bbox 1297 1534 1403 1563; x_wconf 90' lang='lat' dir='ltr'>totum</span> <span class='ocrx_word' id='word_1_342' title='bbox 1417 1533 1588 1563; x_wconf 88' lang='lat' dir='ltr'>remissum</span> <span class='ocrx_word' id='word_1_343' title='bbox 1600 1554 1609 1570; x_wconf 95' lang='lat'>,</span> <span class='ocrx_word' id='word_1_344' title='bbox 1620 1532 1672 1561; x_wconf 86' lang='lat' dir='ltr'>to-</span> 
     </span>
    </p>
   </div>
   <div class='ocr_carea' id='block_1_4' title="bbox 239 1577 1671 2665">
    <p class='ocr_par' dir='ltr' id='par_1_6' title="bbox 239 1577 1671 2115">
     <span class='ocr_line' id='line_1_61' title="bbox 242 1577 1670 1619; baseline -0.004 -8"><span class='ocrx_word' id='word_1_345' title='bbox 242 1581 308 1611; x_wconf 86' lang='lat' dir='ltr'>Sed</span> <span class='ocrx_word' id='word_1_346' title='bbox 328 1582 386 1611; x_wconf 85' lang='lat' dir='ltr'>ubi</span> <span class='ocrx_word' id='word_1_347' title='bbox 415 1581 592 1612; x_wconf 75' lang='lat' dir='ltr'>abundavit</span> <span class='ocrx_word' id='word_1_348' title='bbox 616 1580 790 1618; x_wconf 89' lang='lat' dir='ltr'>delictum,</span> <span class='ocrx_word' id='word_1_349' title='bbox 813 1589 943 1619; x_wconf 84' lang='lat' dir='ltr'>supera·</span> <span class='ocrx_word' id='word_1_350' title='bbox 973 1578 1042 1607; x_wconf 69' lang='lat' dir='ltr'>tsm</span> <span class='ocrx_word' id='word_1_351' title='bbox 1063 1577 1242 1608; x_wconf 87' lang='lat' dir='ltr'>femineum</span> <span class='ocrx_word' id='word_1_352' title='bbox 1261 1578 1294 1607; x_wconf 91' lang='lat' dir='ltr'>et</span> <span class='ocrx_word' id='word_1_353' title='bbox 1313 1578 1410 1607; x_wconf 90' lang='lat' dir='ltr'>molle</span> <span class='ocrx_word' id='word_1_354' title='bbox 1432 1577 1518 1616; x_wconf 90' lang='lat' dir='ltr'>quod</span> <span class='ocrx_word' id='word_1_355' title='bbox 1532 1577 1670 1613; x_wconf 82' lang='lat' dir='ltr'>vivunt,</span> 
     </span>
     <span class='ocr_line' id='line_1_62' title="bbox 243 1621 1668 1666; baseline -0.004 -10"><span class='ocrx_word' id='word_1_356' title='bbox 243 1625 389 1657; x_wconf 86' lang='lat' dir='ltr'>bundare</span> <span class='ocrx_word' id='word_1_357' title='bbox 402 1628 435 1658; x_wconf 84' lang='lat' dir='ltr'>et</span> <span class='ocrx_word' id='word_1_358' title='bbox 449 1626 550 1665; x_wconf 82' lang='lat' dir='ltr'>gratia</span> <span class='ocrx_word' id='word_1_359' title='bbox 563 1626 743 1656; x_wconf 79' lang='lat' dir='ltr'>consuevit.</span> <span class='ocrx_word' id='word_1_360' title='bbox 757 1627 803 1655; x_wconf 79' lang='lat' dir='ltr'>An</span> <span class='ocrx_word' id='word_1_361' title='bbox 819 1626 859 1656; x_wconf 85' lang='lat' dir='ltr'>dc</span> <span class='ocrx_word' id='word_1_362' title='bbox 870 1635 943 1656; x_wconf 80' lang='lat' dir='ltr'>vcs-</span> <span class='ocrx_word' id='word_1_363' title='bbox 973 1623 1006 1652; x_wconf 83' lang='lat' dir='ltr'>et</span> <span class='ocrx_word' id='word_1_364' title='bbox 1020 1623 1106 1661; x_wconf 90' lang='lat' dir='ltr'>quod</span> <span class='ocrx_word' id='word_1_365' title='bbox 1115 1624 1223 1661; x_wconf 78' lang='lat' dir='ltr'>agunt.</span> <span class='ocrx_word' id='word_1_366' title='bbox 1237 1623 1421 1661; x_wconf 88' lang='lat' dir='ltr'>Spirilualis</span> <span class='ocrx_word' id='word_1_367' title='bbox 1429 1622 1537 1666; x_wconf 84' lang='lat' dir='ltr'>autem</span> <span class='ocrx_word' id='word_1_368' title='bbox 1551 1621 1668 1659; x_wconf 88' lang='lat' dir='ltr'>anima,</span> 
     </span>
     <span class='ocr_line' id='line_1_63' title="bbox 242 1668 1670 1708; baseline -0.002 -8"><span class='ocrx_word' id='word_1_369' title='bbox 242 1671 381 1702; x_wconf 81' lang='lat' dir='ltr'>timento</span> <span class='ocrx_word' id='word_1_370' title='bbox 397 1671 529 1701; x_wconf 81' lang='lat' dir='ltr'>solliciti</span> <span class='ocrx_word' id='word_1_371' title='bbox 553 1671 648 1707; x_wconf 89' lang='lat' dir='ltr'>estis,</span> <span class='ocrx_word' id='word_1_372' title='bbox 670 1671 724 1700; x_wconf 87' lang='lat' dir='ltr'>vel</span> <span class='ocrx_word' id='word_1_373' title='bbox 740 1671 830 1708; x_wconf 80' lang='lat' dir='ltr'>cibe,</span> <span class='ocrx_word' id='word_1_374' title='bbox 847 1673 942 1702; x_wconf 82' lang='lat' dir='ltr'>caete·</span> <span class='ocrx_word' id='word_1_375' title='bbox 973 1669 1033 1698; x_wconf 88' lang='lat' dir='ltr'>etsi</span> <span class='ocrx_word' id='word_1_376' title='bbox 1048 1668 1123 1698; x_wconf 89' lang='lat' dir='ltr'>inde</span> <span class='ocrx_word' id='word_1_377' title='bbox 1145 1668 1213 1706; x_wconf 83' lang='lat' dir='ltr'>jam</span> <span class='ocrx_word' id='word_1_378' title='bbox 1233 1669 1346 1707; x_wconf 86' lang='lat' dir='ltr'>pulcra</span> <span class='ocrx_word' id='word_1_379' title='bbox 1366 1668 1452 1706; x_wconf 87' lang='lat' dir='ltr'>quod</span> <span class='ocrx_word' id='word_1_380' title='bbox 1473 1676 1538 1697; x_wconf 87' lang='lat' dir='ltr'>nou</span> <span class='ocrx_word' id='word_1_381' title='bbox 1553 1676 1670 1698; x_wconf 84' lang='lat' dir='ltr'>secun-</span> 
     </span>
     <span class='ocr_line' id='line_1_64' title="bbox 243 1713 1669 1755; baseline -0.003 -9"><span class='ocrx_word' id='word_1_382' title='bbox 243 1716 353 1755; x_wconf 88' lang='lat' dir='ltr'>risque</span> <span class='ocrx_word' id='word_1_383' title='bbox 388 1716 513 1755; x_wconf 90' lang='lat' dir='ltr'>corpori</span> <span class='ocrx_word' id='word_1_384' title='bbox 538 1717 646 1747; x_wconf 82' lang='lat' dir='ltr'>vestro</span> <span class='ocrx_word' id='word_1_385' title='bbox 674 1716 883 1754; x_wconf 81' lang='lat' dir='ltr'>necessariis3</span> <span class='ocrx_word' id='word_1_386' title='bbox 910 1717 941 1746; x_wconf 83' lang='lat' dir='ltr'>et</span> <span class='ocrx_word' id='word_1_387' title='bbox 955 1723 958 1728; x_wconf 92' lang='lat'><em>·</em></span> <span class='ocrx_word' id='word_1_388' title='bbox 972 1713 1049 1743; x_wconf 90' lang='lat' dir='ltr'>dum</span> <span class='ocrx_word' id='word_1_389' title='bbox 1073 1722 1204 1743; x_wconf 86' lang='lat' dir='ltr'>carnem</span> <span class='ocrx_word' id='word_1_390' title='bbox 1228 1714 1389 1751; x_wconf 88' lang='lat' dir='ltr'>ambulat,</span> <span class='ocrx_word' id='word_1_391' title='bbox 1411 1713 1469 1743; x_wconf 89' lang='lat' dir='ltr'>sed</span> <span class='ocrx_word' id='word_1_392' title='bbox 1494 1713 1669 1743; x_wconf 90' lang='lat' dir='ltr'>secundum</span> 
     </span>
     <span class='ocr_line' id='line_1_65' title="bbox 242 1751 1670 1801; baseline -0.002 -10"><span class='ocrx_word' id='word_1_393' title='bbox 242 1763 414 1801; x_wconf 81' lang='lat' dir='ltr'>propterea</span> <span class='ocrx_word' id='word_1_394' title='bbox 440 1762 637 1793; x_wconf 87' lang='lat' dir='ltr'>cunctamini</span> <span class='ocrx_word' id='word_1_395' title='bbox 661 1762 847 1800; x_wconf 80' lang='lat' dir='ltr'>relinquere</span> <span class='ocrx_word' id='word_1_396' title='bbox 868 1770 941 1792; x_wconf 83' lang='lat' dir='ltr'>ves·</span> <span class='ocrx_word' id='word_1_397' title='bbox 954 1751 958 1796; x_wconf 60' lang='grc' dir='ltr'><em>ζ</em></span> <span class='ocrx_word' id='word_1_398' title='bbox 971 1759 1142 1798; x_wconf 78' lang='lat' dir='ltr'>spiritum3</span> <span class='ocrx_word' id='word_1_399' title='bbox 1160 1768 1202 1789; x_wconf 88' lang='lat' dir='ltr'>ex</span> <span class='ocrx_word' id='word_1_400' title='bbox 1225 1768 1262 1789; x_wconf 91' lang='lat' dir='ltr'>eo</span> <span class='ocrx_word' id='word_1_401' title='bbox 1278 1759 1387 1789; x_wconf 83' lang='lat' dir='ltr'>tamen</span> <span class='ocrx_word' id='word_1_402' title='bbox 1408 1759 1492 1798; x_wconf 88' lang='lat' dir='ltr'>quod</span> <span class='ocrx_word' id='word_1_403' title='bbox 1512 1759 1616 1789; x_wconf 84' lang='lat' dir='ltr'>adhuc</span> <span class='ocrx_word' id='word_1_404' title='bbox 1637 1759 1670 1788; x_wconf 91' lang='lat' dir='ltr'>in</span> 
     </span>
     <span class='ocr_line' id='line_1_66' title="bbox 241 1802 1671 1846; baseline -0.002 -9"><span class='ocrx_word' id='word_1_405' title='bbox 241 1807 311 1838; x_wconf 83' lang='lat' dir='ltr'>tra?</span> <span class='ocrx_word' id='word_1_406' title='bbox 326 1808 388 1838; x_wconf 89' lang='lat' dir='ltr'>Sed</span> <span class='ocrx_word' id='word_1_407' title='bbox 401 1808 461 1838; x_wconf 88' lang='lat' dir='ltr'>scit</span> <span class='ocrx_word' id='word_1_408' title='bbox 472 1808 546 1846; x_wconf 85' lang='lat' dir='ltr'>quia</span> <span class='ocrx_word' id='word_1_409' title='bbox 559 1807 610 1837; x_wconf 87' lang='lat' dir='ltr'>his</span> <span class='ocrx_word' id='word_1_410' title='bbox 621 1807 939 1846; x_wconf 80' lang='lat' dir='ltr'>omnibusindigetis.</span> <span class='ocrx_word' id='word_1_411' title='bbox 955 1802 957 1832; x_wconf 71' lang='grc' dir='ltr'>ἶ</span> <span class='ocrx_word' id='word_1_412' title='bbox 972 1813 1102 1844; x_wconf 85' lang='lat' dir='ltr'>corpore</span> <span class='ocrx_word' id='word_1_413' title='bbox 1110 1806 1204 1844; x_wconf 75' lang='lat' dir='ltr'>vivit,</span> <span class='ocrx_word' id='word_1_414' title='bbox 1213 1805 1478 1844; x_wconf 83' lang='lat' dir='ltr'>citraperrectum</span> <span class='ocrx_word' id='word_1_415' title='bbox 1488 1805 1591 1834; x_wconf 85' lang='lat' dir='ltr'>adhuc</span> <span class='ocrx_word' id='word_1_416' title='bbox 1599 1805 1671 1843; x_wconf 86' lang='lat' dir='ltr'>pul-</span> 
     </span>
     <span class='ocr_line' id='line_1_67' title="bbox 241 1849 1670 1892; baseline -0.003 -9"><span class='ocrx_word' id='word_1_417' title='bbox 241 1853 325 1890; x_wconf 81' lang='lat' dir='ltr'>Quid</span> <span class='ocrx_word' id='word_1_418' title='bbox 340 1854 439 1884; x_wconf 88' lang='lat' dir='ltr'>vultis</span> <span class='ocrx_word' id='word_1_419' title='bbox 454 1853 592 1892; x_wconf 90' lang='lat' dir='ltr'>amplius</span> <span class='ocrx_word' id='word_1_420' title='bbox 608 1853 619 1882; x_wconf 75' lang='grc' dir='ltr'><strong>ἓ</strong></span> <span class='ocrx_word' id='word_1_421' title='bbox 633 1853 712 1891; x_wconf 90' lang='lat' dir='ltr'>quid</span> <span class='ocrx_word' id='word_1_422' title='bbox 724 1853 791 1890; x_wconf 88' lang='lat' dir='ltr'>jam</span> <span class='ocrx_word' id='word_1_423' title='bbox 806 1853 940 1891; x_wconf 82' lang='lat' dir='ltr'>impedit</span> <span class='ocrx_word' id='word_1_424' title='bbox 955 1854 956 1885; x_wconf 71' lang='lat' dir='ltr'><strong>j</strong></span> <span class='ocrx_word' id='word_1_425' title='bbox 971 1850 1140 1880; x_wconf 86' lang='lat' dir='ltr'>critudinls</span> <span class='ocrx_word' id='word_1_426' title='bbox 1155 1850 1281 1889; x_wconf 85' lang='lat' dir='ltr'>proficit</span> <span class='ocrx_word' id='word_1_427' title='bbox 1297 1859 1305 1879; x_wconf 75' lang='grc' dir='ltr'><strong>ε</strong></span> <span class='ocrx_word' id='word_1_428' title='bbox 1322 1858 1358 1880; x_wconf 88' lang='lat' dir='ltr'>ac</span> <span class='ocrx_word' id='word_1_429' title='bbox 1374 1850 1508 1888; x_wconf 87' lang='lat' dir='ltr'>proinde</span> <span class='ocrx_word' id='word_1_430' title='bbox 1524 1858 1586 1879; x_wconf 85' lang='lat' dir='ltr'>non</span> <span class='ocrx_word' id='word_1_431' title='bbox 1597 1849 1670 1888; x_wconf 93' lang='lat' dir='ltr'>pul-</span> 
     </span>
     <span class='ocr_line' id='line_1_68' title="bbox 240 1895 1669 1938; baseline -0.004 -9"><span class='ocrx_word' id='word_1_432' title='bbox 240 1907 260 1928; x_wconf 82' lang='lat' dir='ltr'>a</span> <span class='ocrx_word' id='word_1_433' title='bbox 273 1899 375 1929; x_wconf 84' lang='lat' dir='ltr'>salute</span> <span class='ocrx_word' id='word_1_434' title='bbox 390 1899 403 1928; x_wconf 71' lang='grc' dir='ltr'>ἓ</span> <span class='ocrx_word' id='word_1_435' title='bbox 416 1899 478 1929; x_wconf 87' lang='lat' dir='ltr'>Sed</span> <span class='ocrx_word' id='word_1_436' title='bbox 494 1900 554 1929; x_wconf 90' lang='lat' dir='ltr'>hoc</span> <span class='ocrx_word' id='word_1_437' title='bbox 569 1898 713 1938; x_wconf 87' lang='lat' dir='ltr'>estquod</span> <span class='ocrx_word' id='word_1_438' title='bbox 729 1899 821 1928; x_wconf 83' lang='lat' dir='ltr'>dico:</span> <span class='ocrx_word' id='word_1_439' title='bbox 837 1900 939 1928; x_wconf 88' lang='lat' dir='ltr'>Deum</span> <span class='ocrx_word' id='word_1_440' title='bbox 953 1895 956 1931; x_wconf 64' lang='lat'>⁴,</span> <span class='ocrx_word' id='word_1_441' title='bbox 971 1904 1024 1926; x_wconf 87' lang='lat' dir='ltr'>cra</span> <span class='ocrx_word' id='word_1_442' title='bbox 1034 1896 1121 1926; x_wconf 91' lang='lat' dir='ltr'>omni</span> <span class='ocrx_word' id='word_1_443' title='bbox 1133 1896 1245 1933; x_wconf 90' lang='lat' dir='ltr'>modo,</span> <span class='ocrx_word' id='word_1_444' title='bbox 1258 1895 1315 1925; x_wconf 90' lang='lat' dir='ltr'>sed</span> <span class='ocrx_word' id='word_1_445' title='bbox 1330 1896 1440 1934; x_wconf 89' lang='lat' dir='ltr'>pulcra</span> <span class='ocrx_word' id='word_1_446' title='bbox 1451 1895 1538 1924; x_wconf 88' lang='lat' dir='ltr'>inter</span> <span class='ocrx_word' id='word_1_447' title='bbox 1551 1895 1669 1924; x_wconf 84' lang='lat' dir='ltr'>mulie-</span> 
     </span>
     <span class='ocr_line' id='line_1_69' title="bbox 240 1934 1669 1982; baseline -0.002 -10"><span class='ocrx_word' id='word_1_448' title='bbox 240 1942 415 1982; x_wconf 79' lang='lat' dir='ltr'>ignoratis,</span> <span class='ocrx_word' id='word_1_449' title='bbox 436 1943 493 1974; x_wconf 91' lang='lat' dir='ltr'>sed</span> <span class='ocrx_word' id='word_1_450' title='bbox 508 1952 568 1973; x_wconf 88' lang='lat' dir='ltr'>nec</span> <span class='ocrx_word' id='word_1_451' title='bbox 583 1943 716 1973; x_wconf 86' lang='lat' dir='ltr'>creditis</span> <span class='ocrx_word' id='word_1_452' title='bbox 731 1943 856 1973; x_wconf 87' lang='lat' dir='ltr'>auditui</span> <span class='ocrx_word' id='word_1_453' title='bbox 871 1934 1040 1980; x_wconf 46' lang='lat' dir='ltr'>nos-fres,</span> <span class='ocrx_word' id='word_1_454' title='bbox 1065 1942 1100 1972; x_wconf 87' lang='lat' dir='ltr'>id</span> <span class='ocrx_word' id='word_1_455' title='bbox 1125 1943 1174 1972; x_wconf 88' lang='lat' dir='ltr'>est</span> <span class='ocrx_word' id='word_1_456' title='bbox 1197 1941 1283 1971; x_wconf 90' lang='lat' dir='ltr'>inter</span> <span class='ocrx_word' id='word_1_457' title='bbox 1303 1940 1426 1970; x_wconf 88' lang='lat' dir='ltr'>animas</span> <span class='ocrx_word' id='word_1_458' title='bbox 1451 1941 1614 1977; x_wconf 84' lang='lat' dir='ltr'>terrenas,</span> <span class='ocrx_word' id='word_1_459' title='bbox 1636 1941 1669 1969; x_wconf 83' lang='lat' dir='ltr'>ct</span> 
     </span>
     <span class='ocr_line' id='line_1_70' title="bbox 239 1985 1667 2027; baseline -0.003 -10"><span class='ocrx_word' id='word_1_460' title='bbox 239 1990 304 2018; x_wconf 76' lang='lat' dir='ltr'>tro.</span> <span class='ocrx_word' id='word_1_461' title='bbox 325 1990 451 2020; x_wconf 81' lang='lat' dir='ltr'>Vellem</span> <span class='ocrx_word' id='word_1_462' title='bbox 469 1998 527 2020; x_wconf 83' lang='lat' dir='ltr'>vos</span> <span class='ocrx_word' id='word_1_463' title='bbox 541 1990 594 2019; x_wconf 76' lang='lat' dir='ltr'>vel</span> <span class='ocrx_word' id='word_1_464' title='bbox 617 1989 761 2027; x_wconf 82' lang='lat' dir='ltr'>expertis</span> <span class='ocrx_word' id='word_1_465' title='bbox 787 1989 918 2019; x_wconf 82' lang='lat' dir='ltr'>credere</span> <span class='ocrx_word' id='word_1_466' title='bbox 930 2012 938 2026; x_wconf 61' lang='lat'><em>5</em></span> <span class='ocrx_word' id='word_1_467' title='bbox 970 1996 1040 2026; x_wconf 86' lang='lat' dir='ltr'>quae</span> <span class='ocrx_word' id='word_1_468' title='bbox 1056 1995 1121 2017; x_wconf 90' lang='lat' dir='ltr'>non</span> <span class='ocrx_word' id='word_1_469' title='bbox 1135 1986 1229 2024; x_wconf 89' lang='lat' dir='ltr'>sunt,</span> <span class='ocrx_word' id='word_1_470' title='bbox 1245 1986 1329 2017; x_wconf 88' lang='lat' dir='ltr'>sicut</span> <span class='ocrx_word' id='word_1_471' title='bbox 1354 1986 1440 2023; x_wconf 85' lang='lat' dir='ltr'>ipsa,</span> <span class='ocrx_word' id='word_1_472' title='bbox 1463 1985 1667 2023; x_wconf 86' lang='lat' dir='ltr'>spirituales,</span> 
     </span>
     <span class='ocr_line' id='line_1_71' title="bbox 240 2030 1667 2074; baseline -0.004 -11"><span class='ocrx_word' id='word_1_473' title='bbox 240 2034 317 2072; x_wconf 86' lang='lat' dir='ltr'>quia</span> <span class='ocrx_word' id='word_1_474' title='bbox 333 2035 395 2065; x_wconf 87' lang='lat' dir='ltr'>nisi</span> <span class='ocrx_word' id='word_1_475' title='bbox 412 2035 635 2073; x_wconf 79' lang='lat' dir='ltr'>credideritis,</span> <span class='ocrx_word' id='word_1_476' title='bbox 651 2043 717 2065; x_wconf 89' lang='lat' dir='ltr'>non</span> <span class='ocrx_word' id='word_1_477' title='bbox 737 2034 938 2074; x_wconf 81' lang='lat' dir='ltr'>intelligetis.</span> <span class='ocrx_word' id='word_1_478' title='bbox 969 2042 1033 2063; x_wconf 91' lang='lat' dir='ltr'>non</span> <span class='ocrx_word' id='word_1_479' title='bbox 1044 2035 1152 2064; x_wconf 81' lang='lat' dir='ltr'>autem</span> <span class='ocrx_word' id='word_1_480' title='bbox 1168 2032 1253 2062; x_wconf 90' lang='lat' dir='ltr'>inter</span> <span class='ocrx_word' id='word_1_481' title='bbox 1264 2031 1425 2069; x_wconf 83' lang='lat' dir='ltr'>angelicas</span> <span class='ocrx_word' id='word_1_482' title='bbox 1435 2030 1667 2067; x_wconf 88' lang='lat' dir='ltr'>beatitudines,</span> 
     </span>
     <span class='ocr_line' id='line_1_72' title="bbox 239 2075 1670 2115; baseline -0.003 -7"><span class='ocrx_word' id='word_1_483' title='bbox 239 2078 304 2109; x_wconf 83' lang='lat' dir='ltr'>Sed</span> <span class='ocrx_word' id='word_1_484' title='bbox 315 2089 377 2110; x_wconf 91' lang='lat' dir='ltr'>non</span> <span class='ocrx_word' id='word_1_485' title='bbox 395 2081 444 2111; x_wconf 83' lang='lat' dir='ltr'>est</span> <span class='ocrx_word' id='word_1_486' title='bbox 461 2081 605 2111; x_wconf 88' lang='lat' dir='ltr'>omnium</span> <span class='ocrx_word' id='word_1_487' title='bbox 625 2081 717 2111; x_wconf 89' lang='lat' dir='ltr'>fides.</span> <span class='ocrx_word' id='word_1_488' title='bbox 969 2087 1032 2110; x_wconf 87' lang='lat' dir='ltr'>non</span> <span class='ocrx_word' id='word_1_489' title='bbox 1046 2079 1131 2110; x_wconf 90' lang='lat' dir='ltr'>inter</span> <span class='ocrx_word' id='word_1_490' title='bbox 1143 2078 1299 2115; x_wconf 85' lang='lat' dir='ltr'>Virtutes,</span> <span class='ocrx_word' id='word_1_491' title='bbox 1309 2076 1503 2113; x_wconf 74' lang='lat' dir='ltr'>potestates,</span> <span class='ocrx_word' id='word_1_492' title='bbox 1516 2075 1670 2105; x_wconf 90' lang='lat' dir='ltr'>Domina-</span> 
     </span>
    </p>

    <p class='ocr_par' dir='ltr' id='par_1_7' title="bbox 240 2121 1669 2665">
     <span class='ocr_line' id='line_1_73' title="bbox 282 2121 1669 2164; baseline -0.003 -10"><span class='ocrx_word' id='word_1_493' title='bbox 282 2126 312 2154; x_wconf 81' lang='lat'>3.</span> <span class='ocrx_word' id='word_1_494' title='bbox 329 2126 420 2156; x_wconf 83' lang='lat' dir='ltr'>Absit</span> <span class='ocrx_word' id='word_1_495' title='bbox 434 2127 544 2157; x_wconf 89' lang='lat' dir='ltr'>autem</span> <span class='ocrx_word' id='word_1_496' title='bbox 561 2128 598 2156; x_wconf 90' lang='lat' dir='ltr'>ut</span> <span class='ocrx_word' id='word_1_497' title='bbox 613 2126 652 2156; x_wconf 88' lang='lat' dir='ltr'>de</span> <span class='ocrx_word' id='word_1_498' title='bbox 667 2125 742 2164; x_wconf 87' lang='lat' dir='ltr'>tali,</span> <span class='ocrx_word' id='word_1_499' title='bbox 758 2125 819 2156; x_wconf 90' lang='lat' dir='ltr'>hoc</span> <span class='ocrx_word' id='word_1_500' title='bbox 835 2126 884 2156; x_wconf 88' lang='lat' dir='ltr'>est</span> <span class='ocrx_word' id='word_1_501' title='bbox 900 2126 938 2156; x_wconf 81' lang='lat' dir='ltr'>dc</span> <span class='ocrx_word' id='word_1_502' title='bbox 969 2125 1085 2156; x_wconf 87' lang='lat' dir='ltr'>tiones.</span> <span class='ocrx_word' id='word_1_503' title='bbox 1101 2124 1191 2154; x_wconf 82' lang='lat' dir='ltr'>Sicut</span> <span class='ocrx_word' id='word_1_504' title='bbox 1201 2124 1329 2153; x_wconf 89' lang='lat' dir='ltr'>Patrum</span> <span class='ocrx_word' id='word_1_505' title='bbox 1341 2121 1457 2160; x_wconf 87' lang='lat' dir='ltr'>aliquis</span> <span class='ocrx_word' id='word_1_506' title='bbox 1467 2122 1543 2150; x_wconf 91' lang='lat' dir='ltr'>olim</span> <span class='ocrx_word' id='word_1_507' title='bbox 1555 2121 1669 2151; x_wconf 87' lang='lat' dir='ltr'>inven-</span> 
     </span>
     <span class='ocr_line' id='line_1_74' title="bbox 240 2163 1666 2210; baseline -0.001 -13"><span class='ocrx_word' id='word_1_508' title='bbox 240 2168 303 2198; x_wconf 88' lang='lat' dir='ltr'>Dei</span> <span class='ocrx_word' id='word_1_509' title='bbox 322 2170 522 2210; x_wconf 78' lang='lat' dir='ltr'>ignorantia,</span> <span class='ocrx_word' id='word_1_510' title='bbox 537 2179 688 2210; x_wconf 88' lang='lat' dir='ltr'>sponsam</span> <span class='ocrx_word' id='word_1_511' title='bbox 713 2172 937 2202; x_wconf 84' lang='lat' dir='ltr'>commonitam</span> <span class='ocrx_word' id='word_1_512' title='bbox 952 2163 956 2207; x_wconf 67' lang='grc' dir='ltr'><strong>ἶ</strong></span> <span class='ocrx_word' id='word_1_513' title='bbox 970 2172 1021 2201; x_wconf 88' lang='lat' dir='ltr'>tus</span> <span class='ocrx_word' id='word_1_514' title='bbox 1035 2172 1066 2201; x_wconf 84' lang='lat' dir='ltr'>et</span> <span class='ocrx_word' id='word_1_515' title='bbox 1077 2170 1181 2200; x_wconf 83' lang='lat' dir='ltr'>dictus</span> <span class='ocrx_word' id='word_1_516' title='bbox 1189 2169 1344 2206; x_wconf 75' lang='lat' dir='ltr'>estjustas</span> <span class='ocrx_word' id='word_1_517' title='bbox 1352 2168 1383 2197; x_wconf 82' lang='lat' dir='ltr'>in</span> <span class='ocrx_word' id='word_1_518' title='bbox 1394 2167 1585 2205; x_wconf 74' lang='lat' dir='ltr'>qeneratione</span> <span class='ocrx_word' id='word_1_519' title='bbox 1596 2175 1666 2202; x_wconf 77' lang='lat' dir='ltr'>sua,</span> 
     </span>
     <span class='ocr_line' id='line_1_75' title="bbox 241 2212 1667 2255; baseline -0.002 -12"><span class='ocrx_word' id='word_1_520' title='bbox 241 2215 434 2255; x_wconf 83' lang='lat' dir='ltr'>sentiamus,</span> <span class='ocrx_word' id='word_1_521' title='bbox 450 2226 522 2255; x_wconf 83' lang='lat' dir='ltr'>quae</span> <span class='ocrx_word' id='word_1_522' title='bbox 536 2217 627 2248; x_wconf 87' lang='lat' dir='ltr'>tanta</span> <span class='ocrx_word' id='word_1_523' title='bbox 642 2217 749 2255; x_wconf 86' lang='lat' dir='ltr'>sponsi</span> <span class='ocrx_word' id='word_1_524' title='bbox 769 2217 893 2255; x_wconf 87' lang='lat' dir='ltr'>pariter</span> <span class='ocrx_word' id='word_1_525' title='bbox 908 2218 939 2247; x_wconf 88' lang='lat' dir='ltr'>et</span> <span class='ocrx_word' id='word_1_526' title='bbox 954 2219 955 2224; x_wconf 63' lang='lat'>¹</span> <span class='ocrx_word' id='word_1_527' title='bbox 970 2214 1002 2247; x_wconf 88' lang='lat' dir='ltr'>id</span> <span class='ocrx_word' id='word_1_528' title='bbox 1018 2217 1065 2247; x_wconf 86' lang='lat' dir='ltr'>est</span> <span class='ocrx_word' id='word_1_529' title='bbox 1077 2224 1144 2255; x_wconf 82' lang='lat' dir='ltr'>prae</span> <span class='ocrx_word' id='word_1_530' title='bbox 1159 2215 1307 2245; x_wconf 89' lang='lat' dir='ltr'>omnibus</span> <span class='ocrx_word' id='word_1_531' title='bbox 1316 2213 1364 2244; x_wconf 89' lang='lat' dir='ltr'>sui</span> <span class='ocrx_word' id='word_1_532' title='bbox 1376 2212 1530 2252; x_wconf 86' lang='lat' dir='ltr'>temporis</span> <span class='ocrx_word' id='word_1_533' title='bbox 1537 2220 1667 2250; x_wconf 83' lang='lat' dir='ltr'>suaeque</span> 
     </span>
     <span class='ocr_line' id='line_1_76' title="bbox 241 2238 1668 2301; baseline -0.001 -13"><span class='ocrx_word' id='word_1_534' title='bbox 241 2259 303 2289; x_wconf 91' lang='lat' dir='ltr'>Dei</span> <span class='ocrx_word' id='word_1_535' title='bbox 319 2261 367 2290; x_wconf 87' lang='lat' dir='ltr'>sui</span> <span class='ocrx_word' id='word_1_536' title='bbox 381 2283 390 2298; x_wconf 84' lang='lat'>,</span> <span class='ocrx_word' id='word_1_537' title='bbox 404 2270 468 2292; x_wconf 91' lang='lat' dir='ltr'>non</span> <span class='ocrx_word' id='word_1_538' title='bbox 484 2263 555 2293; x_wconf 87' lang='lat' dir='ltr'>dico</span> <span class='ocrx_word' id='word_1_539' title='bbox 578 2263 743 2301; x_wconf 83' lang='lat' dir='ltr'>agnitione</span> <span class='ocrx_word' id='word_1_540' title='bbox 756 2284 765 2300; x_wconf 92' lang='lat'>,</span> <span class='ocrx_word' id='word_1_541' title='bbox 781 2263 838 2293; x_wconf 87' lang='lat' dir='ltr'>sed</span> <span class='ocrx_word' id='word_1_542' title='bbox 859 2263 939 2292; x_wconf 87' lang='lat' dir='ltr'>ami-</span> <span class='ocrx_word' id='word_1_543' title='bbox 954 2238 955 2282; x_wconf 33' lang='lat'>¹</span> <span class='ocrx_word' id='word_1_544' title='bbox 970 2261 1244 2301; x_wconf 76' lang='lat' dir='ltr'>generationi83et</span> <span class='ocrx_word' id='word_1_545' title='bbox 1257 2260 1396 2289; x_wconf 85' lang='lat' dir='ltr'>Thamar</span> <span class='ocrx_word' id='word_1_546' title='bbox 1408 2257 1583 2295; x_wconf 84' lang='lat' dir='ltr'>justificata</span> <span class='ocrx_word' id='word_1_547' title='bbox 1594 2265 1668 2295; x_wconf 88' lang='lat' dir='ltr'>per-</span> 
     </span>
     <span class='ocr_line' id='line_1_77' title="bbox 243 2302 1668 2346; baseline -0.002 -12"><span class='ocrx_word' id='word_1_548' title='bbox 243 2305 320 2335; x_wconf 87' lang='lat' dir='ltr'>citia</span> <span class='ocrx_word' id='word_1_549' title='bbox 336 2306 368 2336; x_wconf 90' lang='lat' dir='ltr'>et</span> <span class='ocrx_word' id='word_1_550' title='bbox 380 2306 598 2339; x_wconf 84' lang='lat' dir='ltr'>familiaritate</span> <span class='ocrx_word' id='word_1_551' title='bbox 611 2309 727 2338; x_wconf 85' lang='lat' dir='ltr'>donata</span> <span class='ocrx_word' id='word_1_552' title='bbox 740 2308 806 2346; x_wconf 88' lang='lat' dir='ltr'>est,</span> <span class='ocrx_word' id='word_1_553' title='bbox 823 2308 859 2338; x_wconf 88' lang='lat' dir='ltr'>ut</span> <span class='ocrx_word' id='word_1_554' title='bbox 871 2308 939 2346; x_wconf 80' lang='lat' dir='ltr'>ejus</span> <span class='ocrx_word' id='word_1_555' title='bbox 953 2309 955 2317; x_wconf 72' lang='grc'>’</span> <span class='ocrx_word' id='word_1_556' title='bbox 970 2308 1102 2338; x_wconf 87' lang='lat' dir='ltr'>hibetur</span> <span class='ocrx_word' id='word_1_557' title='bbox 1117 2315 1159 2336; x_wconf 89' lang='lat' dir='ltr'>ex</span> <span class='ocrx_word' id='word_1_558' title='bbox 1173 2305 1256 2336; x_wconf 87' lang='lat' dir='ltr'>Juda</span> <span class='ocrx_word' id='word_1_559' title='bbox 1268 2326 1279 2343; x_wconf 89' lang='lat'>,</span> <span class='ocrx_word' id='word_1_560' title='bbox 1293 2304 1354 2334; x_wconf 92' lang='lat' dir='ltr'>hoc</span> <span class='ocrx_word' id='word_1_561' title='bbox 1368 2303 1418 2333; x_wconf 92' lang='lat' dir='ltr'>est</span> <span class='ocrx_word' id='word_1_562' title='bbox 1431 2311 1496 2341; x_wconf 83' lang='lat' dir='ltr'>prae</span> <span class='ocrx_word' id='word_1_563' title='bbox 1508 2302 1590 2332; x_wconf 87' lang='lat' dir='ltr'>Juda</span> <span class='ocrx_word' id='word_1_564' title='bbox 1605 2310 1613 2331; x_wconf 72' lang='grc' dir='ltr'><strong><em>ε</em></strong></span> <span class='ocrx_word' id='word_1_565' title='bbox 1634 2303 1668 2332; x_wconf 87' lang='lat' dir='ltr'>et</span> 
     </span>
     <span class='ocr_line' id='line_1_78' title="bbox 243 2347 1667 2392; baseline -0.003 -11"><span class='ocrx_word' id='word_1_566' title='bbox 243 2351 355 2381; x_wconf 87' lang='lat' dir='ltr'>crebra</span> <span class='ocrx_word' id='word_1_567' title='bbox 368 2353 525 2390; x_wconf 89' lang='lat' dir='ltr'>colloquia</span> <span class='ocrx_word' id='word_1_568' title='bbox 536 2354 569 2384; x_wconf 90' lang='lat' dir='ltr'>et</span> <span class='ocrx_word' id='word_1_569' title='bbox 580 2355 687 2384; x_wconf 90' lang='lat' dir='ltr'>oscula</span> <span class='ocrx_word' id='word_1_570' title='bbox 701 2355 893 2392; x_wconf 80' lang='lat' dir='ltr'>mereretur,</span> <span class='ocrx_word' id='word_1_571' title='bbox 908 2357 939 2385; x_wconf 82' lang='lat' dir='ltr'>et</span> <span class='ocrx_word' id='word_1_572' title='bbox 970 2353 1005 2383; x_wconf 90' lang='lat' dir='ltr'>in</span> <span class='ocrx_word' id='word_1_573' title='bbox 1038 2352 1213 2390; x_wconf 77' lang='lat' dir='ltr'>Evangelio</span> <span class='ocrx_word' id='word_1_574' title='bbox 1240 2349 1436 2380; x_wconf 89' lang='lat' dir='ltr'>Publicanus</span> <span class='ocrx_word' id='word_1_575' title='bbox 1463 2347 1667 2378; x_wconf 87' lang='lat' dir='ltr'>descendisse</span> 
     </span>
     <span class='ocr_line' id='line_1_79' title="bbox 241 2384 1668 2438; baseline -0.004 -12"><span class='ocrx_word' id='word_1_576' title='bbox 241 2405 330 2426; x_wconf 84' lang='lat' dir='ltr'>nunc</span> <span class='ocrx_word' id='word_1_577' title='bbox 358 2397 510 2427; x_wconf 83' lang='lat' dir='ltr'>familiari</span> <span class='ocrx_word' id='word_1_578' title='bbox 531 2406 610 2429; x_wconf 88' lang='lat' dir='ltr'>ausu</span> <span class='ocrx_word' id='word_1_579' title='bbox 633 2400 776 2438; x_wconf 88' lang='lat' dir='ltr'>loquitur</span> <span class='ocrx_word' id='word_1_580' title='bbox 799 2409 807 2429; x_wconf 91' lang='lat'>:</span> <span class='ocrx_word' id='word_1_581' title='bbox 834 2401 938 2431; x_wconf 75' lang='lat' dir='ltr'>Indica</span> <span class='ocrx_word' id='word_1_582' title='bbox 952 2384 956 2411; x_wconf 49' lang='grc' dir='ltr'>ἲ</span> <span class='ocrx_word' id='word_1_583' title='bbox 970 2397 1110 2429; x_wconf 85' lang='lat' dir='ltr'>refertur</span> <span class='ocrx_word' id='word_1_584' title='bbox 1121 2397 1160 2426; x_wconf 93' lang='lat' dir='ltr'>de</span> <span class='ocrx_word' id='word_1_585' title='bbox 1176 2396 1297 2434; x_wconf 89' lang='lat' dir='ltr'>templo</span> <span class='ocrx_word' id='word_1_586' title='bbox 1309 2393 1587 2432; x_wconf 86' lang='lat' dir='ltr'>justificatus,sed</span> <span class='ocrx_word' id='word_1_587' title='bbox 1598 2393 1668 2430; x_wconf 85' lang='lat' dir='ltr'>jus-</span> 
     </span>
     <span class='ocr_line' id='line_1_80' title="bbox 242 2439 1666 2482; baseline -0.003 -11"><span class='ocrx_word' id='word_1_588' title='bbox 242 2443 321 2472; x_wconf 79' lang='lat' dir='ltr'>mihi</span> <span class='ocrx_word' id='word_1_589' title='bbox 336 2442 390 2473; x_wconf 80' lang='lat' dir='ltr'>ubi</span> <span class='ocrx_word' id='word_1_590' title='bbox 410 2451 520 2482; x_wconf 82' lang='lat' dir='ltr'>pascas</span> <span class='ocrx_word' id='word_1_591' title='bbox 532 2463 541 2479; x_wconf 90' lang='lat'>,</span> <span class='ocrx_word' id='word_1_592' title='bbox 565 2443 617 2473; x_wconf 79' lang='lat' dir='ltr'>ubi</span> <span class='ocrx_word' id='word_1_593' title='bbox 641 2445 728 2475; x_wconf 81' lang='lat' dir='ltr'>cubes</span> <span class='ocrx_word' id='word_1_594' title='bbox 748 2446 781 2474; x_wconf 77' lang='lat' dir='ltr'>in</span> <span class='ocrx_word' id='word_1_595' title='bbox 801 2446 937 2477; x_wconf 81' lang='lat' dir='ltr'>meridie.</span> <span class='ocrx_word' id='word_1_596' title='bbox 970 2443 1108 2475; x_wconf 77' lang='lat' dir='ltr'>tincatus</span> <span class='ocrx_word' id='word_1_597' title='bbox 1123 2451 1140 2473; x_wconf 85' lang='lat' dir='ltr'>a</span> <span class='ocrx_word' id='word_1_598' title='bbox 1156 2442 1313 2471; x_wconf 87' lang='lat' dir='ltr'>Pharisaeo</span> <span class='ocrx_word' id='word_1_599' title='bbox 1329 2449 1338 2470; x_wconf 71' lang='grc' dir='ltr'><strong>ε</strong></span> <span class='ocrx_word' id='word_1_600' title='bbox 1355 2439 1390 2470; x_wconf 90' lang='lat' dir='ltr'>et</span> <span class='ocrx_word' id='word_1_601' title='bbox 1406 2439 1563 2478; x_wconf 86' lang='lat' dir='ltr'>quomodo</span> <span class='ocrx_word' id='word_1_602' title='bbox 1577 2446 1666 2475; x_wconf 82' lang='lat' dir='ltr'>mag-</span> 
     </span>
     <span class='ocr_line' id='line_1_81' title="bbox 242 2483 1664 2526; baseline -0.004 -10"><span class='ocrx_word' id='word_1_603' title='bbox 242 2487 304 2517; x_wconf 89' lang='lat' dir='ltr'>Ubi</span> <span class='ocrx_word' id='word_1_604' title='bbox 316 2496 391 2518; x_wconf 89' lang='lat' dir='ltr'>sane</span> <span class='ocrx_word' id='word_1_605' title='bbox 405 2496 468 2518; x_wconf 91' lang='lat' dir='ltr'>non</span> <span class='ocrx_word' id='word_1_606' title='bbox 484 2489 606 2526; x_wconf 90' lang='lat' dir='ltr'>ipsum,</span> <span class='ocrx_word' id='word_1_607' title='bbox 623 2489 678 2519; x_wconf 86' lang='lat' dir='ltr'>sed</span> <span class='ocrx_word' id='word_1_608' title='bbox 692 2490 798 2520; x_wconf 89' lang='lat' dir='ltr'>locum</span> <span class='ocrx_word' id='word_1_609' title='bbox 812 2491 939 2521; x_wconf 85' lang='lat' dir='ltr'>habita-</span> <span class='ocrx_word' id='word_1_610' title='bbox 971 2498 1032 2519; x_wconf 92' lang='lat' dir='ltr'>nus</span> <span class='ocrx_word' id='word_1_611' title='bbox 1051 2489 1108 2518; x_wconf 85' lang='lat' dir='ltr'>illc</span> <span class='ocrx_word' id='word_1_612' title='bbox 1130 2488 1292 2517; x_wconf 87' lang='lat' dir='ltr'>Johannes</span> <span class='ocrx_word' id='word_1_613' title='bbox 1308 2485 1477 2524; x_wconf 84' lang='lat' dir='ltr'>magnifice</span> <span class='ocrx_word' id='word_1_614' title='bbox 1506 2483 1664 2522; x_wconf 91' lang='lat' dir='ltr'>quondam</span> 
     </span>
     <span class='ocr_line' id='line_1_82' title="bbox 245 2533 937 2573; baseline 0.004 -11"><span class='ocrx_word' id='word_1_615' title='bbox 245 2533 342 2563; x_wconf 86' lang='lat' dir='ltr'>tionis</span> <span class='ocrx_word' id='word_1_616' title='bbox 357 2534 464 2572; x_wconf 84' lang='lat' dir='ltr'>gloriae</span> <span class='ocrx_word' id='word_1_617' title='bbox 473 2533 543 2571; x_wconf 88' lang='lat' dir='ltr'>ejus</span> <span class='ocrx_word' id='word_1_618' title='bbox 558 2533 621 2563; x_wconf 90' lang='lat' dir='ltr'>sibi</span> <span class='ocrx_word' id='word_1_619' title='bbox 637 2533 776 2564; x_wconf 87' lang='lat' dir='ltr'>indicari</span> <span class='ocrx_word' id='word_1_620' title='bbox 784 2535 937 2573; x_wconf 85' lang='lat' dir='ltr'>requirit:</span> 
     </span>
     <span class='ocr_line' id='line_1_83' title="bbox 243 2579 940 2618; baseline 0.001 -9"><span class='ocrx_word' id='word_1_621' title='bbox 243 2587 436 2618; x_wconf 84' lang='lat' dir='ltr'>quamquam</span> <span class='ocrx_word' id='word_1_622' title='bbox 451 2587 516 2610; x_wconf 90' lang='lat' dir='ltr'>non</span> <span class='ocrx_word' id='word_1_623' title='bbox 530 2579 619 2609; x_wconf 89' lang='lat' dir='ltr'>aliud</span> <span class='ocrx_word' id='word_1_624' title='bbox 636 2579 724 2618; x_wconf 90' lang='lat' dir='ltr'>ipse,</span> <span class='ocrx_word' id='word_1_625' title='bbox 738 2580 771 2610; x_wconf 86' lang='lat' dir='ltr'>et</span> <span class='ocrx_word' id='word_1_626' title='bbox 793 2580 874 2610; x_wconf 89' lang='lat' dir='ltr'>alius</span> <span class='ocrx_word' id='word_1_627' title='bbox 892 2581 940 2610; x_wconf 90' lang='lat' dir='ltr'>lo-</span> 
     </span>
     <span class='ocr_line' id='line_1_84' title="bbox 245 2624 939 2665; baseline 0.003 -11"><span class='ocrx_word' id='word_1_628' title='bbox 245 2632 300 2655; x_wconf 89' lang='lat' dir='ltr'>cus</span> <span class='ocrx_word' id='word_1_629' title='bbox 325 2625 393 2663; x_wconf 89' lang='lat' dir='ltr'>ejus</span> <span class='ocrx_word' id='word_1_630' title='bbox 422 2625 474 2657; x_wconf 84' lang='lat' dir='ltr'>vel</span> <span class='ocrx_word' id='word_1_631' title='bbox 501 2625 613 2665; x_wconf 80' lang='lat' dir='ltr'>gloria.</span> <span class='ocrx_word' id='word_1_632' title='bbox 643 2624 704 2655; x_wconf 91' lang='lat' dir='ltr'>Sed</span> <span class='ocrx_word' id='word_1_633' title='bbox 735 2625 939 2664; x_wconf 85' lang='lat' dir='ltr'>reprimenda</span> 
     </span>
    </p>
   </div>
   <div class='ocr_carea' id='block_1_5' title="bbox 972 2529 1664 2662">
    <p class='ocr_par' dir='ltr' id='par_1_8' title="bbox 972 2529 1664 2662">
     <span class='ocr_line' id='line_1_85' title="bbox 972 2529 1664 2570; baseline -0.014 -5"><span class='ocrx_word' id='word_1_634' title='bbox 972 2533 1214 2565; x_wconf 85' lang='lat' dir='ltr'>commendatus</span> <span class='ocrx_word' id='word_1_635' title='bbox 1229 2533 1288 2570; x_wconf 80' lang='lat' dir='ltr'>est,</span> <span class='ocrx_word' id='word_1_636' title='bbox 1304 2531 1391 2570; x_wconf 87' lang='lat' dir='ltr'>quod</span> <span class='ocrx_word' id='word_1_637' title='bbox 1404 2529 1559 2561; x_wconf 86' lang='lat' dir='ltr'>videlicet</span> <span class='ocrx_word' id='word_1_638' title='bbox 1570 2534 1664 2564; x_wconf 87' lang='lat' dir='ltr'>supc-</span> 
     </span>
     <span class='ocr_line' id='line_1_86' title="bbox 972 2573 1663 2615; baseline -0.016 -5"><span class='ocrx_word' id='word_1_639' title='bbox 972 2581 1090 2611; x_wconf 89' lang='lat' dir='ltr'>riorem</span> <span class='ocrx_word' id='word_1_640' title='bbox 1111 2587 1175 2609; x_wconf 90' lang='lat' dir='ltr'>non</span> <span class='ocrx_word' id='word_1_641' title='bbox 1189 2578 1347 2615; x_wconf 85' lang='lat' dir='ltr'>haberet,</span> <span class='ocrx_word' id='word_1_642' title='bbox 1363 2576 1420 2606; x_wconf 90' lang='lat' dir='ltr'>sed</span> <span class='ocrx_word' id='word_1_643' title='bbox 1434 2575 1494 2604; x_wconf 88' lang='lat' dir='ltr'>hoc</span> <span class='ocrx_word' id='word_1_644' title='bbox 1508 2573 1594 2602; x_wconf 90' lang='lat' dir='ltr'>inter</span> <span class='ocrx_word' id='word_1_645' title='bbox 1608 2578 1663 2600; x_wconf 88' lang='lat' dir='ltr'>na-</span> 
     </span>
     <span class='ocr_line' id='line_1_87' title="bbox 973 2617 1662 2662; baseline -0.016 -6"><span class='ocrx_word' id='word_1_646' title='bbox 973 2628 1021 2656; x_wconf 87' lang='lat' dir='ltr'>tos</span> <span class='ocrx_word' id='word_1_647' title='bbox 1035 2625 1228 2662; x_wconf 87' lang='lat' dir='ltr'>mulierum,</span> <span class='ocrx_word' id='word_1_648' title='bbox 1244 2631 1309 2653; x_wconf 90' lang='lat' dir='ltr'>non</span> <span class='ocrx_word' id='word_1_649' title='bbox 1331 2622 1435 2652; x_wconf 86' lang='lat' dir='ltr'>autem</span> <span class='ocrx_word' id='word_1_650' title='bbox 1453 2620 1537 2649; x_wconf 81' lang='lat' dir='ltr'>inter</span> <span class='ocrx_word' id='word_1_651' title='bbox 1551 2617 1662 2648; x_wconf 89' lang='lat' dir='ltr'>choros</span> 
     </span>
    </p>
   </div>
  </div>
 </body>
</html>
