1810 3073
295 216 356 245 213

294 272 401 310 tibus,
417 272 472 312 qui
487 274 548 311 Dei
560 274 716 307 virtutem
730 277 891 308 Christum
908 277 994 315 igno-

293 318 396 348 ratis?
409 319 545 350 Ubinam
555 343 564 359 ,
579 330 686 360 quaeso
696 344 705 360 ,
718 331 794 352 vera
809 323 994 361 prudentia,

292 363 356 393 nisi
371 365 405 394 in
419 366 536 396 Christi
551 367 719 397 doctrina?
734 369 916 406 Undevera
929 368 996 405 jus-

292 410 384 448 titia,
399 411 463 440 nisi
484 412 523 442 de
539 413 655 442 Christi
671 413 916 443 misericordia?
935 414 995 443 Ubi

292 462 368 485 vera
382 458 613 496 temperantia,
630 459 693 488 nisi
710 459 744 488 in
765 459 883 488 Christi
905 459 996 489 vita?

289 500 352 531 Ubi
367 511 445 533 vera
460 503 633 542 fortitudo,
649 505 711 534 nisi
734 505 768 534 in
789 505 906 535 Christi
923 514 996 544 pas-

288 546 403 577 sione?
417 549 482 578 Soli
505 557 578 587 ergo
593 550 650 588 qui
676 551 746 587 ejus
770 551 918 581 doctrina
933 552 996 581 im-

287 592 360 623 buti
375 595 461 630 sunt,
482 595 662 632 prudentes
677 596 808 626 dicendi
824 598 917 635 sunt;
935 598 993 628 soli

284 637 382 676 justi,
400 640 455 677 qui
477 639 517 669 de
541 640 612 677 eJ'us
626 642 848 672 misericordia
863 643 994 673 veniam

286 686 495 721 peccatorum
520 688 684 718 consecuti
710 688 803 726 sunt;
829 689 888 718 soli
910 689 994 719 tem—

285 730 456 767 perantes,
480 731 537 769 qui
564 731 635 769 ejus
660 733 761 763 vitam
787 734 909 764 imitari
925 735 993 765 stu-

286 774 382 813 dent3
409 776 468 806 soli
494 777 611 815 fortes,
637 780 693 817 qui
725 780 795 816 ejus
823 780 991 818 patientiae

285 819 479 852 documenta
494 822 622 853 fortiter
645 825 679 853 in
694 825 838 855 adversis
863 827 990 856 tenent.

284 865 448 896 Incassum
460 868 595 905 proinde
611 871 683 908 quis
695 871 822 900 laborat
836 871 870 900 in
883 873 1005 911 acqui-¹

283 911 402 942 sitione
428 914 605 953 virtutum,
628 916 655 945 si
681 916 813 946 aliunde
840 925 894 947 eas
917 927 1005 956 spe—,

282 957 397 986 randas
408 960 516 996 putat,
528 968 624 997 quam
638 969 655 990 a
666 962 803 991 Domino
813 963 988 993 virtutum:

282 1002 332 1039 cuj
340 1010 376 1031 us
388 1003 533 1033 doctrina
543 1027 552 1042 ,
569 1006 779 1036 seminarium
790 1007 988 1047 prudentiae3

281 1047 331 1084 cuj
339 1056 374 1077 us
385 1049 608 1080 misericordia
619 1073 629 1089 ,
641 1060 721 1090 opus
730 1052 882 1091 justitiae3
897 1054 989 1091 cujus

282 1094 365 1131 vita,
401 1096 572 1132 speculum
612 1099 859 1137 temperantiae3
896 1100 988 1137 cujus

281 1147 365 1169 mors
374 1140 518 1179 ,insigne
531 1143 581 1173 est
592 1142 801 1174 fortitudinis.
810 1145 874 1183 Ipsi
886 1146 988 1177 bonor

279 1185 314 1213 et
327 1185 429 1223 gloria
440 1187 475 1216 in
489 1189 607 1218 saecula
620 1190 828 1229 saeculorum,
838 1199 944 1222 amen.

440 1303 610 1337 SEmIO
646 1305 797 1339 XXIII.

279 1371 318 1396 De
331 1372 424 1396 tribus
433 1373 524 1396 modis
535 1375 776 1405 contemplationis
789 1377 862 1401 circa
875 1375 967 1402 Deum
976 1396 983 1408 ,

420 1409 471 1432 sub
483 1409 577 1439 figura
590 1411 681 1434 trium
696 1412 842 1437 cellarum.

329 1467 359 1498 l.
390 1470 570 1500 Introduxit
604 1480 651 1501 me
689 1473 756 1502 Rem
785 1473 817 1502 z'n
856 1473 982 1504 cellaria

273 1523 344 1544 sua.
370 1515 451 1545 Ecce
481 1516 567 1546 uude
593 1517 689 1555 odor,
715 1526 792 1547 ecce
818 1527 881 1556 quo
908 1527 981 1548 cur-

274 1559 370 1589 ritur.
409 1560 546 1590 Dixerat
586 1562 662 1600 quia
699 1564 914 1601 currendum,
950 1566 982 1595 et

276 1603 311 1632 in
340 1612 404 1642 quo
430 1606 651 1644 currendum3
675 1607 733 1637 sed
760 1616 823 1645 quo
849 1617 981 1638 curren-

276 1648 353 1678 dum
380 1651 466 1680 esset
493 1659 559 1681 non
580 1652 720 1682 dixerat.
743 1654 823 1691 Ergo
849 1654 889 1683 ad
914 1656 982 1684 cel-

275 1695 355 1724 laria
391 1697 551 1735 curritur,
578 1698 611 1727 et
646 1699 791 1729 curritur
816 1699 851 1729 in
883 1700 980 1730 odore

275 1741 331 1778 qui
359 1749 402 1770 ex
432 1741 513 1780 ipsis
546 1743 712 1781 procedit,
738 1753 852 1782 sponsa
885 1739 979 1775 illum

273 1787 366 1816 solita
391 1795 449 1817 sua
473 1789 648 1826 sagacitate
668 1791 920 1830 praesentiente,
947 1794 980 1822 et

272 1833 426 1870 cupiente
459 1834 494 1863 in
525 1834 628 1872 ipsius
660 1835 902 1873 plenitudinem
928 1837 979 1867 in-

271 1878 409 1908 troduci.
434 1880 555 1908 Verum
590 1880 630 1909 de
657 1881 800 1911 cellariis
826 1882 878 1911 his
900 1884 979 1921 quid

272 1924 479 1953 sentiendum
492 1926 644 1963 putamus
655 1925 667 1955 ἓ
678 1926 860 1963 Cogitemus
877 1936 915 1957 ea
931 1928 979 1958 in-

272 1969 369 1999 terim
398 1970 467 1999 loca
489 1971 636 2009 quaedam
667 1972 847 2003 redolentia
876 1982 978 2012 penes

271 2022 441 2053 sponsum,
467 2017 563 2054 plena
589 2017 831 2056 odoramentis,
857 2020 976 2050 referta

272 2060 409 2090 deliciis
432 2062 468 2090 In
494 2062 679 2092 istiusmodi
705 2071 823 2102 nempe
850 2064 977 2095 officina

272 2107 397 2143 potiora
412 2116 549 2146 quaeque
566 2117 609 2138 ex
631 2109 742 2147 horto,
759 2111 828 2140 sive
845 2118 886 2140 ex
903 2119 976 2148 agro
991 2107 993 2113 ’

271 2153 428 2182 servanda
444 2155 659 2191 reponuntur.
674 2156 753 2184 Illuc
769 2163 844 2193 ergo
856 2156 977 2193 pariter

270 2198 418 2227 currunt.
433 2198 514 2234 Qui?
529 2199 653 2236 Spiritu
669 2199 832 2229 ferventes
848 2201 974 2231 animae.

269 2243 375 2272 Currit
399 2252 530 2281 sponsa,
547 2245 680 2274 currunt
701 2245 950 2276 adolescentulae
967 2256 974 2275 τ

269 2288 326 2318 sed
351 2297 422 2326 quae
447 2290 533 2318 amat
558 2289 743 2327 ardentius,
761 2290 863 2320 currit
888 2292 975 2321 velo-

270 2334 357 2371 cius,
383 2334 417 2363 et
447 2334 545 2364 citius
570 2335 734 2372 pervenit.
761 2335 974 2374 Perveniens,

271 2387 334 2408 non
350 2379 422 2408 dico
436 2379 676 2416 repulsionem,
693 2380 750 2409 sed
765 2388 826 2410 nec
842 2382 975 2411 cuncta-

268 2425 392 2454 tionem
406 2424 539 2461 patitur.
556 2424 633 2454 Sine
649 2432 738 2454 mora
753 2426 900 2463 aperitur
924 2427 953 2456 ei
966 2450 974 2465 ,
989 2462 990 2470 ἵ

268 2472 435 2508 tamquam
459 2470 663 2508 domesticae,
689 2471 854 2510 tamquam
879 2473 990 2502 caris-'

268 2517 376 2553 simae,
391 2516 557 2554 tamquam
579 2516 767 2555 specialiter
781 2517 926 2556 dilectae,
943 2520 974 2548 et
989 2548 991 2550 ,

269 2561 476 2598 singulariter
500 2563 609 2600 gratae.
633 2563 889 2593 Adolescentulae
915 2573 990 2609 au-¹

267 2608 334 2635 tem
359 2606 458 2644 quid?
482 2607 667 2646 Sequuntur
689 2616 708 2638 a
732 2609 838 2647 longe.
865 2610 991 2653 Neque¹

771 224 801 251 S.
828 224 1060 251 BERNARDI
1085 227 1279 256 ABBATIS

1028 280 1163 316 possunt
1177 281 1348 314 devotione
1364 293 1438 316 cum
1453 294 1568 325 sponsa
1582 296 1711 320 currere
1721 309 1730 326 ,

1029 332 1088 354 nec
1108 325 1212 364 ipsius
1235 329 1366 360 omnino
1388 331 1511 362 imitari
1536 333 1731 364 desiderium

1029 371 1060 399 et
1068 369 1246 411 fervorem3
1258 374 1394 414 ideoque
1405 378 1527 409 tardius
1540 376 1732 418 perveifien·

1028 416 1094 453 tes,
1118 416 1195 448 foris
1216 423 1397 452 remanent.
1410 423 1450 453 At
1471 425 1588 455 caritas
1608 434 1731 464 sponsae

1026 468 1090 491 non
1101 463 1258 502 quiescit,
1273 474 1378 505 neque
1395 468 1578 508 insolescit,
1594 471 1631 501 ut
1645 480 1730 503 asso-

1026 506 1089 545 let,
1105 511 1306 541 successibus
1330 513 1412 551 suis,
1428 515 1464 544 ut
1479 524 1533 546 eas
1558 517 1731 549 oblivisca-

1026 552 1097 590 tur,
1114 556 1281 586 consolans
1295 558 1398 596 magis
1411 560 1445 589 et
1467 560 1598 591 hortans
1613 562 1653 592 ad
1674 571 1731 602 pa-

1024 597 1173 629 tientiam
1183 623 1191 639 ,
1207 603 1368 640 quatenus
1382 606 1610 643 aequanimiter
1629 609 1663 639 et
1677 611 1729 642 sui

1024 642 1130 675 ferant
1154 648 1335 687 repulsam,
1362 650 1395 680 et
1421 651 1510 681 illius
1535 652 1727 686 absentiam.

1023 688 1170 729 Denique
1196 693 1229 722 et
1252 694 1382 724 nuntiat
1398 695 1445 726 eis
1467 697 1619 734 gaudium
1642 699 1728 737 quod

1022 737 1187 775 percepit,
1203 746 1267 768 non
1278 739 1318 769 ob
1331 740 1420 771 aliud
1434 749 1510 772 sane
1519 765 1528 781 ,
1540 743 1604 773 nisi
1615 744 1651 774 ut
1665 745 1729 776 sibi

1022 783 1260 823 congaudeant,
1286 785 1364 816 dum
1397 787 1559 818 confidant
1590 790 1725 822 minime

1021 827 1163 858 alienum
1180 829 1246 860 fore
1262 839 1280 860 a
1295 840 1329 861 se
1339 854 1348 870 ,
1363 833 1517 871 quicquid
1531 836 1642 872 gratiae
1657 844 1726 866 ma-

1020 873 1061 902 tri
1077 876 1260 906 accesserit.
1274 878 1351 907 Nam
1363 887 1423 908 nec
1438 879 1494 909 illa
1510 880 1554 910 ita
1569 881 1725 919 proficere

1020 920 1128 958 curat,
1141 930 1203 959 quo
1215 922 1358 960 ipsarum
1369 925 1512 963 negligat
1524 934 1650 964 curam3
1663 936 1724 958 nec

1017 963 1176 999 juvandos
1197 976 1272 998 suos
1295 968 1460 1006 protectus
1474 972 1568 1009 putat
1592 972 1723 1003 illarum

1020 1009 1146 1041 damno.
1159 1013 1368 1052 Quocumque
1380 1016 1516 1052 proinde
1530 1018 1722 1048 meritorum

1020 1058 1230 1095 praerogativa
1253 1059 1386 1089 tollatur
1410 1060 1451 1090 ab
1475 1061 1561 1100 illis,
1586 1063 1722 1093 caritate

1019 1100 1137 1139 absque
1145 1102 1244 1132 dubio
1254 1103 1287 1134 et
1297 1103 1352 1142 pia
1359 1105 1579 1136 sollicitudine
1589 1115 1722 1138 necesse

1019 1146 1065 1175 est
1082 1155 1152 1176 eam
1166 1157 1295 1187 semper
1310 1158 1381 1180 esse
1396 1158 1471 1180 cum
1493 1151 1570 1181 illis.
1587 1152 1721 1190 Oportet

1018 1191 1158 1231 denique
1175 1202 1246 1224 eam
1262 1203 1413 1233 sponsum
1425 1205 1519 1226 suum
1536 1197 1675 1236 imitari,
1689 1199 1722 1228 et

1017 1239 1183 1274 petentem
1199 1240 1355 1270 nimirum
1370 1242 1484 1280 coelos,
1498 1244 1531 1272 et
1554 1242 1720 1272 nihilomi-

1015 1291 1076 1313 nus
1090 1284 1124 1314 in
1147 1286 1243 1315 terris
1257 1295 1330 1317 cum
1344 1288 1411 1318 suis
1430 1296 1464 1318 se
1480 1287 1547 1318 fore
1563 1297 1665 1327 usque
1680 1289 1720 1319 ad

1015 1332 1325 1362 consummationem
1355 1333 1465 1363 saeculi
1495 1334 1717 1371 pollicentem.

1014 1374 1066 1404 Sic
1082 1376 1114 1404 et
1133 1376 1210 1415 ista,
1223 1378 1432 1415 quantumvis
1446 1379 1609 1417 proficiat,
1621 1387 1721 1418 quan-

1014 1421 1166 1452 tumlibet
1198 1425 1445 1461 promoveatur3
1482 1432 1577 1464 cura,
1609 1425 1719 1463 provi-

1014 1465 1123 1495 dentia
1147 1468 1246 1505 atque
1271 1469 1389 1499 affectu
1413 1470 1453 1499 ab
1485 1470 1554 1508 his,
1580 1478 1659 1509 quas
1682 1470 1717 1501 in

1013 1512 1185 1549 Evangelio
1200 1512 1331 1551 genuIt,
1343 1522 1519 1552 numquam
1535 1517 1715 1554 amovetur,

1012 1565 1188 1595 numquam
1204 1567 1260 1588 sua
1275 1559 1401 1589 viscera
1416 1560 1635 1591 obliviscitur.

1052 1603 1082 1633 2.
1097 1604 1191 1634 Dicat
1205 1604 1314 1642 itaque
1334 1605 1382 1635 eis
1400 1614 1408 1635 ε
1425 1606 1569 1636 Gaudete
1581 1629 1591 1644 ,
1615 1607 1715 1637 confi-

1012 1648 1090 1678 dite.
1106 1651 1284 1680 Introduxit
1298 1660 1346 1681 τηε
1361 1660 1419 1681 rex
1434 1653 1466 1681 in
1481 1653 1608 1683 cellaria
1631 1662 1690 1683 sua
1703 1664 1712 1683 ι

1012 1696 1124 1732 putate
1141 1696 1174 1725 et
1192 1703 1249 1725 vos
1269 1696 1394 1734 pariter
1411 1697 1624 1728 introductas.
1640 1698 1714 1728 Sola

1012 1740 1196 1770 introducta
1211 1741 1344 1771 videor:
1363 1742 1420 1772 sed
1435 1742 1494 1772 soli
1515 1751 1580 1773 non
1595 1744 1713 1782 prode-

1011 1786 1066 1816 rit.
1082 1787 1236 1816 Vestrum
1258 1787 1407 1818 omnium
1425 1788 1475 1818 est
1494 1796 1589 1818 meus
1610 1790 1714 1820 omnis

1012 1831 1177 1869 profectus
1189 1841 1196 1862 :
1206 1833 1299 1864 vobis
1310 1833 1454 1872 proficio,
1465 1834 1631 1865 vobiscum
1643 1843 1713 1874 par-

1013 1878 1097 1907 tibor
1107 1879 1262 1917 quicquid
1274 1880 1345 1917 plus
1353 1879 1434 1909 forte
1446 1879 1539 1910 vobis
1551 1888 1709 1911 meruero.

1010 1924 1295 1955 Visindubitanter
1304 1926 1399 1963 scire,
1409 1926 1485 1964 quia
1497 1925 1532 1955 in
1545 1926 1604 1956 hoc
1618 1934 1712 1956 sensu

1010 1970 1042 1999 et
1053 1970 1171 2000 affectu
1185 1971 1293 2001 locuta
1313 1971 1354 2001 sit
1366 1971 1378 2000 ἓ
1388 1971 1471 2001 Audi
1490 1971 1569 2010 quid
1583 1971 1647 2001 illae
1658 1980 1710 2002 re-

1009 2015 1199 2052 spondeant.
1211 2016 1445 2047 Ersultabz'mus
1456 2019 1485 2047 et
1499 2017 1672 2047 laetabimur
1679 2018 1711 2047 in

1009 2061 1047 2089 te.
1061 2062 1098 2090 Ιη
1113 2062 1152 2097 le,
1166 2061 1334 2099 inquiunt,
1348 2062 1569 2093 exsultabimus
1583 2063 1611 2092 et
1625 2062 1711 2092 loeta-

1010 2105 1129 2144 bimur,-
1142 2115 1215 2135 nam
1229 2107 1263 2136 in
1272 2107 1365 2137 n0b1s
1379 2107 1520 2138 necdum
1532 2116 1707 2138 meremur.

1008 2152 1044 2180 Et
1060 2151 1182 2181 addunt
1207 2161 1215 2181 z
1246 2154 1395 2183 Memores
1418 2153 1549 2183 uberum
1570 2156 1708 2184 tuorum.

1009 2197 1075 2226 Hoc
1091 2198 1158 2235 est,
1177 2198 1404 2236 :equanimiter
1419 2199 1616 2230 sustinemus
1633 2200 1708 2229 dum

1007 2242 1136 2281 venias,
1152 2243 1292 2273 scientes
1306 2244 1338 2274 te
1354 2244 1460 2282 plenis
1472 2244 1512 2274 ad
1524 2252 1581 2274 nos
1599 2252 1709 2275 rever-

1007 2296 1114 2318 suram
1139 2289 1308 2318 uberibus.
1325 2290 1414 2319 Tunc
1435 2298 1493 2320 nos
1518 2290 1707 2320 confidimus

1008 2335 1173 2365 exsultare
1194 2335 1227 2364 et
1248 2335 1369 2373 laetari,
1395 2344 1554 2366 memores
1576 2336 1705 2366 interim

1010 2380 1145 2410 uberum
1160 2381 1301 2410 tuorum.
1312 2381 1402 2418 Quod
1414 2382 1603 2420 adjungunt,
1618 2390 1705 2420 super

1008 2428 1125 2463 vinum,
1140 2426 1321 2464 significant
1336 2434 1370 2456 se
1385 2427 1490 2457 adhuc
1505 2426 1636 2465 quidem
1648 2434 1702 2465 pro

1008 2471 1056 2501 sui
1074 2472 1321 2510 imperfectione
1336 2473 1513 2503 carnalium
1528 2471 1704 2502 desiderio-

1007 2526 1097 2555 rum,
1116 2527 1187 2556 quae
1208 2518 1284 2548 vino
1311 2518 1538 2557 designantur,
1559 2517 1704 2548 recorda--

1007 2564 1098 2594 tione
1114 2564 1255 2602 pulsari,
1277 2564 1365 2594 vinci
1387 2565 1496 2594 tamen
1513 2563 1625 2604 cadem
1646 2562 1700 2592 de-

1007 2610 1127 2640 sideria
1135 2610 1290 2640 memoria
1304 2608 1508 2640 abundantiae
1522 2607 1699 2644 suavitatis,

269 2651 374 2690 enim,
401 2660 474 2683 cum
503 2653 608 2685 adhuc
634 2653 771 2685 infirmae
797 2655 877 2693 sint,
903 2656 973 2695 pari
989 2654 992 2683 l
1008 2656 1223 2695 quamjamex
1234 2654 1548 2686 uberibustluentem
1559 2653 1699 2693 expertae
