1810 3073
496 209 540 236 IN
562 208 756 236 CANTmA
780 206 927 235 semro
948 207 1070 236 xxiv.
1441 215 1501 242 εὶς-ς

81 267 165 306 cipio
177 289 185 305 ,
205 267 237 297 et
252 265 381 303 dignum
400 262 538 292 arbitror
553 263 772 300 interruptum

78 313 183 350 potius
198 310 350 342 resarcire
365 316 558 346 sermonem,
585 316 681 346 quam
697 306 772 337 novi

76 357 175 387 ordiri
191 355 368 395 quippiam.
384 355 507 383 Vereor
522 354 631 383 autem
650 361 690 382 110
707 352 772 383 dis-

78 402 206 432 suetum
220 409 278 439 per
290 400 322 430 id
334 399 488 437 temporis
503 399 646 428 animum
659 398 692 428 et
707 398 772 428 dis-

77 448 200 476 tentum
214 446 270 475 diu
285 445 443 482 habitum,
460 453 524 473 non
540 444 644 473 solum
655 444 694 472 ad
706 444 771 473 tam

75 491 214 529 diversa,
229 491 286 521 sed
298 491 396 520 etiam
407 490 447 519 ad
462 490 527 518 tam
542 489 686 527 indigna,
703 488 772 526 dig-

75 536 158 566 nitas
172 536 332 573 materiae,
355 536 450 573 prout
466 534 612 572 oportet,
629 541 693 563 non
718 533 772 562 ad-

75 581 192 611 mittat.
212 582 274 611 Sed
303 582 329 611 si
349 580 433 619 quod
458 580 578 617 habeo,
598 579 660 608 hoc
678 579 771 609 vobis

75 626 114 655 do
125 626 264 664 :poterit
277 628 310 656 et
324 626 411 655 tideli
427 625 578 662 obsequio
588 632 659 654 mco
670 625 769 660 Deus,

75 672 174 701 etiam
189 672 273 710 quod
290 680 352 701 non
368 671 483 707 habeo,
500 669 575 699 dare
590 670 628 699 ut
639 670 724 699 dem.
737 669 770 698 Si

75 724 138 745 non
152 726 159 754 ;
177 718 326 756 culpetur
341 724 418 746 sane
434 715 600 753 ingenium
611 735 620 752 ,
633 722 697 744 non
713 723 770 745 vo-

76 762 197 792 luntas.

114 807 144 836 2.
162 808 260 836 Locus
274 806 381 835 autem
398 805 484 834 unde
505 804 650 842 incipere
673 804 771 835 debe-

73 859 144 881 mus
154 851 200 889 (ni
217 852 321 890 fallor)
338 851 398 881 iste
411 851 479 880 est:
492 851 718 889 Recticliliqunt
731 852 768 880 te.

72 896 162 933 Quod
178 897 350 934 antequam
365 896 542 933 explanare
558 895 769 933 incipiamus,

73 941 149 979 quid
170 942 212 971 sit
236 941 404 970 videamus
417 961 426 977 ,
440 940 530 977 cujus
545 940 606 977 sit,
623 940 770 978 quisnam

74 987 132 1016 hoc
157 987 312 1017 videlicet
339 986 438 1016 dicat.
465 986 490 1015 A
514 986 608 1015 nobis
631 994 770 1024 namque

73 1032 215 1070 exigitur
229 1032 314 1071 quod
336 1034 447 1062 auctor
468 1039 532 1061 non
552 1031 707 1069 loquitur.
734 1033 772 1062 Et

70 1076 203 1107 fortasse
214 1077 330 1107 melius
341 1076 589 1107 adolescentulis
601 1077 634 1106 id
646 1076 769 1115 damus,

72 1122 109 1150 ut
119 1122 184 1151 suis
200 1122 308 1152 verbis
327 1123 361 1152 et
375 1122 435 1151 hoc
452 1122 581 1151 addant.
602 1122 769 1160 Siquidem

71 1175 145 1196 cuin
161 1167 338 1205 dixissent,
352 1167 588 1198 Exsultabimus
606 1169 634 1197 et
651 1168 771 1197 loelabi-

72 1221 143 1241 111111·
152 1214 182 1241 in
199 1215 238 1248 te,
248 1222 396 1242 vnzae,0n²o⁷·c².<›·
410 1212 538 1242 uberum
548 1215 671 1242 tuorum
682 1222 770 1251 super

71 1261 189 1296 vinum,
208 1259 290 1298 (nec
304 1260 438 1290 dubium
453 1260 532 1298 quin
546 1260 640 1290 matri
657 1261 770 1298 loque-

71 1304 196 1343 rentur)
212 1305 398 1334 continuato
409 1312 556 1334 sermone
567 1305 628 1335 hoc
641 1314 768 1343 quoque

71 1348 216 1379 inserunt
232 1358 240 1379 t
257 1351 476 1389 Rectidz'liqunt
488 1352 525 1380 te.
542 1351 621 1380 Puto
637 1353 769 1390 propter

72 1397 195 1435 aliquas
210 1398 250 1427 de
265 1406 400 1427 numero
421 1398 560 1435 ipsarum
576 1420 584 1435 ,
606 1407 679 1437 quae
702 1407 766 1428 non

73 1442 158 1471 idem
184 1443 353 1481 saperent,
381 1443 461 1473 licet
487 1444 609 1481 pariter
636 1452 767 1474 currere

70 1488 275 1525 viderentur3
299 1497 370 1527 quae
386 1497 443 1518 sua
468 1489 542 1518 sunt
565 1490 766 1529 quaerentes,

71 1533 105 1562 et
125 1541 188 1563 non
213 1533 416 1563 ambulantes
440 1533 635 1572 simpliciter
660 1543 765 1574 neque

72 1579 198 1608 sincere
209 1600 218 1617 ,
234 1579 289 1609 sed
312 1579 446 1617 speciali
463 1579 573 1617 gloriae
588 1581 701 1610 matris
716 1581 766 1610 in-

70 1623 219 1653 videntes
228 1646 237 1662 ,
248 1625 281 1654 et
290 1624 456 1662 captantes
463 1625 663 1655 occasionem
677 1634 766 1655 mur-

70 1668 217 1697 murandi
234 1668 389 1698 adversus
399 1676 484 1706 eam,
502 1678 544 1699 ex
558 1677 595 1699 eo
610 1670 765 1700 nimirum

69 1713 154 1750 quod
174 1713 239 1743 sola
263 1713 297 1742 in
319 1714 449 1743 cellaria
474 1714 654 1744 introisset.
675 1716 766 1753 Quod

68 1766 132 1787 uon
147 1760 195 1788 cst
217 1759 305 1788 aliud
320 1759 384 1789 nisi
402 1760 487 1797 quod
512 1760 680 1797 Apostolus
699 1761 764 1798 ait,

67 1805 241 1834 Periculum
260 1806 292 1834 in
308 1806 393 1843 falsis
403 1805 565 1843 fratribus.
579 1806 658 1844 lpsae
673 1808 765 1845 sunt,

69 1849 208 1888 denique
217 1850 334 1888 quibus
349 1850 620 1888 exprobrantibus
630 1852 765 1882 subinde

67 1902 125 1932 pro
149 1903 182 1925 se
204 1895 390 1926 satisfacere
411 1896 555 1934 cogitur,
572 1897 628 1926 ubi
649 1897 695 1928 eis
721 1899 765 1928 ita

66 1940 239 1977 respondet
252 1942 367 1979 :Niqra
378 1950 459 1977 sum,
472 1942 522 1971 scd
537 1942 685 1979 formosa,
695 1944 765 1980 filiae

65 1985 247 2015 Jerusalem.
261 1986 372 2024 Itaque
384 1987 517 2024 propter
527 1990 765 2019 murmurantes

67 2030 101 2059 et
124 2030 385 2069 blasphemantes
410 2032 530 2062 dicitur
551 2034 592 2063 ab
620 2034 671 2064 his
693 2043 764 2072 quae

66 2072 158 2103 bonae
170 2096 180 2112 ,
196 2084 267 2113 quae
282 2075 447 2114 simplices
462 2098 471 2114 ,
490 2085 563 2115 quae
578 2078 717 2108 humiles
732 2080 765 2109 et

68 2122 245 2150 mansuetae
257 2122 331 2151 sunt
343 2129 352 2158 3
363 2121 403 2150 ab
415 2121 478 2159 his,
491 2122 635 2161 inquam,
647 2124 765 2155 dicitur

65 2172 188 2202 sponsae
202 2166 383 2196 consolandi
395 2167 496 2205 gratia
515 2177 522 2197 :
539 2170 625 2199 Rectz'
637 2170 764 2209 dillqunt

68 2212 106 2240 te.
122 2211 188 2241 Non
200 2212 243 2242 sit
267 2212 341 2250 tibi,
367 2212 541 2252 inquiunt,
554 2223 630 2244 cura
645 2216 685 2245 de
701 2216 764 2246 ini-

64 2264 127 2294 qua
147 2258 398 2294 reprehensione
416 2259 690 2298 blasphemiarum
706 2262 764 2292 ha-

65 2310 150 2339 rum,
163 2311 234 2332 cum
247 2304 386 2342 constet,
396 2305 471 2342 quia
483 2307 569 2336 Recte·
581 2307 709 2345 diliqunt
724 2309 761 2338 te.

65 2346 151 2376 Bona
166 2347 309 2385 protecto
324 2350 510 2388 consolatio,
526 2359 600 2381 cum
612 2352 764 2390 blasphe-

66 2399 191 2421 mamur
206 2399 223 2421 a
238 2393 331 2423 malis
346 2394 428 2424 bene
444 2394 600 2426 facientes
611 2418 620 2434 ,
639 2397 666 2427 si
682 2398 762 2428 recti

65 2436 200 2475 diligant
215 2446 284 2468 nos.
308 2439 445 2469 Omnino
464 2440 584 2470 suflicit
610 2443 764 2473 adversus

68 2489 102 2511 os
115 2482 316 2520 loquentium
337 2484 447 2522 iniqua
458 2506 467 2521 ‚
485 2485 592 2523 opinio
608 2487 762 2518 bonorum

65 2535 139 2557 cum
155 2528 339 2559 testimonio
351 2531 570 2562 conscientiae.
587 2534 624 2562 1η
632 2536 763 2565 Domino

66 2571 243 2603 laudabitur
255 2575 363 2604 anima
374 2584 442 2605 mea
452 2585 461 2605 ε
471 2577 599 2607 audiant
614 2581 766 2611 mansueti

66 2618 93 2646 et
112 2618 259 2668 Ioetenh-w.
282 2622 450 2658 Mansueli,
467 2621 592 2660 inquit,
609 2625 761 2656 Ioetentur.

214 2671 239 2689 ³.

807 262 977 291 Mansuetis
992 262 1149 299 placeam,
1162 258 1196 292 et
1210 265 1434 301 aequanimiter
1447 278 1502 297 aa·

806 306 857 336 dio
869 306 1025 344 quidquid
1038 307 1070 336 in
1093 315 1144 337 me
1163 307 1286 344 jactare
1303 311 1445 342 voluerit
1459 314 1502 341 li-

809 359 865 381 vor
879 352 1092 389 perditarum.

843 397 874 425 5.
890 397 969 434 Ergo
984 396 1018 426 in
1034 397 1094 427 hoc
1108 406 1203 428 sensu
1218 398 1296 436 puto
1308 400 1502 439 appositum,

803 442 1020 480 Rectidilz'qunt
1031 444 1069 472 le.
1082 444 1146 473 Nec
1156 443 1306 481 absurde,
1315 445 1350 473 ut
1362 445 1502 474 aestim0:

803 494 876 514 cum
891 487 1013 525 ubique
1035 496 1120 525 pene
1143 489 1177 518 in
1200 489 1298 519 choro
1315 490 1503 520 adolescen-

804 531 943 561 tularum
970 533 1051 563 tales
1077 533 1285 564 inveniantur
1296 557 1306 574 ,
1335 544 1408 574 quae
1431 538 1503 566 acta

801 584 924 613 sponsae
940 578 1065 608 curiose
1088 578 1280 619 observent,
1304 580 1477 618 derogandi
1493 602 1503 617 ‚

803 629 866 650 non
884 621 1034 652 imitandi
1050 632 1154 654 causa.
1170 625 1372 663 Torquentur
1388 627 1421 655 in
1446 626 1502 655 bo-

802 665 851 694 nis
867 667 1029 697 seniorum
1045 676 1188 707 suorum,
1204 670 1298 700 malis
1313 671 1500 708 pascuntur.

802 710 918 740 Videas
943 713 1111 743 ambulare
1137 722 1302 753 seorsum,
1326 715 1502 745 convenire

799 755 909 786 sibiet
925 758 1040 788 sedere
1064 759 1206 798 pariter,
1224 769 1365 798 moxque
1388 761 1502 790 laxare

802 809 951 838 procaces
966 803 1091 842 linguas
1104 805 1136 834 in
1150 805 1375 836 detestandum
1390 814 1503 836 susur-

801 847 897 877 rium.
916 849 984 878 Una
999 850 1056 879 uni
1073 851 1278 890 conjungitur
1289 874 1299 890 ,
1323 860 1383 882 nec
1399 853 1503 889 spira-

801 893 909 923 culum
925 895 1048 926 incedit
1063 897 1097 926 in
1120 897 1190 935 eis3
1214 898 1304 928 tanta
1325 898 1374 927 est
1399 898 1502 927 libido

801 938 992 970 detrahendi
1007 963 1016 978 ,
1042 942 1241 973 audiendive
1258 943 1498 973 detrahentem.

803 984 918 1015 [neunt
945 985 1203 1018 familiaritatem
1231 989 1272 1018 ad
1300 988 1502 1018 maledicen—

801 1029 878 1058 dum
891 1052 899 1068 ,
918 1032 1090 1062 concordes
1105 1034 1146 1063 ad
1161 1034 1365 1064 discordiam.
1388 1034 1504 1063 Conci-

802 1075 880 1106 liaut
904 1076 990 1107 inter
1013 1087 1047 1108 se
1064 1079 1304 1110 inimicissimas
1320 1080 1501 1119 amicitias,

801 1121 909 1158 etpari
922 1124 1145 1154 consentaneae
1158 1125 1369 1163 malignitatis
1381 1125 1499 1156 affectu

801 1166 984 1197 celebratur
999 1170 1108 1199 odiosa
1123 1171 1264 1201 collatio.
1291 1171 1384 1201 Haud
1406 1179 1502 1201 secus

800 1219 894 1248 egere
907 1214 1066 1251 quondam
1082 1216 1225 1246 Herodes
1249 1216 1282 1246 et
1306 1216 1444 1253 Pilatus,
1460 1217 1502 1246 do

799 1256 917 1293 quibus
946 1260 1055 1288 narrat
1076 1261 1287 1299 Evangelium
1300 1283 1309 1299 ,
1333 1261 1409 1299 quia
1423 1262 1501 1299 facti

798 1304 870 1331 sunt
885 1305 978 1333 11111101·
992 1305 1023 1334 in
1040 1306 1094 1335 illa
1106 1307 1170 1343 die,
1187 1307 1247 1336 hoc
1264 1307 1312 1336 est
1326 1307 1360 1335 in
1374 1306 1426 1336 die
1443 1306 1501 1335 do-

801 1347 927 1378 minicae
951 1351 1121 1388 passionis.
1145 1352 1423 1382 convenientibus
1452 1352 1498 1381 sic

799 1392 832 1421 in
848 1401 969 1432 unum,
995 1403 1061 1425 non
1084 1396 1133 1426 est
1158 1397 1354 1426 dominicam
1374 1404 1500 1426 coenam

799 1439 994 1470 manducare
1005 1463 1014 1478 ,
1029 1442 1087 1471 sed
1103 1443 1204 1480 magis
1217 1443 1390 1481 propinare
1403 1442 1436 1472 et
1451 1442 1501 1472 bi-

798 1483 875 1514 bere
902 1485 1036 1516 calicem
1066 1487 1316 1526 daemoniorum3
1339 1488 1414 1518 dum
1439 1488 1501 1517 im-

797 1529 1001 1566 portantibus
1017 1532 1136 1570 linguis
1151 1533 1288 1563 aliorum
1304 1532 1499 1571 perditionis

798 1573 899 1612 virus,
916 1576 1054 1606 aliorum
1066 1586 1159 1608 aures
1173 1578 1348 1608 intrantem
1361 1579 1500 1608 mortem

798 1618 939 1651 libenter
963 1622 1147 1660 excipiunt.
1175 1623 1227 1653 Sic
1250 1624 1372 1662 quippe
1404 1624 1499 1660 juxta

798 1665 989 1703 prophetam
1006 1670 1103 1699 intrat
1111 1679 1194 1700 mors
1206 1679 1262 1708 per
1270 1670 1418 1707 fenestras
1429 1678 1500 1698 nos-

799 1712 880 1748 tras,
898 1720 968 1742 cum
981 1714 1168 1751 prurientes
1184 1715 1317 1744 auribus
1329 1715 1362 1744 et
1376 1714 1498 1751 oribus,

798 1756 894 1786 letale
907 1759 1058 1795 poculum
1071 1759 1430 1790 detractionisinvicem
1443 1768 1500 1789 no-

797 1801 848 1832 bis
874 1803 1060 1834 ministrare
1082 1805 1319 1836 contendimus.
1345 1806 1412 1835 Non
1438 1814 1497 1834 ve—

799 1848 864 1878 niat
884 1849 992 1878 anima
1014 1858 1087 1879 mea
1109 1850 1144 1879 in
1161 1851 1298 1880 concilio
1321 1850 1498 1880 detrahen-

799 1894 877 1923 tium
891 1917 900 1932 ,
917 1895 1070 1932 quoniam
1087 1896 1174 1925 Deus
1191 1896 1257 1925 odit
1277 1904 1348 1933 eos,
1367 1897 1501 1926 dicento

798 1940 945 1977 Apostolo
958 1942 1170 1972 :Detractores
1178 1943 1242 1971 Deo
1251 1942 1385 1972 odibiles.
1396 1942 1498 1978 Quam

798 1985 996 2015 sententiam
1012 1987 1097 2016 Deus
1113 1986 1180 2024 ipse
1202 1988 1338 2025 loquens
1355 1987 1390 2017 in
1410 1989 1500 2026 psal-

798 2039 861 2068 mo,
871 2032 946 2061 audi
955 2032 1114 2070 quomodo
1127 2033 1293 2063 confirmat
1306 2034 1501 2063 :Detrahen-

798 2082 874 2116 tem,
901 2079 1024 2119 inquit,
1044 2082 1189 2120 proximo
1208 2090 1282 2120 suo,
1297 2082 1378 2112 hunc
1397 2091 1504 2121 persc-

797 2126 922 2164 quebar.

842 2170 873 2200 [ι.
903 2171 967 2202 Nec
1001 2171 1117 2202 mirum
1131 2194 1141 2210 ‚
1168 2181 1241 2203 cum
1272 2173 1305 2203 id
1333 2174 1498 2212 praecipue

799 2216 914 2246 vitium
927 2217 1109 2256 caritatem,
1123 2227 1195 2256 quae
1208 2219 1293 2248 Deus
1308 2221 1370 2257 est,
1380 2220 1413 2249 et
1425 2221 1500 2258 qui-

797 2262 871 2292 dem
885 2264 1012 2293 caeteris
1032 2264 1152 2302 acrius,
1168 2264 1359 2303 impugnare
1375 2266 1408 2295 et
1422 2274 1499 2304 per-

796 2309 888 2346 sequi
909 2311 1118 2347 cognoscatur
1130 2331 1139 2347 ,
1155 2311 1426 2348 quemadmodum
1442 2320 1500 2341 vos

796 2362 922 2392 quoque
943 2355 1078 2393 potestis
1099 2356 1281 2386 advertere.
1307 2356 1418 2386 Omnis
1441 2358 1498 2395 qui

797 2399 951 2438 detrahit,
967 2400 1107 2438 primum
1122 2400 1254 2438 quidem
1265 2401 1408 2440 seipsum
1424 2411 1500 2440 pro-

797 2444 844 2474 dit
859 2453 996 2475 vacuum
1012 2446 1159 2475 caritate.
1176 2447 1303 2477 Deinde
1319 2447 1397 2485 quid
1409 2447 1496 2476 aliud

797 2489 996 2521 detrahendo
1022 2491 1186 2528 intendit,
1218 2491 1283 2522 nisi
1312 2493 1349 2522 ut
1373 2492 1423 2529 is,
1444 2491 1497 2520 cui

797 2535 958 2574 detrahit,
975 2537 1085 2567 veniat
1100 2537 1134 2567 in
1145 2537 1254 2567 odium
1270 2538 1322 2567 vel
1335 2538 1499 2574 contemp-

797 2581 865 2611 tum
891 2582 988 2621 ipsis,
1009 2583 1093 2621 aqud
1119 2591 1199 2621 quos
1226 2581 1388 2612 detrahit?
1411 2583 1497 2612 Ferit

798 2635 872 2664 ergo
893 2627 1062 2657 caritatem
1085 2628 1119 2658 in
1143 2627 1292 2657 omnibus
1310 2626 1415 2662 quise
1437 2635 1497 2656 au-

1310 2673 1343 2700 1ἕί
