1846 3078
235 226 296 258 4211-

235 291 287 316 res
297 305 306 321 ‚
323 283 510 323 apparebit,
523 283 609 323 quod
619 291 684 314 non
698 284 741 314 sit
751 282 933 313 istiusmodi

235 330 458 361 similitudinis
471 330 596 370 pariter
612 331 645 360 et
659 327 933 359 dissimilitudinis

234 375 378 414 diploide
406 376 607 415 adopertum.
634 376 681 404 An
705 381 770 404 non
795 372 932 411 diplois,

233 421 290 452 ubi
303 430 367 452 non
385 423 514 458 innata,
529 421 587 451 sed
613 420 709 450 affixa
721 441 731 456 ,
748 418 781 447 et
794 417 933 455 quadam

233 468 326 506 quasi
337 476 397 498 acu
412 467 536 506 peccati
553 467 659 495 assuta
671 465 719 493 est
731 462 933 501 simplicitati

232 513 341 552 fraus,
366 511 602 543 immortalitati
628 518 734 547 mors,
756 507 933 538 necessitas

231 560 398 590 libertati?
412 560 520 596 Neque
538 556 624 586 enim
642 555 790 585 essentiae
806 553 934 592 simpli-

232 601 323 637 citati
343 604 522 644 praescribit
540 601 713 640 duplicitas
729 600 851 637 cordis;
866 607 933 628 non

231 654 357 683 naturae
372 648 609 680 immortalitati
623 655 727 685 mors,
743 648 798 677 aut
818 647 935 676 volun-

230 698 313 728 taria
328 696 471 735 peccati,
493 695 547 724 aut
563 693 745 723 necessaria
770 692 933 731 corporis;

230 752 295 774 non
311 741 438 772 arbitrii
466 739 612 769 libertati
627 739 806 769 necessitas
820 738 934 769 volun—

229 789 319 818 tariae
335 786 514 817 servitutis.
530 786 577 814 Ita
593 784 686 815 bonis
710 785 833 814 naturae
848 783 934 813 mala

230 833 433 870 adventitia,
463 831 540 861 dum
564 839 630 860 non
653 830 850 868 succedunt,
876 829 934 860 sed

229 878 406 916 accedunt,
430 877 563 915 turpant
578 877 691 914 utique
709 884 763 914 ea,
787 884 853 905 non
874 883 934 905 ex-

229 924 428 962 terminant3
447 922 639 952 conturbant
665 929 729 950 non
745 919 931 950 deturbant.

229 970 308 1001 Inde
324 970 434 1000 anima
449 968 617 998 dissimilis
632 967 700 997 Deo
711 989 720 1005 ,
746 966 822 996 inde
839 965 934 996 dissi-

229 1016 318 1046 milis
344 1016 393 1046 est
409 1015 442 1045 et
459 1014 522 1045 sibi
550 1023 557 1043 :
576 1013 652 1043 inde
675 1013 859 1051 comparata
879 1012 933 1050 ju-

229 1062 349 1092 mentis
365 1060 618 1099 insipientibus,
647 1059 680 1089 et
705 1058 822 1088 similis
849 1057 933 1089 facta

230 1108 280 1138 est
293 1106 359 1137 illis
374 1114 382 1135 z
397 1106 473 1136 inde
489 1104 573 1143 quod
585 1103 703 1142 legitur
719 1104 933 1133 commutasse

228 1154 365 1193 gloriam
389 1161 479 1182 suam
503 1153 538 1181 in
561 1150 811 1181 similitudinem
836 1150 934 1180 vituli

230 1199 432 1230 comedentis
466 1197 590 1227 foenum
619 1205 627 1225 :
653 1196 729 1225 inde
763 1196 933 1234 homines,

229 1248 395 1284 tamquam
406 1245 539 1282 vulpes,
552 1241 754 1282 duplicitatis
767 1243 800 1272 et
811 1241 934 1272 fraudis

229 1292 340 1322 foveas
355 1292 478 1321 habent
495 1299 503 1319 :
527 1291 560 1320 et
574 1290 650 1328 quia
666 1297 761 1327 pares
780 1287 934 1327 vulpibus

231 1347 269 1369 se
295 1338 464 1375 fecerunt,
489 1336 599 1375 partes
623 1335 773 1373 vulpium
801 1336 898 1365 erunt
924 1344 932 1364 ι

226 1384 326 1422 inde,
349 1384 447 1422 juxta
474 1383 677 1412 Salomonem
690 1402 701 1418 ,
727 1390 807 1412 unus
834 1383 934 1411 exitus

229 1430 349 1460 homini
381 1431 411 1459 et
437 1430 591 1467 jumento.
621 1427 741 1464 Quidni
782 1427 935 1457 similiter

231 1476 347 1513 exeat,
369 1474 426 1513 qui
447 1473 600 1503 similiter
619 1472 725 1502 vixit?
745 1473 845 1502 Morus
858 1480 935 1503 nns-

230 1528 326 1551 TIALI
342 1520 492 1550 incubuit
512 1518 671 1555 terrenis,
686 1518 789 1547 morte
805 1518 933 1547 bestiali

231 1567 374 1598 excedet
388 1565 586 1596 terris.Audi
603 1564 702 1594 aliud.
714 1563 800 1601 Quid
815 1564 934 1593 mirum

230 1613 259 1643 si
276 1612 418 1642 similem
434 1611 587 1641 sortimur
609 1610 754 1647 exitum,
771 1609 827 1648 qui
844 1611 876 1639 et
891 1610 935 1639 si-

228 1659 345 1689 milem
361 1658 519 1687 habemus
533 1655 725 1685 introitum?
739 1655 830 1684 Unde
847 1655 934 1684 enim

229 1704 434 1740 hominibus,
442 1702 506 1732 nisi
515 1701 554 1732 de
565 1701 780 1732 similitudine
793 1701 934 1739 bestiali,

230 1751 289 1781 ille
311 1750 379 1780 tam
404 1749 628 1786 intemperans
650 1746 744 1776 ardor
767 1746 800 1776 in
829 1747 935 1785 coitu,

229 1800 298 1828 tam
318 1795 553 1826 immoderatus
573 1793 664 1824 dolor
689 1793 725 1823 in
746 1792 870 1832 partu?
889 1795 935 1824 lta

229 1843 329 1873 homo
345 1841 380 1871 in
395 1841 557 1878 conceptu
581 1840 614 1869 et
639 1840 730 1877 ortu,
761 1839 796 1868 in
820 1839 889 1869 vita
903 1841 937 1870 et

231 1888 339 1919 morte
365 1886 569 1926 comparatus
597 1886 647 1915 est
671 1885 828 1923 jumentis
855 1885 937 1916 insi-

230 1934 400 1974 pientibus
410 1955 420 1971 ,
437 1933 469 1962 et
484 1932 599 1962 similis
614 1931 717 1962 factus
732 1933 781 1962 est
796 1932 874 1962 illis.

270 1981 302 2011 6.
311 1979 395 2018 Quid
407 1978 493 2018 quod
506 1978 612 2008 libera
624 1978 771 2008 creatura
786 1977 850 2008 sibi
862 1978 937 2007 sub-

232 2026 338 2056 ditum
354 2024 536 2063 appetitum
552 2031 616 2053 non
637 2024 723 2062 regit
737 2024 773 2053 ut
787 2023 915 2053 domina
926 2045 936 2062 ,

232 2072 288 2102 sed
303 2071 451 2110 sequitur
475 2070 509 2099 et
529 2069 720 2108 obsequitur
741 2069 779 2099 ut
794 2069 937 2100 ancilla?

231 2118 342 2147 Nonne
363 2117 396 2147 et
412 2117 446 2146 in
460 2115 522 2145 boc
547 2124 581 2146 se
607 2115 765 2146 assimilat
781 2117 814 2146 et
833 2123 938 2145 annu—

232 2163 338 2192 merat
352 2162 478 2192 caeteris
491 2161 724 2199 animantibus,
741 2170 812 2200 quae
822 2162 937 2191 natura

230 2216 299 2238 non
312 2208 346 2237 in
360 2207 547 2238 libertatem
558 2207 709 2245 vocavit,
721 2207 778 2237 sed
792 2207 938 2238 condidit

232 2254 269 2284 in
283 2253 478 2284 servitutem
493 2254 617 2284 servire
629 2262 686 2284 suo
702 2254 824 2291 ventri,
837 2261 938 2292 appe-

231 2299 310 2330 titui
325 2298 476 2328 obedire?
502 2299 612 2329 Nonne
642 2299 701 2329 tali
727 2299 845 2329 merito
861 2307 937 2329 con-

231 2345 381 2377 funditur
392 2344 560 2382 perhiberi
576 2346 629 2375 vel
647 2345 829 2375 existimari
845 2346 938 2375 simi-

231 2391 274 2421 lis
286 2388 395 2420 Deus?
416 2388 558 2427 Ideoque
574 2390 620 2419 ait
636 2399 643 2419 t
660 2391 858 2421 Existimasti
876 2391 938 2420 ini-

233 2445 310 2475 que,
337 2435 417 2474 quod
444 2443 496 2465 ero
522 2435 568 2465 tui
591 2436 710 2465 similis.
739 2437 778 2466 Et
806 2436 907 2466 infert
927 2445 935 2466 :

232 2482 375 2520 Arquam
401 2482 445 2517 te,
479 2482 508 2510 et
532 2481 670 2511 statuam
694 2482 802 2511 contra
825 2482 937 2519 facicm

233 2526 418 2557 1uam.Non
446 2526 495 2555 est
519 2533 590 2556 sese
616 2525 762 2555 videntis
790 2528 907 2557 animae
925 2549 935 2566 ,

233 2573 340 2602 Deum
355 2571 546 2602 existimare
561 2570 701 2601 similem
717 2571 798 2609 sibi,
822 2573 937 2603 animae

235 2617 408 2647 dumtaxat
423 2615 548 2656 (qualis
561 2624 635 2646 mea
657 2614 729 2656 est)
744 2618 938 2655 peccatricis

240 2664 275 2694 et
289 2662 420 2702 iniquae.
432 2662 596 2702 Eiusmodi
611 2669 751 2701 namque
763 2662 911 2702 arguitur
927 2670 936 2692 t

707 229 738 258 S.
767 228 999 258 BERNARDI
1020 227 1220 257 ABBATIS

971 283 1170 314 Existimasti
1192 284 1313 323 iniquo,
1337 283 1400 322 aiu
1423 283 1456 315 et
1477 291 1543 313 non
1564 282 1665 319 dieii,

969 327 1165 359 existimasti
1202 329 1328 368 anima,
1369 330 1423 361 vel
1473 327 1666 360 existimasti

968 371 1082 410 homo,
1098 374 1182 412 quod
1199 383 1253 404 ero
1275 375 1325 404 tui
1341 375 1469 405 similis.
1484 375 1549 406 Sed
1563 374 1590 404 si
1605 374 1668 404 sta-

967 419 1080 449 tuatur
1102 420 1236 458 iniquus
1259 422 1334 451 ante
1356 421 1474 452 faciem
1499 429 1590 451 suam
1604 441 1613 457 ,
1634 420 1668 449 et

967 466 1078 495 contra
1111 467 1239 496 vultum
1273 467 1446 505 quemdam
1484 465 1668 496 morbidum

966 511 1183 550 putidumque
1199 511 1366 542 interioris
1383 512 1525 542 hominis
1541 512 1590 542 sui
1611 510 1670 540 sis·

967 556 1054 586 tatur
1065 578 1074 594 ,
1088 558 1125 587 ut
1141 557 1344 588 dissimulare
1357 557 1413 587 aut
1427 557 1591 587 declinare
1602 564 1669 586 non

967 603 1066 639 queat
1092 603 1316 641 impuritatem
1345 603 1554 633 conscientiae
1583 610 1668 639 suae,

967 648 1023 678 sed
1036 648 1148 679 videat
1171 649 1225 679 vel
1245 649 1370 679 invitus
1385 649 1495 679 sordes
1517 648 1670 686 peccato·

967 703 1038 724 rum
1054 703 1203 733 suorum,
1219 695 1374 725 vitiorum
1388 695 1543 733 inspiciat
1565 692 1672 723 desor-

967 740 1131 772 mitatem:
1142 741 1416 779 nequaquamjam
1428 740 1549 779 poterit
1558 738 1671 769 existi·

967 794 1055 816 mare
1067 788 1170 817 Deum
1184 787 1251 817 fore
1266 787 1408 817 similem
1418 787 1493 824 sibi,
1505 785 1563 816 sed
1577 784 1670 824 quasi

967 830 1116 862 diffidens
1172 839 1229 870 pro
1271 832 1362 861 tanta
1404 828 1669 861 dissimilitudine

967 884 1063 914 quam
1079 877 1224 916 videbit,
1240 878 1319 916 puto
1341 876 1556 914 exclamabit,
1573 876 1606 905 et
1621 874 1671 904 di-

967 923 1036 951 cet:
1052 924 1202 960 Domine,
1214 926 1281 962 quis
1294 924 1402 954 similis
1416 922 1490 953 tibi?
1501 921 1587 960 quod
1599 920 1670 960 qui-

968 967 1041 997 dem
1067 968 1191 998 dictum
1211 977 1269 1006 pro
1284 969 1468 998 voluntaria
1493 967 1550 997 illa
1565 967 1599 997 et
1611 973 1671 996 no-

966 1013 1046 1043 vitia
1061 1013 1430 1045 dissiinilitudine.Nam
1446 1013 1556 1043 manet
1565 1012 1671 1050 prima

967 1060 1147 1090 similitudo
1164 1069 1172 1090 ι
1195 1061 1228 1090 et
1246 1060 1321 1090 ideo
1336 1060 1393 1090 illa
1412 1060 1486 1099 plus
1501 1058 1670 1097 displicet,

967 1106 1053 1145 quod
1078 1107 1139 1136 ista
1165 1107 1287 1137 manet.
1314 1106 1339 1135 Ο
1363 1106 1522 1145 quantum
1551 1104 1671 1134 bonum

968 1152 1049 1191 ista,
1065 1153 1285 1191 quantumque
1300 1152 1422 1182 malum
1444 1151 1518 1181 illa!
1533 1151 1582 1180 Ex
1601 1158 1674 1180 mu-

967 1200 1023 1229 tua
1037 1201 1146 1229 tamen
1164 1199 1337 1229 collatione
1352 1199 1490 1237 utraque
1504 1196 1603 1228 resin
1616 1204 1674 1235 ge-

968 1253 1046 1274 nere
1062 1253 1118 1275 suo
1133 1245 1207 1283 plus
1223 1244 1358 1274 eminet.

1009 1292 1039 1321 7.
1055 1292 1132 1321 Cum
1147 1299 1221 1329 ergo
1237 1291 1346 1320 anima
1361 1290 1486 1320 tantam
1507 1290 1542 1319 in
1557 1297 1591 1320 se
1606 1296 1673 1319 una

968 1345 1078 1366 rerum
1091 1337 1279 1367 distantiam
1292 1336 1408 1374 cernit,
1417 1336 1530 1374 quidni
1542 1335 1672 1372 clamet,

969 1383 1056 1413 inter
1071 1391 1160 1422 spem
1173 1384 1205 1413 et
1217 1382 1478 1421 desperationem
1493 1382 1606 1420 utique
1618 1389 1674 1419 po-

969 1429 1029 1459 sita
1046 1437 1055 1458 ε
1072 1429 1208 1459 Domine
1222 1451 1231 1467 ,
1255 1428 1327 1466 quis
1342 1428 1458 1458 similis
1472 1427 1521 1457 tui
1534 1427 1546 1457 ἓ
1560 1427 1675 1456 Trahi-

969 1476 1022 1505 tur
1038 1476 1070 1505 in
1093 1475 1354 1513 desperationem
1370 1482 1429 1513 pro
1457 1473 1547 1503 tanto
1563 1473 1647 1503 malo
1664 1482 1672 1501 ε

970 1521 1025 1550 sed
1056 1522 1230 1550 revocatur
1252 1521 1286 1549 in
1307 1528 1399 1556 spem
1422 1527 1441 1549 a
1462 1519 1554 1549 tanto
1576 1519 1672 1548 bono.

970 1566 1047 1596 Inde
1065 1566 1137 1603 est,
1153 1566 1190 1595 ut
1210 1573 1272 1603 quo
1287 1564 1350 1594 sibi
1372 1564 1445 1602 plus
1460 1563 1615 1601 displicet
1638 1562 1674 1592 in

969 1612 1055 1641 malo
1070 1611 1156 1650 quod
1172 1611 1206 1641 in
1221 1620 1254 1641 se
1270 1610 1382 1647 videt,
1398 1618 1436 1640 eo
1458 1619 1492 1640 se
1508 1609 1675 1639 ardentius

971 1658 1010 1687 ad
1021 1658 1141 1686 bonum
1155 1678 1165 1694 ,
1180 1656 1267 1694 quod
1282 1665 1374 1694 aeque
1390 1656 1424 1685 in
1439 1663 1473 1685 se
1495 1655 1673 1694 conspicit,

971 1703 1098 1740 trahat,
1119 1702 1294 1740 cupiatque
1317 1701 1389 1731 fieri
1410 1701 1450 1731 ad
1477 1701 1564 1739 quod
1589 1700 1675 1731 facta

972 1750 1020 1779 est
1030 1771 1039 1787 ,
1055 1749 1197 1787 simplex
1211 1749 1243 1778 et
1254 1748 1343 1778 recta
1353 1770 1363 1786 ,
1377 1748 1410 1777 et
1424 1747 1543 1777 timens
1557 1747 1674 1784 Deum,

971 1803 1008 1824 ac
1030 1794 1188 1824 recedens
1213 1801 1232 1823 a
1256 1794 1353 1823 malo.
1377 1792 1496 1830 Quidni
1521 1793 1674 1823 recedere

970 1840 1089 1878 possit,
1101 1840 1141 1870 ad
1155 1839 1242 1879 quod
1253 1839 1409 1870 accedere
1422 1837 1676 1877 potuit2Quidni

971 1887 1147 1924 accedere,
1165 1894 1182 1915 a
1194 1894 1257 1923 quo
1274 1885 1429 1915 recedere
1446 1884 1571 1923 potuit?
1584 1884 1675 1923 Quod

971 1933 1081 1962 tamen
1091 1934 1267 1970 utrumque
1279 1931 1420 1961 dixerim
1432 1931 1472 1961 de
1482 1931 1584 1970 gratia
1595 1940 1676 1970 prae-

971 1979 1183 2015 sumendum,
1199 1986 1263 2007 non
1287 1977 1328 2007 de
1344 1977 1460 2007 natura
1471 1999 1480 2015 ,
1502 1978 1559 2007 sed
1577 1985 1619 2007 ne
1634 1976 1675 2007 de

972 2025 1130 2055 industria
1144 2023 1419 2063 quidem.Nempe
1436 2024 1595 2062 Sapie-ntia
1609 2025 1675 2054 vin-

971 2072 1010 2101 cit
1024 2072 1198 2107 malitiam,
1214 2078 1278 2100 non
1294 2069 1464 2107 industria,
1478 2069 1532 2099 vel
1547 2070 1674 2102 natura.

971 2117 1036 2147 Nec
1051 2116 1143 2147 deest
1158 2116 1283 2146 occasio
1298 2115 1537 2154 praesumendi:
1551 2115 1676 2146 adVer-

971 2163 1049 2192 bum
1065 2162 1115 2193 est
1135 2161 1305 2192 conversio
1327 2161 1409 2198 ejus.
1423 2161 1492 2190 Non
1516 2161 1565 2191 est
1588 2161 1676 2199 apud

971 2208 1115 2238 Verbum
1129 2207 1230 2237 otiosa
1253 2206 1370 2236 animae
1391 2213 1544 2244 generosa
1559 2214 1677 2244 cogna-

971 2253 1092 2292 tio,de
1113 2261 1176 2291 qua
1199 2251 1309 2283 triduo
1335 2252 1403 2289 jam
1425 2252 1618 2289 tractamus,
1642 2252 1675 2282 et

972 2299 1170 2338 cognationis
1194 2298 1288 2328 testis
1310 2297 1490 2328 similitudo
1521 2305 1677 2336 perseve-

971 2353 1057 2375 rans.
1074 2344 1254 2383 Dignanter
1276 2343 1420 2374 admittit
1435 2343 1469 2373 in
1485 2344 1675 2374 societatem

972 2390 1112 2430 Spiritus
1124 2391 1264 2420 similem
1279 2389 1314 2419 in
1325 2391 1453 2420 natura.
1470 2390 1509 2419 Et
1529 2390 1617 2420 certe
1634 2390 1674 2420 de

972 2437 1098 2467 ratione
1114 2437 1257 2474 naturae,
1278 2436 1398 2466 similis
1419 2435 1561 2466 similem
1584 2445 1674 2474 quae-

972 2483 1028 2513 rit.
1044 2483 1115 2512 Vox
1129 2482 1327 2521 requirentis
1341 2483 1516 2512 :Revertere
1527 2483 1676 2512 Sunami-

973 2530 1009 2559 tis
1016 2550 1027 2565 ,
1042 2529 1190 2559 revertere
1203 2529 1239 2558 ut
1249 2529 1427 2558 intueamur
1437 2529 1475 2558 te.
1490 2528 1676 2558 Intuebitur

972 2573 1113 2603 similem
1127 2594 1136 2610 ,
1148 2572 1205 2612 qui
1221 2572 1414 2603 dissimilem
1428 2580 1494 2602 non
1514 2572 1649 2602 videbat
1664 2581 1672 2601 :

973 2619 1031 2649 sed
1046 2618 1080 2649 et
1099 2627 1134 2649 se
1155 2618 1350 2649 intuendum
1364 2617 1540 2657 praestabit.
1556 2618 1675 2648 Scimus

973 2664 1120 2702 quoniam
1140 2673 1210 2695 cum
1225 2665 1420 2704 apparuerit,
1436 2664 1548 2695 similes
1566 2665 1595 2695 ei
1617 2665 1675 2695 eri-
