1830 3073
481 238 537 266 DE
559 233 773 264 DIVERSIS
797 234 948 262 SERMO
971 235 1037 262 XL.
1449 239 1491 269 79

55 304 110 327 res
133 294 260 327 emittat
286 292 382 323 fletus
410 291 546 322 dicens:
569 293 635 321 Heu
658 289 752 326 milti,
786 289 819 318 et
835 288 1047 318 audientem:
1068 289 1238 318 Transtulit
1259 290 1408 323 Dominus
1420 302 1491 331 pec-

56 344 132 382 quz’a
145 343 292 373 incolatus
306 347 389 369 viteus
401 338 599 377 prolongatus
611 334 675 367 est?
692 356 694 359 -
786 336 888 363 cutum
909 336 995 364 tuum
1013 343 1033 363 a
1048 335 1093 370 tc,
1109 335 1138 363 ct
1152 342 1215 362 non
1238 336 1388 365 morieris.
1409 339 1490 366 Con-

787 378 894 408 sidero
922 379 1073 417 Mariam,
1103 378 1130 408 si
1152 386 1218 408 non
1235 379 1345 408 verbis
1357 401 1366 417 ,
1382 381 1492 412 tamen

267 445 436 478 SERMO
466 445 533 478 XL
584 436 590 440 ·
787 425 939 462 operibus
979 425 1111 463 publice
1146 424 1202 454 'sua
1231 424 1367 454 crimina
1393 428 1491 456 conli-

537 465 546 476 ⁰
786 470 931 507 tentem,
957 471 991 500 et
1016 470 1192 500 Dominum
1215 478 1273 508 pro
1299 478 1336 499 ea
1358 479 1492 508 respon-

151 513 191 538 De
199 514 303 543 septem
316 511 451 543 grfflfflssss
467 508 660 553 confessionis.
788 515 919 546 dentem
937 525 945 546 :
973 517 1109 546 Dimissa
1122 517 1193 546 sunt
1220 516 1248 544 εἰ
1262 517 1386 553 peccata
1410 517 1494 545 mul-

98 566 127 596 1.
140 565 319 596 Notasmihi
330 565 426 602 fectstz'
438 565 503 594 vi'as
515 563 602 597 vitae,
614 559 757 597 adimple·
788 563 821 591 ta
834 583 843 598 ,
871 563 1017 600 quoniam
1041 562 1148 591 dilexit
1175 561 1318 590 multam.
1341 560 1493 598 Respicio

56 611 280 643 bisnwloetieza
291 619 360 640 cum
374 611 459 640 υιιΙιιι
474 606 757 644 luo,delectat1·ones
787 607 971 645 Principem
997 607 1219 645 Apostolorum
1245 606 1417 642 negantem
1450 606 1495 635 ti-

55 659 88 688 in
99 658 226 687 dextera
241 657 295 686 tua
315 656 449 694 usquein
460 654 562 690 finem.
579 651 626 680 Ad
641 651 672 679 te
685 649 773 710 qui·
787 652 893 691 mide,
923 653 1122 683 amarissime
1148 652 1280 681 flentem
1294 673 1303 688 ,
1331 651 1494 680 Christum

55 702 130 732 dem
146 701 286 731 libenter
303 700 501 735 accedimus,
514 697 653 727 Domine
668 686 773 731 Jesu‚i
788 697 880 727 illum
895 698 1140 736 respicientem.
1162 697 1303 726 Felicem
1325 697 1417 726 illum
1433 697 1495 726 La-

56 746 207 784 discipuli
222 746 262 775 ad
277 745 483 782 magistrum,
501 742 621 773 infirmi
637 740 675 770 ad
687 748 756 769 me-
770 737 773 788 1Ι
787 744 913 773 tronem
936 744 1065 774 intueor
1089 752 1124 773 se
1147 742 1374 779 accusantem,
1391 750 1495 771 excu-

57 792 183 829 dicum,
195 791 279 822 servi
297 791 336 820 ad
357 790 544 819 Dominum.
561 789 609 818 Tu
621 796 654 818 es
667 787 755 817 enim
788 791 911 819 santem
927 789 1107 826 Christum,
1129 790 1161 818 et
1174 787 1345 817 Dominum
1360 787 1495 824 promit-

55 838 208 876 magister
224 838 257 867 et
280 837 447 872 dominuS,
474 835 567 872 cujus
582 834 691 864 schola
708 836 756 864 est
788 836 936 865 tentem:
953 836 1178 865 Hodiemecum
1203 834 1262 864 eris
1284 834 1491 871 inparacliso.

56 883 216 920 interris,
233 882 385 912 cathedra
407 881 441 910 in
464 881 564 911 coelis.
580 881 628 909 Tu
650 887 684 910 es
700 880 755 910 ille
771 908 773 918 ,
788 881 812 909 O
834 889 931 919 quam
956 881 1104 911 sublimis
1130 880 1192 910 ista
1223 878 1403 915 confessio,
1432 886 1494 916 per

56 928 197 958 eximius
225 928 387 965 medicus,
410 927 467 965 qui
490 927 555 957 solo
576 926 675 956 verbo
689 934 757 956 res-
789 935 884 965 quam
903 927 942 957 de
958 927 1106 966 patibulo
1123 925 1164 955 ad
1178 932 1333 962 regnum,
1350 923 1390 952 de
1406 923 1494 952 terra

55 974 163 1003 tauras
176 972 424 1004 universa.vias
436 971 757 1010 tuas,Domine,de-
789 973 829 1002 ad
841 974 976 1010 eoelum,
993 972 1033 1002 de
1049 980 1143 1001 cruce
1159 971 1252 1000 Latro
1271 969 1440 1000 damnatus
1457 976 1494 998 ac

55 1021 196 1049 monstra
218 1019 328 1056 nobis,
354 1019 388 1048 et
412 1018 545 1048 semitas
569 1018 640 1046 tuas
657 1017 755 1047 edoce
771 1007 774 1062 1
790 1018 962 1048 crucifixus
978 1018 1018 1048 ad
1032 1017 1217 1055 paradisum
1243 1015 1387 1045 ascendit
1401 1014 1407 1043 !
1421 1014 1495 1043 Glo-

56 1073 113 1095 nos
131 1074 140 1094 z
161 1065 227 1095 Vioe
253 1066 334 1094 enim
353 1066 413 1094 tuae
430 1065 486 1093 ‘1:1⁴oe
500 1064 632 1101 pulcrae,
648 1065 676 1093 et
691 1071 758 1092 om-
772 1064 774 1087 1
790 1063 873 1093 riosa
903 1063 1079 1100 confessio,
1108 1071 1181 1100 quae
1208 1063 1338 1091 Petrum
1367 1061 1496 1098 aposto-

55 1119 108 1140 ⁷1es
116 1112 229 1140 semilae
244 1112 302 1139 tuoe
316 1110 461 1147 pacificae.
477 1109 569 1138 Beati
584 1109 636 1146 qui
647 1109 758 1139 ambu-
791 1110 858 1138 lum
873 1109 966 1139 trinae
981 1109 1164 1147 negationis
1175 1107 1311 1137 crimine
1326 1106 1493 1143 liberavit,

58 1156 235 1185 lantinvia
248 1157 321 1192 tua,
338 1155 476 1184 Domine
490 1155 669 1184 virtutum·
680 1154 757 1184 bea-
772 1173 775 1214 ἱ
791 1155 824 1184 et
849 1155 889 1184 ab
911 1155 1107 1192 apostolatus
1131 1153 1274 1183 culmine
1298 1152 1414 1182 cadere
1429 1160 1495 1181 non

56 1201 156 1231 tiores
175 1201 230 1240 qui
257 1202 392 1230 currunt
417 1201 504 1230 viam
532 1200 757 1230 mandatorum
790 1200 1086 1238 permisitlFidelis
1105 1199 1287 1236 institutio,
1300 1207 1372 1235 quae
1386 1198 1494 1227 Mariae

56 1248 185 1276 tuorum
199 1255 208 1283 3
223 1247 280 1284 qui
293 1246 427 1275 currunt
444 1245 477 1273 in
497 1245 593 1274 odore
609 1253 757 1282 unguen-
790 1254 927 1274 mun
955 1245 1105 1283 diligenti
1132 1245 1270 1273 multum
1296 1243 1439 1280 dimisit,
1462 1242 1496 1272 et:

55 1293 160 1322 torum
173 1291 467 1321 tuorumAExsultas
479 1290 564 1319 enim
574 1291 609 1320 ut
619 1290 706 1328 gigas
718 1290 756 1319 ad
790 1291 907 1320 amoris
922 1290 1017 1319 multi
1033 1290 1129 1319 titulo
1154 1288 1339 1324 insignitam
1354 1287 1496 1324 discipu-

57 1336 245 1366 currendam
254 1336 356 1365 viam:
370 1337 403 1366 et
415 1343 480 1364 non
492 1336 594 1364 solum
611 1343 755 1371 currenS,
791 1337 896 1365 lorum
917 1335 1043 1374 corpori
1058 1334 1211 1364 sociavit!
1226 1333 1382 1363 Praeclara
1397 1333 1497 1362 mise-

56 1381 114 1412 sed
134 1382 167 1412 et
184 1382 301 1412 saliens
317 1381 352 1410 in
373 1381 557 1418 montibus,
573 1381 605 1410 et
627 1380 757 1411 transsi-

58 1426 142 1457 liens
174 1428 283 1458 colles.
320 1427 573 1457 Exsultaverunt
610 1427 756 1465 gigantes

57 1471 243 1509 Philosophi
274 1480 338 1501 non
369 1472 409 1501 ad
444 1472 636 1501 currendam
670 1473 756 1502 viam

57 1516 219 1554 tuam,sed
227 1517 267 1546 ad
274 1517 478 1555 quaerendam
487 1526 602 1547 vanam
610 1519 755 1556 gloriam,

57 1564 288 1592 evanescentes
301 1564 334 1592 in
347 1563 593 1600 cogitationibus
601 1564 679 1602 suis,
693 1573 756 1594 non

58 1607 92 1636 in
107 1607 288 1638 humilitate
301 1609 403 1638 autin
414 1608 590 1638 virtutibus
605 1610 688 1646 tuis,
700 1610 757 1639 sed

58 1653 136 1683 suis.
152 1654 244 1683 Viam
260 1654 346 1684 enim
371 1654 538 1692 sapientiae
552 1655 756 1693 nescierunt,

59 1706 165 1737 neque
193 1700 414 1730 meminerunt
451 1701 641 1730 semitarum
673 1701 755 1737 ejus.

59 1743 125 1773 Non
141 1745 189 1774 est
203 1745 311 1774 audita
326 1745 360 1774 in
378 1745 535 1774 Chanaam
549 1766 558 1782 ,
574 1753 679 1782 neque
690 1746 758 1775 visa

60 1788 156 1817 estin
169 1789 324 1817 Theman.
350 1788 512 1817 Maledicti
531 1789 587 1825 qui
604 1789 758 1818 dixerunt

790 1382 890 1419 ratio,
905 1390 977 1420 quae
993 1382 1115 1419 Regem
1132 1381 1164 1410 et
1178 1379 1373 1417 prophetam
1385 1378 1496 1408 multi-

790 1427 867 1466 plici
883 1427 1059 1457 criminum
1075 1425 1285 1456 inundatione
1306 1424 1494 1461 mundavit,

791 1474 869 1502 etin
884 1473 1024 1511 antiquae
1047 1472 1181 1510 gloriam
1194 1470 1361 1508 dignitatis
1376 1469 1496 1507 perdu-

790 1519 891 1548 cendo
907 1518 1039 1548 reduxit
1052 1518 1059 1547 !
1077 1518 1151 1547 Haec
1162 1516 1210 1546 est
1221 1516 1275 1545 via
1285 1537 1295 1553 ,
1307 1523 1381 1553 quae
1394 1515 1497 1544 viato-

790 1573 859 1594 rem
874 1573 967 1594 suum
979 1571 1154 1601 numquam
1169 1562 1305 1599 fefellit,
1317 1570 1388 1599 quae
1403 1569 1496 1591 num-

790 1619 886 1649 quam
902 1610 1046 1640 deseruit
1060 1609 1122 1638 nisi
1143 1608 1348 1638 deserentem
1366 1615 1412 1636 se.

830 1657 862 1685 5.
878 1656 982 1693 Hujus
996 1656 1107 1685 multae
1122 1654 1205 1691 viae,
1230 1653 1496 1691 multiplicesque

791 1701 865 1730 sunt
880 1701 1004 1730 semitae
1021 1699 1059 1729 ad
1074 1698 1307 1729 inveniendum
1318 1720 1326 1735 ,
1346 1698 1498 1727 difficiles

792 1745 833 1774 ad
848 1745 1041 1781 tenendum,
1059 1743 1099 1773 ad
1120 1742 1376 1772 enumerandum
1401 1742 1496 1771 inex—

792 1790 972 1828 plicabiles.
1008 1789 1115 1817 Prima
1149 1788 1263 1818 semita
1274 1809 1283 1824 ,
1313 1788 1346 1816 et
1372 1789 1497 1825 primus

60 1833 196 1861 Domino
220 1833 296 1862 lesu
315 1840 323 1860 ε
340 1833 467 1862 Recede
488 1840 506 1861 a
527 1833 636 1870 nobis3
654 1834 760 1863 scien-
793 1835 907 1873 gradus
930 1835 962 1863 in
985 1834 1038 1863 via
1054 1834 1115 1863 ista
1140 1834 1189 1862 est
1208 1832 1354 1870 cognitio
1371 1833 1433 1862 sui.
1449 1833 1496 1861 De

60 1877 139 1908 tiam
154 1877 277 1907 viarum
290 1879 417 1907 tuarum
428 1879 588 1908 nolumus.
603 1879 663 1908 Nos
675 1888 760 1917 quae-

61 1922 163 1952 rimus
182 1924 215 1952 te
236 1923 276 1952 de
297 1923 350 1952 die
366 1923 401 1952 in
422 1924 527 1961 dlem,
544 1924 577 1954 et
590 1925 675 1954 scire
690 1925 759 1956 vias

60 1968 134 1997 tuas
149 1969 306 1997 volumus.

97 2013 129 2043 2.
151 2014 346 2052 Principales
370 2014 432 2044 viae
453 2015 537 2052 tuae,
561 2015 631 2045 duae
652 2017 755 2047 sunt:

58 2059 236 2098 Confessio,
252 2060 495 2090 etObedientia.
509 2061 544 2090 In
556 2061 757 2092 confessione

58 2106 165 2134 omnia
180 2106 347 2143 lavantur3
371 2105 403 2135 in
416 2106 602 2136 obedientia
619 2107 758 2137 virtutes

58 2150 246 2180 solidantur.
259 2153 381 2181 Bonum
400 2152 517 2181 animae
533 2154 757 2183 ornamentum

59 2195 232 2233 confessio,
248 2204 320 2233 quae
345 2198 379 2226 et
403 2198 606 2234 peecatorem
624 2200 756 2237 purgat,

60 2241 94 2271 et
103 2240 225 2278 justum
233 2241 339 2271 reddit
346 2241 575 2280 purgatiorem.
585 2243 617 2271 Si
624 2244 757 2280 peccata

58 2287 149 2325 sunt,
164 2287 200 2316 in
213 2286 412 2317 confessione
429 2287 581 2317 lavantur
596 2296 604 2316 :
617 2288 644 2316 si
656 2287 738 2317 bona
747 2311 756 2326 ,

59 2331 258 2363 confessione
283 2332 562 2363 commendantur.
581 2334 659 2363 Cum
673 2334 757 2363 mala

60 2378 117 2408 tua
132 2377 311 2415 confiteris,
325 2377 517 2408 sacrificium
536 2378 603 2407 Deo
625 2378 758 2416 spiritus

59 2423 314 2452 contribulatus:
331 2431 404 2452 cum
427 2422 489 2453 Dei
503 2423 661 2454 beneficia
672 2445 682 2461 ,
696 2424 759 2453 im-

59 2468 161 2498 molas
185 2468 251 2497 Deo
273 2467 605 2499 sacrificiumffaudis.
629 2469 758 2507 Absque

61 2512 261 2544 confessione
283 2513 390 2550 justus
416 2513 580 2550 judicatur
593 2514 758 2554 ingratus,

62 2557 97 2589 et
119 2558 269 2597 peccator
295 2558 442 2588 mortuus
465 2558 645 2596 reputatur.
678 2559 761 2588 Con-

64 2603 157 2634 fessio
183 2604 282 2642 igitur
296 2603 344 2634 est
371 2603 549 2642 peccatoris
575 2603 660 2640 vita,
679 2604 759 2641 Justi

63 2649 172 2687 gloria.
189 2649 290 2681 Video
306 2650 407 2679 David
419 2650 599 2688 dicentem,
616 2651 757 2688 Pecctwi,

793 1881 873 1910 coelo
886 1879 1006 1910 cecidit
1021 1879 1081 1908 ista
1097 1878 1281 1908 sententia:
1297 1878 1397 1907 Nosce
1415 1878 1497 1916 teip-

792 1935 881 1963 sum,
897 1927 1005 1955 homo.
1027 1925 1108 1954 Vide
1126 1924 1152 1953 si
1168 1932 1232 1953 non
1255 1925 1287 1953 et
1305 1924 1447 1961 Sponsus
1462 1924 1497 1952 in

792 1972 910 2001 amoris
933 1966 1062 2000 Cantico
1079 1977 1202 2007 sponsae
1224 1969 1311 1998 idem
1335 1969 1496 2006 loquatur.

792 2018 826 2046 Si
837 2018 961 2055 iynoras
977 2017 1002 2045 te
1013 2037 1022 2051 ‚
1040 2015 1168 2052 inquit,
1185 2023 1202 2043 ο
1218 2014 1324 2052 pulcra
1339 2015 1418 2042 inter
1427 2022 1498 2043 mu-

791 2062 894 2098 lieres,
915 2062 943 2090 et
962 2061 1163 2099 eqrezle⁷·e„el
1179 2059 1248 2095 abi,
1270 2060 1325 2088 etc.
1350 2059 1498 2096 cognitio

791 2107 840 2137 sui
858 2108 920 2137 stat
940 2107 974 2135 in
999 2106 1121 2142 tribus,
1145 2105 1181 2134 ut
1209 2105 1379 2142 cognoscat
1399 2104 1498 2133 homo

791 2153 868 2191 quid
894 2152 989 2189 fecit,
1005 2151 1083 2189 quid
1106 2150 1247 2187 meruit,
1269 2149 1347 2187 quid
1374 2149 1495 2179 amisit.

790 2197 873 2234 Quid
887 2197 1003 2234 vilius,
1020 2205 1038 2226 o
1056 2195 1176 2226 nobilis
1203 2195 1351 2224 creatura
1363 2216 1374 2231 ,
1390 2195 1498 2232 imago

790 2242 1026 2280 Dei,creatoris
1038 2241 1236 2278 similitudo,
1253 2248 1349 2278 quam
1365 2248 1496 2269 carnem

791 2290 879 2318 tuam
903 2288 1068 2318 illecebris
1092 2287 1275 2316 carnalibus
1302 2285 1496 2322 deturpare,

791 2335 825 2364 et
838 2342 895 2372 pro
911 2333 1004 2363 brevi
1026 2333 1194 2371 voluptate
1218 2332 1397 2367 torrentem
1418 2338 1495 2368 per-

791 2380 868 2409 dere
888 2379 1086 2418 voluptatis?
1111 2378 1194 2416 Quid
1207 2377 1380 2414 furiosius,
1397 2384 1496 2415 quam

791 2425 861 2463 rapi
899 2425 1044 2454 mentem
1072 2425 1139 2462 ira,
1168 2423 1322 2461 superbia
1359 2423 1472 2452 extolli
1489 2443 1497 2457 ,

791 2470 906 2500 vexari
928 2470 1072 2508 invidia,
1089 2471 1123 2500 et
1149 2470 1316 2500 anxietate
1331 2466 1495 2506 torqueri?

792 2515 868 2552 Quae
888 2516 921 2545 in
946 2516 1068 2546 croceis
1085 2524 1119 2545 es
1134 2515 1258 2544 nutrita
1269 2536 1278 2551 ,
1295 2521 1396 2551 quare
1411 2513 1494 2541 ster-

793 2568 866 2590 cora
879 2561 1094 2599 amplexaris?
1107 2561 1288 2590 Recordare
1304 2559 1402 2587 etiam
1415 2557 1494 2593 quid

791 2606 962 2635 merueris,
984 2607 1106 2636 Subeat
1128 2604 1318 2635 memoriam
1334 2604 1421 2631 tuam
1437 2610 1495 2639 ge-

792 2650 945 2682 hennalis
979 2652 1040 2681 olla
1052 2673 1061 2689 ,
1095 2650 1209 2680 fornax
1239 2648 1343 2678 ferrea
1371 2654 1493 2686 magnae
