1830 3073
446 215 502 243 DE
520 212 734 241 DIVERSIS
752 209 902 239 SERMO
921 209 1063 237 LXXII.

63 276 199 315 quatuor
213 272 322 304 modis.
335 270 470 309 Quidam
487 270 573 300 enim
589 268 760 299 trahuntur

64 321 160 352 inviti
175 342 185 358 ,
199 319 253 350 alii
268 318 478 349 attrahuntur
491 315 610 353 illecti,
627 315 684 344 alii
709 321 759 344 se-

65 366 224 397 ducuntur
233 363 353 402 ignari:
370 362 425 392 alii
437 362 617 400 sequuntur
631 359 760 399 sponta-

64 413 129 442 nei.
144 411 213 441 lstis
236 408 426 440 necessariae
441 408 516 438 sunt
536 407 674 445 quatuor
692 404 760 434 vir-

64 458 165 494 tutes,
177 464 236 494 per
249 463 328 494 quas
350 454 465 484 armati
483 452 652 490 resistant,
669 458 709 480 ne
726 450 759 479 in

64 502 194 532 consilio
206 501 293 531 eant.
307 500 423 530 Invitis
437 497 617 529 necessaria
634 496 682 526 est
695 495 760 524 for-

63 546 182 584 titudo,
195 549 259 584 qua
274 546 428 576 resistant
443 553 545 583 usque
564 543 605 572 ad
622 541 760 571 mortem

61 591 172 628 minis,
189 592 403 629 cruciatibus,
421 591 454 621 et
468 589 604 619 damnis.
630 587 681 616 Illi
703 586 758 625 qui

59 637 266 668 attrahuntur
278 637 397 675 illecti,
413 635 557 672 indigent
573 635 760 671 temperan-

59 682 116 719 tia,
131 691 202 720 quae
213 683 363 722 reprimit
375 682 490 711 illicita
501 678 682 716 desideria,
699 685 759 707 nec

60 727 146 758 cedit
181 728 463 766 promissionibus,
494 734 556 755 nec
595 724 760 754 emollitur

59 771 236 803 blanditiis.
262 774 328 802 lllis
353 773 408 810 qui
432 770 631 801 seducuntur
656 768 759 806 ignari

59 818 108 847 cst
131 826 211 855 opus
238 818 431 856 prudentia,
459 825 531 855 qnae
559 816 599 845 ab
626 815 760 845 utilibus

59 862 185 892 inutilia
199 863 372 900 discernit,
395 862 429 892 et
444 862 537 891 docet
552 860 630 899 quid
647 861 759 890 tenen-

53 907 154 946 dum,
175 909 295 946 quidve
321 908 537 946 rejiciendum
559 907 612 937 sit.
629 906 760 936 Justitia

59 953 203 992 indigent
226 954 274 984 illi
294 955 350 992 qui
373 954 553 992 sequuntur
577 952 758 990 spontanei.

57 998 186 1029 Justilia
212 1000 260 1030 est
285 1000 445 1030 rectitudo
470 998 666 1035 voluntatis,
690 1006 761 1035 quae

58 1051 117 1073 nee
131 1046 217 1075 amat
235 1054 367 1083 peccare
380 1067 388 1081 ,
401 1053 461 1074 nec
477 1044 610 1082 peccato
626 1050 761 1072 consen-

57 1089 132 1118 tire.
153 1091 282 1120 Justitia
296 1091 329 1120 et
344 1090 498 1120 fortitudo
515 1089 624 1119 sedem
637 1088 762 1118 habent

58 1135 257 1166 voluntatem
275 1145 283 1165 :
301 1136 377 1174 quia
402 1136 550 1165 voluntas
564 1135 649 1172 justa
665 1134 763 1164 debet

58 1187 128 1209 csse
140 1202 148 1217 ,
166 1183 199 1210 et
213 1181 313 1212 sortis.
332 1182 384 1211 Est:
399 1182 508 1210 autem
527 1180 654 1217 justitia
674 1179 763 1209 ordi-

58 1226 131 1254 nata
145 1227 204 1255 hoc
220 1227 331 1263 modo,
347 1227 473 1256 scilicet
487 1226 571 1254 mala
586 1233 760 1263 respuens,

58 1269 150 1300 bonis
166 1272 298 1301 meliora
314 1279 514 1309 praeponens.
532 1271 620 1300 Hanc
632 1278 697 1299 non
713 1270 762 1300 vi-

58 1314 154 1345 detur
165 1317 314 1347 habuisse
328 1318 426 1347 Adam
436 1339 445 1355 ,
462 1316 517 1355 qui
534 1317 617 1345 malo
630 1324 762 1346 consen-

57 1361 161 1400 tiens,
190 1363 275 1401 qnod
300 1364 381 1394 utile
411 1364 480 1393 erat
502 1362 655 1392 deseruit.
682 1363 762 1391 Pru-

59 1407 170 1438 dentia
183 1409 215 1438 et
237 1410 452 1447 temperantia
468 1410 578 1439 sedem
594 1408 715 1437 liabent
728 1407 761 1436 in

59 1453 182 1483 ratione
200 1463 208 1482 τ
225 1455 301 1492 qnia
321 1455 402 1484 ratio
416 1454 559 1492 prudens
575 1453 672 1483 dehet
692 1460 760 1482 esse

59 1499 94 1528 et
121 1500 311 1537 temperata.
342 1501 395 1530 Est
418 1501 540 1540 quippe
566 1499 739 1538 prudentia
751 1521 760 1536 ,

59 1544 141 1574 ratio
150 1545 254 1583 docta,
270 1547 395 1577 scilicet
410 1556 427 1576 a
443 1547 557 1585 gratia,
572 1546 676 1575 vitare
688 1553 762 1575 con-

58 1590 144 1629 tagia
161 1592 328 1629 injustitiae
343 1594 475 1631 propter
488 1592 762 1630 justitiam.Vitat

59 1636 190 1674 quidem
198 1646 261 1668 non
277 1639 379 1668 solum
396 1638 589 1676 injustitiam
604 1638 760 1676 apertam,

58 1682 116 1711 sed
145 1683 243 1713 etiam
268 1684 324 1713 illa
345 1693 416 1722 quae
438 1686 514 1714 sunt
538 1684 646 1722 aliquo
668 1684 762 1713 modo

59 1729 168 1758 contra
194 1729 375 1768 justitiam,
401 1730 573 1760 attendens
593 1738 657 1759 non
678 1730 762 1767 quod

61 1772 138 1803 licet
151 1797 160 1811 ‚
176 1775 232 1804 sed
247 1776 348 1814 magis
373 1775 457 1813 quod
480 1775 615 1813 expedit
631 1783 639 1803 ε
658 1775 763 1804 vitans

60 1819 193 1850 divitias
217 1820 406 1859 etquaedam
428 1821 510 1858 alia,
531 1829 594 1850 non
606 1820 682 1859 quia
698 1821 764 1850 illi-

60 1865 143 1903 cita,
171 1866 226 1895 sed
241 1866 318 1904 quia
341 1866 476 1904 justitiae
497 1867 600 1897 solent
617 1875 685 1896 esse
703 1867 764 1895 im-

60 1911 258 1949 pedimenta.
272 1912 332 1942 Sed
345 1914 476 1951 propter
487 1913 640 1951 quosdam
653 1913 763 1950 quiex

61 1956 224 1995 hypocrisi
242 1958 300 1986 hoc
318 1958 439 1987 faciunt
454 1979 463 1995 ,
479 1958 626 1995 additur,
639 1961 765 1996 propter

57 2003 220 2040 justitiam.
236 2004 366 2033 Justitia
388 2004 437 2033 est
465 2003 624 2042 perfectio
648 2005 764 2034 animae

60 2049 235 2079 rationalis.
251 2050 328 2080 Aliae
340 2050 478 2080 virtutes
492 2050 566 2079 sunt
577 2050 617 2079 ad
629 2049 699 2087 ejus
714 2058 765 2080 ac-

60 2095 270 2133 quisitionem
294 2096 348 2126 vel
376 2096 676 2135 conservationem,
703 2096 765 2126 for-

61 2140 164 2170 titudo
176 2163 186 2179 ,
210 2141 446 2179 temperantia,
472 2141 645 2179 prudentia
658 2163 667 2178 ,
693 2150 764 2180 quae

59 2185 217 2224 justitiam
233 2187 426 2217 conservant
450 2195 492 2216 ne
507 2187 694 2226 amittatur,
709 2189 765 2218 aut

62 2232 236 2263 minuatur,
266 2234 437 2272 Postquam
459 2241 536 2263 vero
551 2233 695 2272 perfecta
717 2235 766 2264 est

61 2277 204 2318 iustitia,
224 2280 258 2310 et
279 2279 394 2310 transit
415 2279 449 2308 in
468 2280 620 2309 affectum
643 2280 764 2317 cordis,

63 2325 149 2355 idem
165 2327 212 2356 est
227 2326 312 2364 quod
324 2326 380 2355 illa
403 2325 465 2354 tria
478 2334 486 2354 :
500 2325 576 2363 quia
591 2324 684 2355 fortis
699 2326 763 2364 est,

62 2371 219 2409 prudens,
237 2372 427 2408 temperata.

34 2417 35 2420 ’
102 2416 133 2446 5.
142 2417 269 2455 Quinon
281 2417 367 2446 abiit.
377 2415 472 2445 Abire
485 2414 629 2453 pertinet
640 2415 680 2445 ad
694 2415 766 2445 illos

64 2462 211 2499 quisunt
235 2461 475 2497 inconstantes,
501 2461 535 2490 et
558 2461 678 2490 leviter
693 2469 767 2498 pos-

64 2510 137 2538 sunt
149 2507 286 2546 impelli.
295 2507 386 2544 Quod
397 2506 528 2544 quidam
538 2506 686 2535 volentes
698 2506 766 2535 evi-

65 2553 132 2583 tare
143 2575 151 2590 ,
174 2553 255 2583 nunt
270 2552 440 2583 evidenter
454 2551 626 2588 obstinati,
644 2551 767 2581 nullius

66 2598 197 2628 consilio
206 2598 460 2637 acquiescentes,
468 2596 665 2635 propositum
673 2604 767 2626 sunm

69 2643 278 2675 immobiliter
304 2643 466 2675 tenentes.
483 2643 521 2673 Et
536 2642 609 2672 ideo
635 2641 769 2678 adjunc-

1438 208 1492 239 lli

792 266 862 295 tum
888 264 954 302 est,
970 265 998 293 et
1024 271 1086 292 non
1110 263 1201 298 stetit,
1227 262 1369 301 scilicet,
1386 266 1421 295 ut
1435 274 1494 296 nec

792 310 874 340 levis
901 309 961 346 sit,
986 315 1046 338 nec
1075 306 1266 336 obstinatus.
1292 308 1352 336 Via
1379 317 1495 345 pecca-

792 355 897 386 torum
907 355 955 385 est
967 353 1122 389 mundus,
1131 352 1183 382 vel
1194 352 1323 390 propria
1334 354 1497 391 voluntas,

792 410 863 439 quae
876 402 924 431 est
937 399 1087 439 superbia
1098 420 1108 435 ,
1131 406 1173 428 ex
1189 406 1252 436 qua
1267 398 1374 427 omnia
1389 399 1470 427 mala
1487 407 1493 427 :

792 447 876 477 sicut
893 455 935 477 ex
955 444 1118 476 communi
1133 445 1209 475 sunt
1225 445 1320 473 bona.
1337 445 1379 473 Et
1399 445 1431 473 in
1444 453 1498 472 ca-

793 494 899 523 thedra
918 493 1095 532 pestilentioe
1110 500 1173 521 non
1193 492 1280 521 sedit.
1308 489 1424 526 Sedet,
1440 488 1498 526 qui

793 539 886 570 docet
897 539 1048 577 exemplo
1057 546 1114 568 suo
1126 537 1248 567 faciens
1256 543 1392 574 peccare
1405 534 1497 564 alios.

792 585 948 615 Cathedra
964 585 1013 614 est
1037 584 1124 621 haec,
1148 583 1181 613 et
1199 583 1336 621 quatuor
1357 580 1499 620 pedibus

792 631 948 661 subsistit.
979 630 1107 659 Primus
1131 637 1189 668 pes
1216 629 1264 658 est
1284 627 1430 664 malitia3
1447 633 1499 655 se-

793 677 916 707 cundus
931 676 1135 715 contemptus
1149 674 1227 711 Dei3
1243 673 1361 704 tertius
1376 672 1501 702 irreve-

792 723 912 761 rentia,
920 723 1054 761 quartus
1066 721 1196 752 astutia.
1206 719 1327 750 Malitia
1336 719 1382 749 est
1392 725 1499 748 amare

793 769 931 807 malum,
958 769 992 798 et
1019 776 1166 807 saporem
1190 766 1267 796 mali
1296 765 1438 802 habere3
1466 763 1500 793 et

793 815 913 844 malum
925 836 933 852 ,
950 813 1026 852 quia
1041 814 1164 843 malum
1180 813 1229 842 est
1240 811 1376 849 diligere
1388 832 1397 847 ,
1415 809 1500 839 sicut

794 859 871 891 facit
885 860 1052 898 diabolus,
1068 860 1101 889 et:
1123 857 1276 888 nonnulli
1300 856 1419 894 iniqui.
1437 854 1500 884 Sed

793 906 868 944 quia
896 905 931 936 fit
963 905 1155 944 aliquando,
1188 903 1226 934 ut
1254 903 1336 933 tales
1360 900 1501 932 timeant

794 953 897 982 Deum
912 960 976 982 non
991 952 1109 981 timore
1132 950 1236 988 bono,
1253 948 1310 979 sed
1332 956 1373 977 ne
1390 947 1500 976 incur-

794 999 865 1028 rant
881 998 933 1027 vel
945 998 1100 1027 damnum
1122 1004 1251 1032 rerum,
1281 995 1335 1024 vel
1358 991 1501 1031 corporis

795 1044 995 1074 cruciatum:
1013 1044 1049 1073 ut
1064 1042 1204 1081 amplius
1220 1041 1298 1070 fiant
1310 1039 1405 1076 mali,
1427 1046 1501 1067 con-

795 1090 943 1120 temnunt
959 1090 992 1119 et
1008 1090 1113 1126 ipsum
1140 1088 1264 1124 Deum3
1281 1086 1314 1115 et
1329 1085 1363 1114 fit
1383 1091 1501 1114 secun-

795 1137 854 1166 dus
879 1144 938 1174 pes
962 1134 1167 1172 contemptus
1190 1132 1262 1162 Dei.
1289 1132 1369 1160 Item
1393 1129 1501 1168 posset

796 1182 863 1212 fieri
880 1183 916 1212 ut
927 1181 1048 1211 malum
1062 1179 1226 1216 amarent,
1240 1179 1342 1207 Deum
1355 1178 1500 1206 contem-

796 1229 933 1265 nerent,
957 1227 1013 1257 sed
1033 1226 1199 1256 inhiberet
1214 1233 1267 1254 eos
1279 1224 1380 1262 pudor
1396 1221 1516 1251 homi->

795 1282 871 1303 num
885 1295 894 1310 ,
921 1281 996 1302 cum
1023 1272 1141 1310 quibus
1167 1269 1317 1299 habitant
1334 1277 1342 1296 z
1361 1267 1434 1296 ideo
1461 1266 1502 1296 ad

795 1319 1005 1357 augmentum
1031 1318 1109 1347 mali
1138 1316 1287 1353 sequitur
1302 1313 1421 1343 tertius
1442 1320 1502 1351 pes

796 1364 1010 1394 irreverentia
1021 1385 1030 1401 ,
1042 1363 1077 1393 ut
1087 1370 1146 1392 nec
1157 1363 1261 1391 Deum
1273 1359 1427 1395 timeant,
1441 1365 1502 1387 nec

796 1411 943 1440 homines
957 1409 1181 1439 revereantur.
1195 1406 1241 1436 Ad
1251 1404 1503 1435 consummatio-

797 1465 872 1486 nem
899 1464 977 1487 vero
1003 1454 1138 1486 malitiae
1162 1453 1253 1483 adest
1279 1452 1415 1490 quartus
1443 1458 1503 1488 pes

795 1502 929 1540 astutia,
945 1503 982 1532 ut
1007 1501 1111 1531 sciant
1128 1499 1176 1529 uti
1199 1498 1303 1528 tribus
1318 1496 1501 1535 praedictiS,

795 1550 968 1579 miscentes
984 1549 1054 1578 oleo
1069 1554 1234 1576 venenum
1246 1567 1254 1582 ,
1272 1545 1306 1574 et
1320 1544 1409 1573 melli
1427 1551 1502 1572 ace-

795 1596 874 1625 tum.
887 1595 1040 1624 Eminens
1052 1601 1125 1631 pars
1139 1591 1312 1628 cathedrae,
1322 1589 1373 1620 cui
1386 1589 1503 1619 sedens

797 1641 933 1670 inhaeret
948 1663 957 1678 ,
982 1640 1030 1669 est
1046 1637 1201 1677 potentia.
1229 1636 1261 1666 Si
1275 1636 1362 1666 enim
1385 1635 1504 1673 potens

796 1686 910 1725 estqui
926 1686 1080 1724 praedicta
1096 1684 1213 1721 habet,
1228 1683 1307 1712 tunc
1323 1681 1503 1719 plurimum

797 1732 891 1762 nocet
914 1741 922 1760 :
949 1732 1002 1761 vel
1038 1730 1065 1760 si
1090 1729 1259 1768 potentem
1286 1727 1348 1757 sibi
1371 1726 1503 1756 allicere

797 1778 920 1816 potest,
950 1784 1048 1815 quem
1074 1774 1208 1804 consilio
1234 1782 1291 1803 suo
1307 1772 1457 1809 seducat,
1470 1770 1505 1800 et

797 1823 837 1853 ad
861 1823 983 1852 malum
1014 1821 1173 1858 impellat.
1191 1819 1316 1848 Deinde
1331 1818 1504 1856 apponitur

798 1868 964 1907 pulvinar,
978 1867 1014 1896 ut
1039 1866 1184 1896 suaviter
1206 1864 1330 1894 sedeat.
1347 1862 1504 1892 Pulvinar

798 1915 832 1945 lit
848 1914 887 1944 de
903 1913 1030 1943 levibus
1046 1912 1162 1949 pennis
1178 1911 1287 1942 avium
1298 1932 1307 1947 ,
1322 1908 1504 1947 significans

798 1968 912 1989 vanam
930 1958 1064 1997 gloriam
1075 1979 1084 1995 ,
1098 1957 1130 1987 et
1145 1956 1288 1986 favorem
1300 1955 1504 1993 popularem,

798 2005 915 2043 quibus
938 2004 1087 2034 homines
1117 2002 1270 2033 delectati
1290 2000 1504 2031 extolluntur.

798 2051 982 2081 Scabellnm
997 2049 1138 2088 pedibus
1159 2048 1368 2087 supponitur,
1380 2054 1422 2076 ne
1438 2047 1506 2076 ter-

798 2105 865 2126 ram
891 2096 1036 2135 tangant.
1053 2095 1147 2125 Tales
1162 2095 1249 2124 enim
1273 2092 1423 2123 nonnulli
1439 2091 1506 2121 ter-

798 2151 891 2173 renas
905 2143 1047 2172 actIOnes
1056 2149 1120 2171 non
1135 2138 1341 2177 faciunt,sed
1353 2137 1506 2176 spiritua·

799 2190 844 2218 les
857 2188 1028 2225 simulant,
1038 2188 1074 2217 ut
1084 2186 1184 2225 magis
1194 2185 1369 2223 decipiant.
1382 2184 1505 2212 Horum

799 2233 945 2264 doctrina
973 2233 1022 2264 est
1043 2232 1135 2271 quasi
1167 2229 1378 2269 pestilentia,
1401 2228 1506 2258 multa

799 2281 867 2310 loca
882 2287 1042 2318 occupans
1059 2279 1093 2308 et
1116 2278 1258 2307 vastans.

838 2325 869 2355 Ιι.
899 2327 957 2357 Secl
972 2326 1005 2355 in
1026 2325 1087 2362 leqe
1111 2324 1241 2354 Domini
1258 2322 1402 2352 voluntas
1428 2321 1503 2359 ejas.

799 2371 964 2410 Superiori
978 2379 1077 2401 versu
1094 2369 1218 2400 dictum
1234 2369 1283 2398 est
1293 2367 1373 2406 quid
1391 2367 1434 2396 sit
1454 2374 1506 2395 re-

799 2416 979 2455 spuendum
996 2424 1003 2444 :
1024 2415 1059 2444 in
1078 2414 1139 2444 hoc
1161 2414 1270 2443 autem
1294 2412 1413 2442 dicitur
1427 2410 1506 2448 quid

800 2463 842 2492 sit
855 2461 1086 2501 appetendum.
1100 2462 1136 2490 In
1148 2460 1204 2490 illo
1220 2458 1343 2489 dictum
1355 2458 1403 2487 est
1424 2458 1506 2485 tam-

800 2515 895 2545 quam
910 2507 1026 2536 dcclina
1040 2516 1060 2536 a
1074 2506 1156 2535 malo
1173 2515 1183 2535 .·
1195 2505 1256 2533 hoc
1271 2504 1379 2533 autem
1389 2523 1398 2539 ,
1413 2502 1440 2530 et
1455 2501 1506 2537 fac

802 2552 913 2582 bomem
929 2562 939 2582 .·
955 2551 1042 2590 quod
1067 2551 1181 2588 ntique
1209 2551 1258 2579 est
1279 2547 1445 2578 ambulare
1470 2544 1504 2572 in

803 2598 885 2635 lege.
915 2597 977 2626 Sed
998 2596 1152 2635 quoniam
1167 2595 1236 2624 haec
1251 2594 1304 2623 via
1322 2591 1427 2629 agitur
1440 2596 1505 2618 non

804 2650 914 2680 gressu
926 2641 1081 2680 corporis,
1091 2641 1147 2670 sed
1155 2639 1272 2670 affectu
1283 2635 1401 2667 mentis
1413 2643 1421 2664 ε
1433 2633 1504 2664 ideo
