1846 3078
488 217 531 243 IN
555 216 752 244 CANTICA
777 215 933 243 SERMOV
948 217 1101 245 LXXIV.

97 268 174 301 bare
182 268 291 309 fidem,
302 270 335 301 et
347 267 466 301 elicere
478 279 620 309 precem.
632 269 793 309 Denique,

98 317 185 347 sicut
201 318 246 347 ait
260 316 476 355 Evangelista,
506 317 637 347 Turbati
658 319 746 354 sunt,
767 318 795 346 et

96 364 317 399 clamaverunt,
344 364 486 401 putantes
508 363 697 402 phantasma
721 372 793 393 esse.

96 409 179 447 Ergo
213 408 396 438 istiusmodi
421 408 509 446 piam
536 408 794 446 simulationem,

95 453 193 484 immo
204 454 377 484 salutarem
391 454 664 492 dispensationem
674 476 683 492 ,
698 462 795 492 quam

95 499 173 530 tunc
186 500 394 538 corporaliter
407 500 550 530 Verbum
563 508 678 538 corpus
694 500 796 529 inter-

94 544 170 574 dum
196 546 347 575 exhibuit
360 568 368 584 ,
395 554 460 576 non
490 546 594 576 cessat
616 545 795 575 identidem

94 590 237 620 Verbum
254 591 404 629 spiritus,
421 591 515 620 modo
541 599 596 621 suo
613 590 794 628 spirituali,

94 643 169 665 cum
181 636 297 666 devota
314 637 376 666 sihi
397 637 504 666 anima
520 637 631 666 sedulo
647 636 794 666 actitare.

92 680 284 712 Praeteriens
297 682 401 712 teneri
414 683 497 719 vult,
511 682 623 711 abiens
635 681 793 711 revocari.

93 726 204 765 Neque
221 728 309 757 enim
332 727 392 756 hoc
410 727 624 756 irrevocabile
640 725 773 755 verbum
786 747 793 754 .

94 772 123 801 It
137 794 146 810 ,
162 773 194 802 et
208 773 293 802 redit
308 781 366 810 pro
387 772 591 810 beneplacito
608 779 665 800 suo
679 793 687 808 ,
704 770 793 809 quasi

92 817 228 848 visitans
242 818 404 855 diluculo„
422 819 455 847 et
469 817 574 847 subito
589 816 738 854 probans.
757 817 796 846 Et

93 863 142 893 ire
158 863 291 900 quidem
307 863 355 892 illi
371 862 508 901 quodam
522 863 615 892 modo
632 862 795 899 dispensa-

94 909 236 946 torium,
261 908 369 938 redire
398 916 475 938 vero
499 916 627 946 semper
647 908 795 938 volunta-

91 952 179 982 rium
211 953 260 982 est
285 961 294 982 t
315 953 492 989 utrumque
521 952 632 981 autem
660 954 794 989 plenum

90 995 222 1034 judicii.
238 996 279 1026 At
292 1004 393 1034 penes
407 996 511 1034 ipsum
527 995 643 1025 horum
658 995 752 1025 ratio.

132 1041 164 1071 [ι.
179 1043 270 1071 Nunc
291 1049 370 1071 vero
393 1041 518 1071 constat
542 1040 576 1070 in
600 1041 708 1070 anima
723 1040 794 1070 fieri

93 1086 281 1124 hujusmodi
296 1087 537 1116 vicissitudines
550 1085 670 1123 cuniis,
687 1086 721 1115 et
742 1093 795 1115 re-

93 1132 223 1163 deuntis
236 1132 348 1169 Verbi,
364 1132 449 1162 sicut
463 1132 528 1161 ait:
545 1132 652 1167 Vade,
668 1134 696 1161 et
708 1132 795 1161 venio

92 1179 133 1208 acl
147 1187 210 1208 vos.
228 1178 308 1208 Item
322 1199 331 1215 ,
348 1179 520 1213 Modicum,
543 1179 569 1206 el
584 1185 646 1206 non
660 1177 795 1206 videbitis

92 1232 163 1262 me3
178 1225 206 1253 et
222 1225 332 1253 ilerum
347 1224 511 1259 modicum,
528 1224 555 1252 et
577 1222 713 1252 viti-eba'ie's
734 1231 793 1251 mc.

92 1268 118 1297 Ο
143 1269 307 1298 modicum
331 1269 363 1298 et
384 1267 566 1297 modicum!
593 1276 610 1297 o
632 1267 795 1297 modicum

93 1313 245 1352 longum!
265 1314 318 1343 Pie
333 1314 489 1350 Domine,
506 1313 669 1343 modicum
695 1313 794 1351 dieis,

92 1359 178 1398 quod
193 1368 255 1388 non
268 1359 452 1389 videbimus
466 1360 496 1388 te
506 1358 517 1387 ’ἐ
529 1359 658 1388 Salvum
674 1359 713 1388 sit
724 1368 796 1389 vcr-

93 1405 172 1435 bum
187 1405 315 1434 Domini
332 1405 396 1434 mei
411 1413 418 1432 :
436 1406 567 1442 longum
583 1404 649 1442 est,
663 1405 694 1434 et
711 1406 796 1434 mul—

92 1450 165 1481 tum
183 1451 278 1480 valde
297 1450 405 1481 nimis.
422 1451 654 1480 Verumtamen
672 1451 796 1480 utrum-

94 1504 157 1534 que
173 1504 287 1525 verum
311 1505 319 1524 τ
345 1496 377 1525 et
401 1496 564 1525 modicum
590 1495 736 1532 meritis,
761 1496 795 1525 et

93 1541 225 1578 longum
238 1541 332 1570 votis.
349 1541 455 1570 Habes
471 1541 645 1578 utrumque
662 1540 695 1569 in
720 1541 796 1570 Pro-

92 1586 208 1625 pheta:
219 1587 253 1616 Si
262 1595 384 1616 moram
396 1587 510 1624 fecerit,
523 1586 642 1624 inquit,
655 1588 795 1624 exspecta

93 1641 180 1669 eum,
190 1634 263 1671 quia
274 1634 395 1662 veniens
407 1633 517 1668 veniet,
530 1633 557 1661 et
569 1640 631 1661 non
647 1632 793 1662 tardabit.

93 1679 257 1715 Quomodo
273 1686 336 1706 non
348 1677 507 1714 tardabit,
524 1677 551 1706 si
570 1685 691 1706 moram
708 1676 796 1707 sece-

93 1725 148 1761 rit,
165 1724 226 1753 nisi
240 1723 411 1761 quiaquod
423 1723 463 1752 ad
475 1722 628 1751 meritum
645 1722 721 1751 satis
734 1723 794 1760 est,

92 1778 158 1799 non
180 1769 228 1799 est
250 1769 326 1799 satis
349 1769 388 1798 ad
411 1768 542 1798 votum?
565 1769 660 1797 Porro
686 1768 795 1797 anima

94 1823 203 1845 amans
218 1815 301 1845 votis
317 1815 419 1844 fertur
430 1836 438 1852 ,
456 1814 596 1843 trahitur
611 1813 794 1851 desideriis,

95 1861 277 1891 dissimulat
313 1860 431 1890 merita
445 1882 454 1898 ‚
484 1858 650 1897 >majestati
688 1861 795 1890 oculos

95 1906 228 1944 claudit,
243 1906 349 1944 aperit
365 1906 536 1944 voluptati,
554 1914 678 1943 ponens
694 1906 729 1935 in
743 1914 795 1935 sa-

93 1952 203 1990 lutari,
217 1953 249 1982 et
261 1952 456 1982 fiducialiter
471 1961 568 1989 agens
581 1952 614 1981 in
628 1960 677 1982 eo.
694 1953 797 1982 Inlre-

93 1998 169 2036 pida
196 1998 338 2036 denique
366 1998 398 2027 et
425 1998 643 2027 inverecunda
665 1999 796 2028 revocat

94 2044 250 2079 Verbum,
265 2045 381 2073 etcum
395 2043 512 2073 fiducia
525 2043 647 2081 repetit
662 2043 795 2073 delicias

92 2097 178 2128 suas,
193 2089 286 2119 solita
299 2090 448 2119 libertate
460 2097 592 2127 vocans,
606 2097 671 2118 non
687 2089 796 2118 Domi-

92 2143 183 2172 num,
192 2135 249 2165 sed
260 2135 434 2164 Dilectum.
443 2137 611 2171 Rerertere,
623 2136 726 2165 dilecte
737 2136 795 2173 νηί,-

94 2181 127 2210 et
141 2180 231 2210 addit
245 2189 253 2209 z
277 2182 390 2210 Similis
407 2182 467 2210 σεῖο
490 2189 607 2217 cupreoe,
620 2202 630 2217 ,
650 2181 796 2210 hinnulo—

93 2234 150 2264 que
162 2234 319 2256 cervorum
329 2235 419 2264 super
432 2227 549 2256 montes
562 2226 679 2256 Betlzel.
697 2227 735 2256 At
750 2226 795 2257 is-

93 2271 152 2301 tud
167 2271 289 2309 postea.

134 2317 166 2346 5.
208 2317 300 2346 Nunc
335 2324 413 2346 vero
443 2316 600 2347 sustinete
633 2318 793 2349 modicum

93 2362 174 2401 quid
202 2362 397 2400 insipientiae
429 2370 523 2391 meae.
551 2363 630 2392 Volo
661 2364 770 2394 dicere
784 2387 793 2402 ,

93 2416 168 2437 nam
184 2408 217 2438 et
229 2408 288 2437 lior.
307 2409 420 2445 pactus
436 2416 506 2437 sum
519 2429 528 2443 ,
544 2409 702 2445 quomodo
725 2418 795 2440 me-

94 2461 169 2483 cum
185 2453 293 2491 agitur
317 2454 352 2483 in
367 2453 540 2490 ejusmodi.
565 2454 633 2483 Non
658 2456 794 2493 expedit

93 2499 238 2536 quidem.
252 2498 314 2528 Sed
325 2499 442 2536 prodar
456 2507 531 2529 sane
544 2500 579 2529 ut
594 2499 711 2537 prosim
726 2509 734 2528 ε
749 2502 792 2539 et,

94 2546 121 2576 si
137 2546 342 2585 profeceritis
358 2555 431 2585 vos,
447 2556 553 2577 meam
569 2548 791 2586 insipientiam

95 2593 282 2623 consolabor
297 2602 305 2622 ε
319 2593 343 2623 si
356 2601 420 2623 non
430 2616 439 2632 ‚
450 2602 557 2624 meam
567 2594 793 2632 insipientiam

97 2637 281 2669 confitebor.
303 2639 417 2671 Fateor
439 2640 472 2670 et
497 2639 577 2670 mihi
604 2639 792 2672 adventasse

1462 224 1523 254 397

831 270 986 305 Verbum,
999 269 1031 300 in
1047 269 1236 308 insipientia
1249 272 1331 312 dico,
1345 275 1377 305 et
1391 276 1523 314 pluries,

830 316 970 354 Cumque
986 315 1102 354 saepius
1125 315 1295 346 intraverit
1310 319 1348 348 ad
1369 330 1436 360 me,
1459 332 1525 353 non

830 362 915 391 sensi
940 361 1112 399 aliquoties
1140 369 1215 390 cum
1241 361 1384 393 intravit.
1409 367 1526 398 Adesse

829 407 933 444 sensi,
957 406 1084 437 assuisse
1109 406 1282 444 recordor,
1308 407 1469 440 interdum
1494 414 1528 443 et

830 452 1019 489 praesentire
1040 452 1130 490 potui
1156 452 1326 482 introitum
1349 453 1436 490 eju-S,
1453 464 1524 486 sen>-

831 497 889 527 tire
902 506 1096 536 numquam,
1113 498 1168 527 sed
1185 506 1227 527 ne
1243 497 1369 527 exitum
1385 499 1527 536 quidem,

829 543 904 572 Nam
920 544 1005 573 unde
1027 544 1060 573 in
1083 544 1225 573 animam
1251 551 1359 572 meam
1379 544 1530 583 venerit,

828 596 932 626 quove
961 589 1080 619 abierit
1113 589 1218 618 denuo
1242 597 1313 618 eam
1342 588 1530 628 dimittens,

828 634 885 663 sed
914 634 947 664 et
969 643 1032 672 qua
1047 635 1102 664 vel
1126 635 1290 665 introierit
1313 635 1366 665 vel
1389 635 1530 674 exierit3

829 679 926 708 etiam
943 687 1028 708 nunc
1044 679 1191 716 ignorare
1214 688 1266 709 me
1282 679 1406 717 fateor,
1418 688 1533 710 secun-

828 723 904 752 dum
920 723 1001 752 illud
1018 732 1026 752 z
1042 725 1147 754 Nescis
1165 726 1242 753 unde
1265 725 1389 760 veniat,
1406 726 1459 754 aut
1471 734 1532 763 quo

828 769 932 798 vadat.
950 769 1014 798 Nec
1030 769 1150 797 mirum
1165 769 1274 798 tamen
1285 791 1293 806 ‚
1310 769 1386 806 quia
1401 769 1469 807 ipse
1483 770 1532 800 esi

829 814 880 842 cui
893 813 1016 843 dictum
1032 815 1081 843 est
1097 823 1105 842 τ
1123 815 1165 843 Et
1178 816 1304 852 vestigia
1318 816 1371 844 lua
1386 823 1448 844 non
1464 824 1533 853 cos]-

827 861 1001 889 'noscentum
1031 860 1114 889 Sane
1137 868 1195 897 per
1215 861 1324 890 oculos
1338 868 1404 890 non
1427 861 1532 890 intra-

829 904 887 941 vit,
904 904 980 942 quia
994 913 1057 934 non
1074 904 1123 934 est
1141 904 1315 935 coloratum
1331 914 1338 934 :
1355 905 1412 935 sed
1426 914 1533 944 neque

829 957 887 987 per
901 957 1015 987 aures,
1032 950 1107 988 quia
1122 958 1187 979 non
1207 949 1331 987 sonuit,
1349 950 1405 979 sed
1421 958 1530 988 neque

829 1004 886 1033 per
906 1003 1017 1034 nares,
1030 995 1106 1033 quia
1121 1003 1185 1024 non
1200 995 1267 1024 aeri
1283 996 1457 1033 miscetur,
1474 996 1532 1026 sed

830 1041 951 1078 menti,
977 1049 1038 1070 nec
1059 1040 1174 1070 infecit
1197 1049 1324 1078 aerem,
1350 1041 1406 1071 sed
1429 1041 1529 1072 fecit:

829 1095 933 1124 neque
958 1095 1035 1116 vero
1060 1095 1120 1124 per
1143 1087 1273 1123 fauces,
1296 1087 1373 1125 quia
1398 1095 1464 1117 non
1481 1088 1532 1118 est

830 1140 975 1161 mansum
994 1133 1047 1162 vel
1063 1133 1214 1162 haustum
1232 1141 1239 1160 :
1257 1140 1316 1161 nee
1333 1133 1421 1162 tactu
1444 1141 1532 1162 com-

829 1178 899 1215 peri
917 1178 1016 1216 illud,
1029 1179 1102 1216 quia
1120 1178 1281 1216 palpabile
1304 1187 1366 1208 non
1383 1180 1443 1208 est.
1460 1179 1530 1216 Qua

831 1224 927 1261 igitur
943 1223 1108 1254 introivit?
1124 1225 1171 1253 An
1187 1224 1268 1254 forte
1296 1232 1359 1253 nec
1384 1224 1532 1255 introivit

829 1269 973 1306 quidem,
990 1270 1065 1307 quia
1079 1278 1141 1299 non
1158 1269 1276 1299 deforis
1291 1270 1383 1299 venit
1396 1269 1407 1299 ἓ
1419 1271 1531 1308 Neque

829 1315 914 1343 enim
934 1316 981 1345 est
997 1324 1098 1344 unum
1115 1315 1238 1352 aliquid
1251 1324 1292 1344 ex
1308 1315 1347 1345 iis
1361 1324 1432 1353 quae
1454 1315 1534 1345 foris

830 1361 913 1390 sunt.
931 1362 1027 1390 Porro
1051 1370 1111 1391 nec
1132 1362 1260 1391 deintra
1275 1370 1327 1391 me
1343 1362 1433 1391 venit
1454 1370 1533 1399 quo-

831 1406 915 1435 niam
928 1407 1047 1436 bonum
1065 1407 1134 1444 est,
1153 1409 1186 1436 et
1207 1407 1271 1436 scio
1296 1407 1448 1444 quoniam
1466 1415 1532 1438 non

830 1452 877 1481 est
893 1453 925 1481 in
941 1461 992 1481 me
1012 1453 1143 1482 bonum.
1160 1452 1297 1482 Ascendi
1317 1452 1414 1481 etlam
1435 1461 1533 1490 supe-

829 1497 895 1527 rius
912 1506 1019 1527 mcum
1034 1507 1041 1526 :
1060 1499 1092 1527 et
1108 1506 1184 1527 ecce
1202 1506 1297 1535 supra
1313 1498 1373 1527 hoc
1389 1498 1531 1528 Verbum

830 1543 986 1573 vminens.
1001 1543 1047 1572 Ad
1064 1543 1200 1573 inferius
1211 1552 1338 1581 quoque
1350 1552 1459 1573 meum
1477 1552 1533 1574 cu-

830 1589 930 1619 riosus
947 1589 1135 1627 explorator
1157 1589 1310 1619 descendi
1328 1598 1335 1618 :
1353 1591 1386 1618 et
1410 1589 1532 1619 nihilo·

831 1635 934 1665 minus
957 1635 1041 1665 infra
1060 1635 1231 1664 inventum
1249 1635 1308 1664 est.
1326 1634 1358 1664 Si
1384 1634 1466 1664 foras
1481 1643 1532 1664 as-

829 1682 918 1718 pexi,
935 1683 1029 1711 extra
1044 1689 1138 1710 omne
1158 1680 1302 1709 exterius
1318 1688 1426 1709 meum
1443 1688 1531 1710 com-

831 1727 898 1763 peri
915 1727 995 1756 illud
1009 1735 1078 1756 esse
1100 1734 1107 1755 ε
1123 1726 1149 1755 si
1163 1734 1239 1755 vero
1255 1726 1356 1763 intus,
1373 1725 1406 1754 et
1422 1725 1530 1763 ipsum

831 1773 968 1803 interius
981 1773 1061 1802 erat.
1075 1772 1113 1802 nt
1126 1771 1383 1809 cognoviverum
1397 1771 1532 1809 quidem

831 1828 899 1849 esse
912 1820 996 1858 quod
1009 1820 1149 1857 legeram
1160 1827 1168 1847 t
1181 1818 1257 1856 quia
1270 1819 1300 1847 ιή
1313 1819 1375 1855 ipso
1390 1819 1531 1855 vivimus,

831 1875 985 1895 moremur
996 1867 1023 1895 et
1038 1874 1144 1895 smnus
1159 1874 1169 1894 .·
1186 1864 1242 1893 sed
1258 1863 1314 1893 ille
1330 1863 1443 1893 heatus
1459 1864 1528 1902 est,

831 1911 862 1939 in
875 1920 938 1948 quo
955 1912 1003 1941 est
1020 1910 1145 1949 ipsum,
1161 1910 1215 1948 qui
1233 1909 1283 1938 illi
1302 1909 1405 1947 vivit,
1421 1909 1476 1947 qui
1491 1917 1531 1939 eo

831 1958 993 1986 movetur.

869 2001 898 2031 6.
910 2001 1031 2039 Quaeris
1048 2001 1157 2039 igitur,
1172 2009 1243 2031 cum
1261 2000 1306 2031 ita
1322 1999 1386 2029 sint
1397 1999 1532 2031 omnino

831 2047 1074 2085 investigabiles
1093 2047 1155 2076 viae
1182 2046 1251 2083 ejus
1265 2067 1274 2083 ,
1303 2045 1390 2075 unde
1417 2045 1532 2075 adesse

829 2092 954 2122 norim?
972 2094 1088 2122 vivum
1110 2093 1143 2122 et
1162 2092 1278 2122 efficax
1294 2094 1343 2121 est
1363 2100 1370 2120 z
1390 2098 1533 2128 moxque

830 2138 865 2167 ut
877 2138 965 2167 intus
981 2138 1090 2175 venit,
1111 2136 1336 2175 expergefecit
1351 2135 1531 2166 dormitan-

830 2184 893 2213 tem
906 2184 1045 2216 animam
1062 2191 1186 2219 meam,
1203 2181 1316 2218 movit,
1329 2181 1362 2211 et
1377 2180 1533 2219 mollivit,

829 2229 860 2258 et
876 2228 1062 2258 vulneravit
1078 2236 1132 2258 cor
1147 2236 1255 2257 meum
1268 2249 1277 2265 ‚
1299 2226 1451 2265 quoniam
1474 2225 1534 2255 du-

828 2282 898 2304 rum
915 2273 1149 2312 lapideumque
1162 2272 1243 2310 erat,
1260 2273 1293 2302 et
1307 2273 1390 2302 male
1403 2279 1532 2302 sanum.

828 2320 930 2358 Coepit
955 2327 1083 2357 quoque
1110 2319 1254 2349 evellere
1285 2319 1317 2348 et
1345 2318 1530 2353 destruere,

828 2366 987 2395 aedificare
1000 2368 1033 2395 et
1050 2365 1197 2404 plantare
1207 2386 1217 2402 ,
1232 2364 1338 2401 rigare
1351 2363 1439 2392 arida
1449 2383 1457 2399 ,
1480 2363 1530 2390 te-

830 2411 964 2441 nebrosa
994 2410 1205 2447 illuminare,
1232 2410 1338 2439 clausa
1363 2413 1529 2442 reserare,

830 2456 944 2495 frigida
966 2456 1187 2496 inflammare,
1202 2462 1328 2486 necnon
1350 2453 1381 2481 et
1398 2451 1528 2480 mitiore

829 2510 927 2540 prava
942 2502 977 2531 in
993 2502 1117 2532 directa
1128 2523 1136 2539 ,
1154 2503 1187 2531 et
1202 2508 1312 2538 aspera
1330 2498 1361 2526 in
1374 2497 1442 2526 vias
1458 2496 1526 2533 pla-

829 2557 902 2586 nas3
920 2549 964 2578 ita
983 2548 1019 2578 ut
1033 2546 1245 2578 benediceret
1259 2543 1363 2574 anima
1378 2549 1448 2570 mea
1464 2541 1530 2569 Do·-

829 2595 933 2632 mino,
966 2595 1000 2625 et
1019 2593 1125 2624 omnia
1154 2600 1225 2630 quae
1264 2589 1349 2618 inira
1376 2594 1427 2616 1¹¹8
1451 2584 1524 2615 fiunt

827 2640 952 2671 nomini
977 2640 1087 2671 sancto
1110 2638 1192 2674 ejus.
1215 2635 1258 2665 lta
1282 2633 1380 2673 igitur
1397 2630 1525 2686 'intrans
