1830 3073
299 209 341 241 146

299 264 459 297 serviatur
473 263 517 303 ei,
531 263 569 295 ut
579 263 665 294 dicat
676 263 809 302 spiritus
824 270 916 293 servo
928 269 998 298 5110,

300 311 402 350 Veni;
415 310 449 340 et
462 309 574 340 veniat
589 319 597 339 ε
614 310 674 339 Fac
690 309 769 346 11003
787 309 820 338 et
842 307 939 337 faciat
959 306 1000 336 il-

299 356 371 387 lud.
384 356 437 386 Sic
451 354 539 386 enim
551 355 614 385 erit
627 363 710 384 uxor
724 354 831 383 nostra
851 352 936 382 sicut
949 351 999 381 vi-

300 401 346 432 tis
360 401 539 438 abundans,
553 400 587 430 et
600 398 778 430 salvabitur
792 406 851 435 per
865 403 1001 435 genera-

298 447 422 478 tionem
443 446 583 476 filiorum
594 467 603 483 ,
619 445 674 483 qui
690 444 764 473 sunt
786 450 883 480 opera
898 442 980 471 bona
991 463 999 479 ,

298 491 327 522 si
342 492 443 522 fuerit
462 492 531 530 ipsa
557 490 690 529 quidem
708 489 743 517 in
767 487 926 517 lateribus
945 486 1001 517 do-

298 544 372 567 mus
390 538 530 575 nostrae,
560 536 594 565 id
619 535 667 565 est
692 534 727 563 in
752 532 939 562 abscondito
969 533 1000 562 et

299 583 418 615 humili
446 584 541 612 loco:
565 581 671 610 anima
696 586 775 608 vero
799 577 941 608 resideat
967 578 1001 608 in

298 628 407 658 medio
423 628 588 664 tamquam
599 623 729 654 domina
740 645 749 660 ,
765 623 931 661 tamquam
945 631 1001 661 pa-

299 673 508 709 terfamilias,
551 672 715 708 tamquam
743 668 846 706 judex
863 669 921 698 :ut
946 668 1000 699 fiat

299 719 385 758 quod
400 718 556 755 scriptum
571 715 623 745 est
639 714 777 745 :Anima
795 723 865 744 mea
879 716 912 743 in
935 723 1003 744 ma-

300 765 391 794 nibus
407 764 480 792 meis
494 770 623 800 semper.
639 760 828 790 Maledictus
841 760 927 789 enim
939 759 1003 798 spi-

301 810 382 839 ritus
396 809 453 837 ille
463 830 472 846 ,
485 808 539 845 qui
555 807 681 845 partem
702 814 792 836 suam
807 805 1001 835 deteriorem

299 854 389 884 facit.
405 853 594 883 Maledictus
606 852 723 889 homo,
743 851 798 889 qui
813 851 918 889 pascit
938 851 1003 880 ste-

298 900 412 938 rilem,
430 900 462 929 et
483 899 590 928 viduae
611 906 677 927 non
694 897 871 928 benefacit.
902 896 1002 926 Deni-

298 954 376 984 que,
390 947 427 976 ut
441 945 580 976 testatur
597 944 687 974 idem
707 943 895 981 Apostolus,
911 943 938 972 si
953 951 1003 972 se-

300 993 443 1022 cundum
459 999 589 1021 carnem
603 989 796 1026 vixerimus,
808 988 1001 1018 moriemur:

299 1038 455 1076 quoniam
469 1036 526 1074 qui
552 1036 586 1065 in
608 1039 704 1065 carne
734 1035 922 1072 ambulant,
936 1035 1003 1063 Deo

299 1084 430 1121 placere
445 1090 509 1111 non
529 1082 688 1120 possuntt
703 1081 736 1110 et
763 1080 819 1118 qui
844 1080 1021 1110 seminant

298 1129 334 1158 in
356 1136 470 1166 carne,
487 1128 527 1157 de
553 1135 650 1157 carne
676 1125 801 1156 metent
828 1107 1021 1164 corruptio-l

300 1183 388 1205 nem.
404 1174 438 1203 Si
452 1174 562 1204 autem
574 1173 691 1212 spiritu
706 1172 789 1202 facta
801 1171 905 1201 caruis
920 1179 1006 1201 mor-
1018 1163 1021 1231 ῐ

299 1220 551 1258 amaverimus,
582 1219 733 1249 vivemus
748 1227 756 1247 :
773 1218 927 1255 quoniam
948 1219 1003 1256 qui

300 1266 418 1304 spiritu
442 1265 504 1294 Dei
532 1265 682 1302 aguntur,
699 1263 734 1292 hi
759 1262 820 1292 filii
841 1262 902 1292 Dei
918 1264 1003 1300 sunt,

302 1311 403 1349 etqui
419 1310 584 1341 semmant
608 1310 642 1339 ln
662 1309 779 1347 spiritu
792 1330 802 1346 ,
825 1308 865 1338 de
888 1309 1005 1347 spiritu

300 1357 426 1387 metent
441 1356 541 1386 vitam
557 1356 721 1386 aeternam.

343 1403 374 1432 9..
405 1402 587 1432 Prudenter
610 1400 768 1439 proinde,
793 1400 941 1437 Fratres,
975 1400 1005 1430 et

300 1457 366 1479 non
381 1448 422 1478 ad
436 1447 658 1485 insipientiam
672 1445 766 1475 nohis
777 1467 788 1482 ‚
803 1445 1006 1484 spiritualem
1020 1471 1023 1485 ,

302 1493 460 1532 elegimus
474 1494 577 1522 vitam
588 1515 598 1530 ,
611 1492 767 1529 castigare
789 1491 916 1521 scilicet
941 1499 1008 1521 cor-

303 1548 384 1577 pus,
410 1540 443 1569 et
457 1538 610 1569 servituti
635 1538 817 1575 subjicere3
835 1538 868 1566 ct
888 1537 1005 1572 Deum,

304 1585 361 1623 qui
377 1585 516 1622 Spiritus
545 1584 612 1621 est,
642 1584 775 1613 adorare
794 1583 828 1612 in
843 1583 960 1621 spiritu
976 1585 1005 1613 et

303 1631 457 1661 veritate.
486 1630 548 1660 Sed
576 1629 651 1668 quia
679 1629 854 1668 spirituum
880 1629 1007 1658 diversa
1022 1645 1024 1663 ;

303 1677 378 1706 sunt
405 1684 547 1714 genera,
569 1675 752 1706 necessaria
769 1675 818 1704 est
842 1675 936 1705 nobis
954 1668 1024 1704 60-1

302 1730 377 1751 111111
392 1721 544 1751 discretio
555 1744 565 1760 ,
579 1722 760 1760 praesertim
782 1730 854 1751 cum
871 1721 910 1751 ab
925 1722 1009 1760 Apo-

303 1768 383 1797 stolo
396 1767 621 1804 didicerimus,
631 1775 694 1796 non
704 1767 792 1796 omni
803 1766 930 1804 spiritui
940 1775 1008 1796 esse

304 1813 518 1842 credendum.
535 1812 646 1842 Yideri
660 1812 749 1841 enim
770 1813 878 1849 potest
901 1812 1009 1843 minus

306 1857 463 1896 eruditis,
477 1857 509 1887 et
531 1858 587 1896 qui
607 1866 722 1895 parum
744 1857 939 1887 exercitatos
951 1858 1010 1888 ha-

304 1903 385 1932 bent
398 1911 511 1933 seusus
523 1925 533 1940 ,
549 1911 679 1932 omnem
695 1903 925 1941 cogitationem
946 1912 1008 1933 nou

306 1949 460 1986 alterius,
479 1957 577 1987 quam
597 1949 698 1987 ipsius
720 1949 856 1978 humaui
878 1949 1010 1987 spiritus

307 2003 377 2024 esse
390 2003 591 2032 sermonem3
621 1994 707 2033 quod
731 2003 795 2024 nou
819 1995 865 2025 ita
889 2003 958 2025 esse
978 1996 1011 2025 et

306 2041 395 2070 certa
423 2041 500 2070 fidei
527 2041 650 2070 veritas
672 2039 805 2078 probat,
823 2042 857 2071 et
882 2041 1011 2071 divina-

305 2094 380 2115 rum
395 2087 581 2116 testimonia
595 2087 848 2124 scripturarum.
862 2088 1009 2124 Audiam,
1024 2095 1027 2127 Ι

305 2130 414 2167 inquit
427 2132 604 2170 Propheta,
620 2140 685 2161 11011
706 2132 784 2170 quid
807 2140 865 2170 ego
886 2133 1009 2170 loquar,

307 2175 367 2205 sed
381 2177 452 2213 quid
465 2177 610 2214 quuatur
626 2179 657 2207 in
679 2186 725 2206 rmc
741 2179 894 2208 Dominus
915 2180 1010 2208 Deus.

308 2221 347 2250 Et
361 2221 443 2250 alius
456 2222 616 2259 Propheta
631 2232 638 2252 :
653 2224 787 2261 Amyclas
798 2245 808 2260 ,
824 2224 929 2262 inquit
939 2246 948 2261 ,
961 2226 1014 2263 qui

309 2266 492 2304 loquebatur
522 2269 552 2296 in
579 2278 646 2305 me,
674 2271 729 2298 etc.
764 2270 802 2299 Et
831 2269 866 2299 in
887 2270 1012 2299 Psalmo

310 2312 484 2342 didicimus
504 2312 575 2342 fieri
593 2314 812 2344 immissiones
833 2315 932 2344 etiam
954 2324 1013 2354 per

309 2356 446 2394 Angelos
463 2357 575 2386 malos.
595 2358 686 2387 Unde
707 2359 741 2387 et
759 2360 856 2389 timet
875 2360 1011 2398 Aposto-

309 2402 373 2440 lus,
387 2410 443 2439 ne,
458 2401 543 2431 sicut
559 2410 690 2440 serpens
706 2403 837 2442 decepit
848 2406 947 2435 Evam
963 2414 1014 2435 as-

310 2447 394 2477 tutia
419 2454 496 2485 sua,
515 2444 568 2477 ‘sic
583 2449 617 2477 et
633 2448 867 2486 disprulorum
895 2450 1013 2488 quibus

298 2493 454 2531 ,loquitur
482 2493 578 2523 corda
602 2493 824 2532 decipiantur,
839 2495 879 2525 ab
895 2504 933 2525 eo
947 2498 1013 2526 uti-

312 2546 375 2577 que
386 2560 395 2576 ,
425 2538 518 2576 cujus
541 2539 611 2578 ipse
641 2540 760 2569 Paulus
787 2540 922 2570 astutias
948 2549 1011 2571 non

318 2583 456 2622 ignorat.
471 2585 562 2615 Unde
590 2584 623 2615 et
647 2585 835 2615 dicitzNon
856 2588 900 2616 cst
923 2587 1012 2617 nobis

316 2631 488 2661 colluctatio
515 2632 656 2662 adversus
678 2639 804 2661 carnem
831 2633 860 2661 et
886 2634 1031 2669 sangani—2

757 210 787 237 S.
813 207 1047 237 BERNARDI
1071 206 1291 243 ΑΒΒΛΤΙὸΔ

1031 268 1113 296 mm,
1130 261 1180 290 sed
1194 261 1336 291 adversus
1348 260 1500 299 principes
1515 261 1543 291 ct
1558 262 1730 299 potestati-s,

1034 307 1175 336 adversus
1188 307 1296 336 oriundi
1310 307 1441 336 rectores
1468 306 1663 342 tenebrarum
1674 306 1732 336 ha-

1032 359 1115 380 rum.
1137 351 1212 380 Esse
1234 351 1343 381 autem
1367 351 1518 389 spiritum
1541 351 1647 382 carnis
1667 360 1732 382 non

1032 395 1172 434 bonum,
1191 395 1366 428 manifeste
1381 397 1469 428 idem
1493 397 1661 436 Apostolus
1681 397 1735 426 in-

1033 439 1138 478 dicat,
1159 441 1219 470 ubi
1237 441 1367 472 innatos
1390 443 1509 481 spiritu
1538 443 1643 473 carnis
1668 451 1733 473 suae

1032 487 1188 525 quosdam
1214 494 1284 517 esse
1299 487 1448 518 testatur.
1477 488 1518 518 Et
1542 497 1612 518 esse
1635 489 1733 518 etiam

1033 532 1185 570 spiritum
1215 532 1314 570 hujus
1343 533 1457 563 mundi
1486 534 1647 572 declarat,
1675 534 1734 563 ubi

1032 578 1191 615 gloriatur
1213 578 1248 608 in
1272 578 1412 609 Domino
1432 587 1490 618 pro
1508 589 1543 611 se
1563 581 1687 619 pariter
1702 580 1736 610 et

1032 631 1091 660 pro
1105 623 1275 662 discipulis
1299 624 1366 654 suis
1379 646 1388 662 ,
1409 632 1474 654 non
1487 626 1574 663 quod
1588 634 1663 655 eum
1681 634 1738 656 ac-

1034 669 1202 707 ceperint,
1217 669 1274 700 sed
1292 669 1444 708 spiritum
1458 671 1513 708 qui
1525 675 1557 700 'a
1579 672 1646 700 Deo
1666 673 1735 710 est,

1032 716 1068 744 ut
1085 716 1241 752 sciamus,
1261 716 1385 754 inquit,
1401 725 1469 755 quae
1494 725 1515 746 a
1531 717 1598 747 Deo
1621 718 1737 748 donata

1033 762 1105 791 suut
1118 761 1218 792 vobis·

1074 807 1105 835 5.
1119 806 1200 837 Sunt
1214 814 1288 844 ergo
1303 804 1339 836 hi
1352 803 1415 836 duo
1429 803 1587 837 satellites
1598 807 1736 845 maligni

1035 851 1124 882 illius
1145 852 1304 890 principis
1331 853 1564 891 tenebrarum3
1584 854 1621 884 ut
1635 854 1738 884 domi·

1035 899 1132 928 netur
1147 898 1282 936 spiritus
1297 898 1452 936 nequitiae.
1467 899 1597 937 spiritui
1617 899 1737 938 carniS,

1037 944 1070 973 et
1085 944 1213 982 spiritui
1230 944 1328 981 hujus
1346 944 1470 974 mundi.
1487 944 1638 983 Quisquis
1663 954 1738 983 ergo

1036 996 1077 1018 ex
1099 988 1151 1018 his
1166 989 1271 1019 tribus
1293 988 1464 1027 spiritibus
1480 989 1612 1027 spiritui
1629 991 1737 1020 nostro

1037 1034 1206 1072 loquatur,
1234 1043 1277 1064 116
1300 1035 1470 1064 credamus
1491 1035 1522 1064 ei
1545 1043 1553 1063 τ
1582 1036 1736 1073 quoniam

1037 1079 1225 1118 sanguinem
1253 1079 1392 1117 sitiunt,
1417 1087 1484 1109 non
1507 1079 1640 1117 quidem
1668 1090 1739 1111 cor-

1037 1133 1170 1163 porum,
1192 1124 1249 1155 sed
1272 1123 1375 1164 (quod
1394 1124 1523 1163 gravius
1548 1125 1618 1166 est)
1635 1149 1645 1165 ,
1668 1127 1739 1157 ani-

1037 1179 1172 1201 marum.
1196 1171 1259 1200 Sed
1287 1171 1438 1209 quoniam
1465 1170 1642 1208 spiritualis
1670 1181 1740 1202 om-

1038 1217 1128 1246 nium
1143 1218 1262 1247 natura
1275 1217 1341 1254 est,
1362 1225 1380 1246 a
1395 1217 1597 1247 sermonibus
1626 1226 1740 1248 eorum

1037 1270 1267 1300 cognoscemus
1289 1270 1367 1292 eos:
1385 1263 1418 1292 et
1442 1262 1514 1300 quis
1542 1263 1675 1301 spiritus
1697 1264 1740 1293 sit

1037 1309 1092 1345 qui
1108 1307 1271 1346 loquatur,
1286 1308 1355 1345 ipsa
1373 1307 1534 1346 suggestio
1543 1308 1735 1339 declarabit.

1037 1354 1174 1391 Semper
1199 1353 1287 1383 6111111
1316 1354 1451 1392 spiritus
1480 1354 1586 1384 carnis
1611 1355 1739 1393 mollia,

1038 1400 1172 1437 spiritus
1193 1399 1308 1429 mundi
1337 1407 1421 1430 vana
1434 1421 1443 1437 ,
1459 1399 1593 1438 spiritus
1608 1400 1739 1431 malitiae

1038 1454 1168 1483 semper
1193 1454 1300 1475 amara
1320 1445 1478 1484 loquitur.
1503 1446 1640 1483 Quoties
1667 1455 1739 1484 ergo

1038 1491 1222 1529 importune
1249 1489 1312 1530 (ut
1336 1489 1476 1530 assolet)
1495 1492 1632 1522 carnalis
1657 1493 1741 1530 cogi-

1039 1538 1118 1567 tatio
1129 1538 1273 1567 mentem
1286 1538 1410 1575 pulsat:
1429 1537 1521 1567 verbi
1533 1538 1653 1576 gratia,
1667 1547 1741 1568 cum

1041 1583 1079 1613 de
1097 1583 1181 1619 cibo,
1198 1582 1238 1612 de
1254 1584 1345 1621 potu,
1362 1583 1402 1613 de
1415 1591 1538 1621 somno,
1551 1584 1741 1621 caeterisque

1040 1629 1204 1659 similibus
1225 1629 1265 1658 ad
1287 1629 1393 1658 caruis
1412 1637 1522 1658 curam
1546 1629 1742 1667 pertinenti-

1039 1675 1099 1704 bus
1121 1675 1298 1712 cogitantes
1312 1696 1321 1711 ,
1335 1675 1477 1703 humano
1492 1674 1631 1712 quodam
1645 1674 1740 1704 modo

1039 1720 1273 1750 inardescimus
1288 1719 1468 1756 desideri03
1483 1721 1608 1750 certum
1625 1720 1668 1750 sit
1683 1728 1742 1750 no-

1039 1766 1089 1796 bis
1110 1766 1261 1804 spiritum
1284 1765 1390 1795 carnis
1406 1773 1474 1795 esse
1500 1765 1557 1803 qui
1585 1765 1741 1803 loquitur,

1041 1813 1075 1844 et
1099 1813 1264 1850 tamquam
1293 1811 1517 1841 adversarium
1544 1811 1743 1849 repellamus

1041 1868 1129 1896 eum,
1142 1858 1288 1888 dicentes
1303 1866 1311 1886 ι
1330 1858 1416 1888 Vade
1429 1859 1513 1887 retro
1524 1859 1653 1893 satana,
1669 1866 1743 1895 quo-

1041 1908 1126 1936 niam
1142 1913 1203 1934 11011
1215 1905 1298 1942 sapis
1313 1912 1348 1932 ca
1361 1911 1428 1941 qztae
1441 1904 1577 1932 Dcistmt
1586 1911 1597 1931 .·
1609 1902 1665 1932 sed
1676 1911 1743 1932 ma-

1041 1951 1088 1988 gis
1105 1949 1265 1987 sapieutIa
1280 1949 1335 1978 tua
1349 1948 1483 1977 inimica
1504 1948 1554 1977 est
1568 1948 1646 1977 Deo.
1664 1948 1742 1977 Cum

1041 1997 1151 2026 autem
1165 2003 1230 2024 nou
1246 1995 1285 2023 de
1301 1994 1465 2024 illecebrIs
1481 1993 1586 2023 carnis
1599 2015 1608 2031 ,
1624 1993 1680 2023 sed
1702 1993 1742 2024 ‹le

1042 2041 1219 2072 ambitione
1235 2040 1344 2070 saeculi
1356 2063 1364 2078 ,
1377 2039 1416 2069 de
1430 2039 1586 2075 jactantia
1600 2040 1634 2069 ct
1654 2047 1744 2068 arro-

1042 2087 1169 2126 gantia,
1199 2086 1388 2124 caeterisque
1413 2084 1574 2114 similibus
1594 2084 1743 2122 cogitatio

1044 2142 1125 2163 vana
1139 2133 1288 2162 versatur
1303 2131 1337 2161 iu
1356 2130 1506 2160 cordibus
1526 2130 1662 2168 nostris;
1677 2130 1738 2168 spi-

1043 2179 1125 2209 ritus
1140 2177 1253 2207 mundi
1269 2178 1317 2207 est
1328 2177 1384 2215 qui
1396 2176 1551 2214 loquitur,
1562 2176 1657 2213 longe
1668 2183 1746 2213 per-

1044 2224 1197 2255 1116105101
1211 2223 1330 2258 bostis,
1347 2223 1380 2252 et
1390 2222 1505 2258 majori
1522 2220 1745 2251 sollicItudiuc

1044 2269 1263 2309 repellendus.
1279 2268 1446 2298 Interdum
1457 2275 1533 2297 vero
1549 2265 1745 2296 satellitibus

1045 2316 1118 2345 istis
1137 2315 1229 2353 terga
1248 2313 1472 2350 vertentibus,
1495 2311 1648 2350 princeps
1675 2310 1746 2349 ipse

1045 2361 1169 2390 habens
1196 2361 1278 2390 iram
1305 2366 1478 2397 magnam,
1505 2358 1669 2394 tamquam
1694 2356 1746 2385 leo

1045 2406 1190 2444 rugiens,
1221 2405 1360 2443 insurgit
1383 2404 1538 2433 adversus
1563 2410 1641 2439 uos3
1671 2408 1746 2430 cum

1046 2451 1204 2481 videlicet
1230 2458 1296 2480 non
1320 2449 1361 2479 ad
1391 2448 1593 2487 voluptatem
1621 2445 1743 2482 carnis,

1046 2498 1102 2527 aut
1116 2496 1227 2527 saeculi
1239 2495 1435 2533 vanitatem,
1451 2494 1509 2524 sed
1522 2492 1562 2522 ad
1586 2492 1685 2529 iram,
1707 2489 1747 2519 ad

1047 2542 1305 2581 impatientiam,
1321 2541 1362 2571 ad
1375 2540 1553 2576 invidiam,
1569 2536 1610 2571 ad
1629 2536 1746 2566 amari-

1047 2588 1193 2617 tudinem
1209 2586 1309 2616 auimi
1321 2591 1547 2624 provocamur:
1561 2582 1744 2621 importune

1048 2632 1226 2671 ingerendo
1239 2653 1249 2669 ,
1264 2631 1290 2661 si
1303 2630 1379 2669 quid
1391 2629 1497 2659 minus
1518 2627 1744 2661 amicabiliter,
