1846 3078
703 242 984 271 SERMONUM.
1494 250 1551 278 [471

159 294 207 323 nis
221 301 356 331 sponsae,
372 303 465 331 quem
480 299 599 324 eructat
620 301 745 333 propter

157 344 294 364 amorem
315 336 428 364 Christi
448 338 553 373 sponsi
557 357 741 365 ...........

120 376 251 404 LXVIII.
275 377 437 412 Quomodo
457 386 588 414 sponsus
607 377 746 406 Christus

157 419 290 447 intendit
310 427 431 456 sponsae
450 421 610 454 Ecclesiae,
632 423 662 448 et
682 420 746 449 haec

156 459 214 486 illi.
228 459 264 486 Et
272 459 310 486 de
319 467 396 488 cura
408 468 504 495 quam
515 461 607 488 habet
617 461 701 489 Deus
707 459 745 487 de

155 500 272 527 electis.
297 501 376 529 Item
394 501 433 529 de
451 501 563 530 merito
582 505 612 530 et
632 501 747 530 fiducia

154 540 295 568 Ecclesiae
299 560 741 569 ........................

120 581 228 609 LXIX.
244 582 380 616 Qualiter
393 584 496 611 omnis
508 583 636 611 altitudo
648 591 680 612 se
693 591 746 611 ex-

154 623 264 651 tollens
278 623 430 652 adversus
443 624 604 652 scientiam
621 624 680 652 Dei
692 624 747 653 de·-

152 662 270 697 jicitur.
296 663 342 691 De
367 664 508 692 adventu
535 667 565 692 et
585 664 746 692 mansione

148 702 247 731 Patris
265 707 296 731 et
316 703 411 731 Verbi
424 705 509 740 apud
525 705 663 732 animam
675 705 748 732 dili-

153 746 296 779 gentem:
311 747 341 772 et
351 744 575 779 familiaritate,
589 753 660 781 quae
674 746 747 773 inde

153 784 235 812 inter
247 785 352 812 Deum
362 789 389 813 et
398 786 539 814 animam
551 786 753 814 contrahitur.

117 824 208 854 LXX.
219 826 306 854 Unde
318 834 449 862 sponsus
458 827 588 856 dilectus
600 830 743 859 vocatur;

151 869 182 893 et
206 867 244 895 de
267 869 415 902 veritate,
433 868 692 900 mansuetudine,
714 872 745 895 et

150 908 269 943 justitia
277 928 285 942 ‚
293 910 474 945 caeterisque
483 909 649 937 virtutibus
658 931 665 943 ,
675 917 746 944 quae

152 953 224 977 sunt
235 951 299 979 lilia
320 951 401 978 inter
414 958 485 986 quae
497 950 636 986 pascitur
642 970 739 977 ......

118 989 223 1018 LXXI.
248 991 294 1020 De
314 991 388 1019 liliis
403 992 632 1027 spiritualibus,
648 991 682 1018 id
700 996 743 1020 est

152 1032 301 1068 operibus
310 1033 410 1065 bonis,
425 1040 560 1068 quorum
570 1032 647 1060 odor
660 1035 744 1060 recta

153 1073 356 1106 conscientia,
368 1074 463 1100 ‘color
485 1072 571 1102 fama
588 1081 595 1100 :
613 1075 644 1101 et
665 1081 743 1108 quo-

151 1114 246 1141 modo
273 1121 403 1149 sponsus
428 1117 458 1141 et
483 1114 581 1150 pascit
607 1121 665 1141 nos
676 1134 683 1145 ,
712 1117 742 1142 et

152 1154 290 1189 pascitur
308 1161 326 1181 a
343 1154 444 1182 nobis.
467 1154 545 1182 Item
566 1153 605 1182 de
625 1154 743 1182 unitate

153 1193 213 1222 Dei
238 1194 336 1223 Patris
358 1203 430 1222 cum
455 1195 550 1228 Filio,
578 1198 610 1223 et
630 1195 743 1224 animae

151 1239 264 1263 sanctae
275 1242 348 1263 cum
362 1236 429 1263 Deo
437 1255 733 1263 .................

117 1275 236 1304 LXXII.
250 1278 324 1305 Dies
337 1277 508 1313 adspirans,
523 1281 552 1305 et
566 1278 686 1306 umbrae
696 1278 742 1305 In-

152 1317 284 1351 clinatae‚
295 1326 367 1353 quae
378 1319 449 1346 sint.
464 1318 585 1346 Deinde
596 1319 677 1346 varii
688 1319 742 1347 ho-

152 1358 275 1386 minum
289 1359 356 1387 dies
377 1363 587 1396 exponuntur.
609 1360 644 1388 Et
660 1360 742 1396 quod

148 1398 256 1436 justos,
270 1403 376 1436 utpote
388 1401 422 1428 in
430 1401 498 1429 luce
509 1401 664 1434 viventes,
678 1409 742 1429 ma-

151 1443 224 1469 neat
245 1441 357 1469 clarior
378 1441 465 1475 dies3
482 1441 595 1478 impios
612 1449 687 1469 vero
707 1442 741 1470 in

104 1480 109 1482 “
149 1481 298 1515 operibus
334 1483 538 1510 tenebrarum
582 1484 740 1510 versantes

149 1524 266 1550 aeterna
277 1530 338 1550 nox
345 1542 734 1550 ......................

112 1560 248 1590 LXXIII.
258 1563 397 1597 Qualiter
409 1563 546 1591 Christus
556 1562 595 1591 ad
601 1562 740 1598 judican-

147 1604 225 1631 dum
242 1603 349 1632 veniet
367 1603 404 1631 in
421 1603 523 1632 forma
535 1604 688 1637 humana,
706 1607 740 1632 ut

766 339 819 365 570

893 298 968 325 creti
991 298 1072 325 circa
1095 300 1262 334 pascendas
1280 302 1396 331 aninuas
1415 304 1474 334 sibi

891 345 1069 366 commissas
1074 358 1466 371 .......................
1491 346 1544 374 Ιιο5

854 378 1001 405 LXXVII.
1020 379 1065 406 De
1086 379 1174 406 malis
1188 381 1357 415 pastoribus
1374 384 1471 411 Eccle-

890 419 953 447 siae.
969 420 1046 447 Item
1059 420 1216 455 quomodo
1239 421 1322 447 Beati
1344 423 1375 449 in
1398 425 1474 451 coelo

889 460 983 487 simul
1001 468 1074 488 cum
1094 460 1218 496 Angelis
1240 461 1391 497 adjutorio
1403 467 1475 491 sunt

889 501 990 528 electis
1004 502 1104 529 adhuc
1116 501 1383 537 peregrinantibus
1390 523 1468 531 .....
1493 505 1546 533 407

766 542 818 570 57Ιι
853 540 1015 569 LXXVIII.
1031 541 1120 576 Quod
1129 549 1251 578 sponsa,
1266 543 1299 570 id
1316 546 1361 570 est
1374 543 1476 571 Eccle-

765 788 818 815 577

764 952 817 979 580

758 1238 811 1265 535

758 1524 812 1550 588

146 1645 253 1673 suavis
276 1647 425 1680 appareat
452 1644 577 1677 electis;
603 1648 634 1672 et
662 1652 740 1680 quo·
794 1662 796 1665 -

146 1686 243 1713 modo
266 1685 371 1713 minor
396 1684 542 1721 Angelis,
566 1685 738 1721 iisdemque

147 1725 314 1753 sublimior
317 1744 733 1754 ........................

110 1765 248 1794 LXXIV.
287 1766 335 1794 De
371 1765 602 1794 visitationibus
641 1766 736 1794 Verbi

145 1808 271 1844 sponsi,
284 1815 380 1843 quam
392 1808 511 1836 occulte
525 1807 603 1836 fiant
619 1807 659 1834 ad
673 1808 738 1835 ani-

145 1856 232 1877 mam
261 1852 414 1882 sanctam,
441 1849 537 1884 idque
562 1848 737 1876 Bernardus

145 1890 194 1918 sui
216 1891 314 1926 ipsius
335 1890 479 1925 exemplo
504 1889 543 1917 ad
557 1889 736 1918 aedificatio-

145 1938 218 1958 nem
240 1938 372 1958 suorum
385 1930 520 1958 demisse
533 1937 569 1957 ac
584 1937 736 1958 verecun—

145 1971 184 1998 de
193 1971 294 1999 declar
302 1975 331 1999 at
335 1990 733 1999 .......................

108 2012 228 2039 LXXV.
252 2013 336 2041 Deus
358 2011 546 2048 quaerendus
567 2015 612 2040 est
631 2012 735 2040 debito

143 2056 283 2088 tempore
296 2073 303 2086 ,
329 2053 423 2082 modo
445 2055 475 2080 et
494 2052 583 2081 loco:
604 2055 633 2080 et
651 2053 735 2088 quod

143 2102 229 2122 nunc
254 2095 293 2122 sit
318 2094 508 2130 acceptabile
532 2097 674 2130 tempus,
699 2094 734 2122 in

143 2142 206 2170 quo
219 2135 349 2170 quisque
363 2143 422 2171 per
433 2136 515 2163 bona
526 2143 621 2172 opera
634 2138 734 2171 potest

143 2175 204 2203 sibi
218 2176 364 2204 invenire
380 2176 499 2209 Deum,
513 2183 550 2204 ac
563 2183 650 2204 suam
663 2184 734 2212 ope-

142 2216 206 2243 rari
223 2217 354 2244 salutem
360 2235 731 2245 .....................

106 2256 240 2285 LXXVI.
259 2257 304 2285 De
319 2256 454 2285 claritate
470 2256 598 2292 Sponsi,
618 2257 652 2284 in
671 2263 733 2292 qua

145 2300 307 2334 coaequalis
317 2299 401 2326 Patri
411 2299 496 2327 sedet
509 2307 528 2327 a
538 2299 655 2327 dextris
666 2299 732 2335 glo-

142 2340 199 2368 riae
214 2339 280 2375 ejus
292 2343 343 2368 :et
356 2340 490 2375 qualiter
504 2340 580 2368 boni
593 2343 731 2376 pastores

144 2380 256 2410 debent
269 2387 337 2410 esse
347 2380 484 2414 solliciti,
499 2381 611 2418 vigiles
622 2384 653 2410 et
666 2380 730 2409 dis-

758 1972 807 1999 390

755 2216 806 2244 599

889 581 934 608 sia
955 582 1140 615 electorum,
1162 582 1380 618 praedestinata
1401 588 1444 611 est
1458 592 1476 611 a

888 621 953 649 Deo
960 626 1032 651 ante
1045 624 1167 656 saecula,
1179 628 1209 651 et
1219 627 1379 660 praeventa
1391 625 1430 652 ab
1440 632 1477 652 eo

888 667 921 691 ut
930 669 1084 699 quaereret
1094 669 1215 699 eum,et
1223 670 1472 694 converteretur.
1495 667 1549 695 1209

853 703 985 732 LXXIX.
999 706 1045 733 De
1064 714 1170 734 amore
1191 707 1293 735 tenaci
1308 711 1337 734 et
1350 707 1478 734 indisso-

887 746 996 779 lubili,
1013 755 1073 783 quo
1094 748 1199 775 anima
1212 751 1295 776 tenet
1317 755 1474 783 sponsum.

889 786 966 814 Item
980 788 1017 815 de
1035 789 1140 816 reditu
1163 790 1270 824 sponsi
1283 789 1315 816 in
1334 789 1398 818 fine
1417 797 1475 817 sae-

887 828 949 855 culi
960 828 998 856 ad
1011 830 1206 866 Synagogam
1220 831 1403 858 Judaeorum
1417 830 1475 858 sal-

887 869 1021 897 vandam
1026 890 1468 899 .........................
1495 871 1550 899 ΜΞ

850 908 970 937 LXXX.
983 910 1029 938 De
1042 911 1180 947 Imagine
1194 913 1261 940 sive
1278 913 1379 940 Verbo
1398 912 1472 945 Dei,

886 953 918 977 et
939 951 1043 979 anima
1062 960 1133 987 quae
1151 952 1193 980 ad
1217 953 1388 988 imaginem
1409 956 1473 985 est,

886 990 1008 1019 subtilis
1033 992 1200 1028 disputatio
1218 1002 1226 1021 2
1252 997 1283 1021 et
1303 994 1342 1021 de
1369 1001 1475 1022 errore

887 1030 1045 1060 Gitleberti
1072 1033 1274 1062 Pictaviensis
1308 1034 1449 1070 episcopi
1463 1053 1473 1067 ,

885 1079 979 1105 quem
999 1074 1155 1108 Eugenius
1169 1075 1249 1111 Papa
1268 1074 1427 1104 damnavit
1440 1075 1474 1103 in

887 1113 1022 1141 Concilio
1037 1115 1183 1143 Remensi
1190 1135 1470 1144 ................
1492 1118 1547 1146 alu

849 1152 984 1181 LXXXI.
1001 1155 1046 1182 De
1060 1156 1279 1184 convenientia
1291 1159 1321 1183 et
1330 1156 1473 1185 similitu-

885 1195 958 1221 dine
974 1196 1087 1224 animae
1101 1204 1172 1224 cum
1186 1198 1288 1224 Verbo
1302 1198 1473 1226 secundum

884 1235 1076 1264 identitatem
1094 1237 1248 1269 essentiae,
1269 1241 1299 1265 et
1320 1238 1393 1266 vitae
1414 1238 1475 1266 im-

885 1277 1113 1309 mortalitatem,
1124 1282 1154 1306 et
1167 1278 1289 1305 arbitrii
1301 1278 1474 1306 libertatem
1492 1279 1546 1308 [418

848 1318 997 1346 LXXXII.
1012 1319 1152 1354 Qualiter
1168 1320 1274 1347 anima
1287 1319 1396 1348 similis
1405 1321 1471 1348 Deo

884 1366 1030 1393 manens,
1051 1369 1108 1396 per
1121 1364 1280 1396 peccatum
1294 1364 1399 1389 tamen
1414 1362 1473 1389 dis-

883 1400 994 1429 similis
1016 1401 1095 1430 facta
1115 1405 1161 1430 est
1185 1403 1219 1429 in
1238 1402 1453 1438 simplicitate,

882 1442 1112 1470 immortalitate
1127 1447 1157 1471 et
1172 1443 1313 1471 libertate
1317 1462 1466 1470 .........
1466 1439 1475 1441 “
1478 1439 1546 1472 Ἰιὲἒὶ

846 1482 1011 1511 LXXXIII.
1027 1483 1166 1517 Qualiter
1174 1484 1293 1517 anima,
1307 1487 1470 1518 quantum-

882 1531 1006 1558 cunque
1022 1524 1105 1551 vitiis
1119 1528 1264 1560 corrupta
1276 1544 1283 1557 ‚
1298 1524 1400 1552 adhuc
1416 1531 1472 1559 per

881 1571 1020 1592 amorem
1040 1568 1158 1593 castum
1172 1568 1202 1592 et
1217 1569 1357 1593 sanctum
1372 1567 1473 1600 potest

881 1604 984 1632 redire
1003 1604 1043 1632 ad.
1062 1605 1298 1634 similitudinem
1314 1604 1471 1641 sponsi‚id

881 1649 926 1672 est
939 1645 1051 1673 Christi
1058 1664 1461 1673 .......................
1485 1643 1543 1673 425

843 1685 1010 1713 LXXXIV.
1053 1686 1144 1720 Quod
1183 1686 1289 1714 anima
1328 1692 1469 1721 quaerens

879 1727 991 1760 Deum,
1004 1731 1165 1763 praeventa
1175 1730 1219 1755 est
1231 1728 1270 1755 ab
1283 1735 1334 1760 eo3
1345 1730 1376 1754 et
1391 1726 1467 1762 quid

879 1769 918 1796 sit
931 1768 980 1796 illa
996 1769 1151 1803 quaesitio,
1169 1769 1203 1796 in
1217 1776 1278 1804 qua
1290 1768 1355 1804 jam
1373 1768 1411 1794 ab
1425 1774 1462 1794 eo

878 1813 1038 1844 praeventa
1053 1812 1097 1837 est
1103 1827 1457 1836 ...................
1481 1807 1538 1837 1⁴27

843 1849 989 1877 LXXXV.
1010 1849 1055 1877 De
1074 1852 1193 1884 septem
1217 1848 1464 1879 necessitatibus,

877 1893 1003 1925 propter
1027 1897 1102 1925 quas
1127 1890 1230 1916 anima
1254 1889 1366 1924 quaerit
1387 1888 1465 1916 Ver-

878 1931 951 1957 bum
969 1939 975 1958 :
992 1938 1062 1965 quae
1075 1930 1202 1957 tandem
1226 1929 1391 1957 reformata
1413 1935 1464 1955 ac-

878 1972 957 1999 cedit
973 1973 1011 1998 act
1025 1971 1090 2006 ejus
1104 1970 1303 1998 dulcedinem
1318 1972 1459 1997 contem-

876 2012 1023 2047 plandam
1032 2015 1121 2047 atque
1129 2011 1351 2046 perfruendam
1360 2029 1457 2038 ......
1482 2009 1537 2037 Ιι29

841 2053 1001 2080 LXXXVI.
1019 2054 1064 2080 De
1081 2053 1197 2081 cautela
1218 2056 1248 2080 et
1270 2050 1459 2080 verecundia

875 2101 995 2128 sponsae
1007 2094 1172 2129 quaerentis
1190 2093 1348 2126 Verbum3
1369 2095 1401 2121 et
1421 2092 1461 2120 de

876 2135 1142 2163 commendatione
1163 2134 1360 2163 verecundiae
1363 2152 1459 2161 ......
1481 2132 1539 2159 Ιιδῖι

839 2175 1015 2204 Sententiae.
1031 2192 1461 2203 ........................
1483 2173 1538 2200 125⁷

841 2216 1004 2244 Parabolae.
1021 2235 1029 2243 .
1046 2232 1456 2243 .......................
1478 2213 1536 2240 1455

838 2256 1043 2284 Confessionis
1053 2255 1186 2283 formula
1191 2274 1343 2283 .........
1347 2254 1353 2261 ‘
1359 2273 1458 2283 ......
1476 2254 1535 2281 lima,

838 2297 984 2326 OfficIum
997 2298 1027 2326 S.
1041 2297 1173 2325 Victoris
1176 2313 1457 2324 ................
1480 2293 1538 2321 Ιιδὸ

838 2340 942 2367 Flores
956 2347 972 2366 e
985 2339 1019 2366 S.
1035 2337 1195 2367 Bernardo
1215 2337 1320 2366 electae
1327 2353 1460 2364 ........
1481 2334 1537 2362 Ιι59

838 2381 929 2409 Nom:
934 2392 1457 2407 ..............................
1478 2374 1536 2403 1464

466 2548 587 2575 1³1Nts
609 2547 783 2574 1NDtC1S
805 2545 920 2572 ToMt
941 2542 1107 2571 TERTII.
