1846 3078
264 202 324 231 542

264 257 355 286 simae
378 253 531 296 turturis,
551 266 762 297 quaecumque
788 259 894 289 anima
922 258 958 286 in

263 301 360 331 terris
371 301 417 332 ita
432 301 719 333 fecisseoenxtunc
736 311 811 341 ergo
827 304 859 332 et
870 302 961 331 dein-

262 355 338 385 ceps
366 355 432 378 vox
455 347 594 378 turturis
613 348 726 378 audita
745 349 793 378 est
812 347 847 377 in
873 348 960 376 terra

262 393 382 423 nostra.
411 393 531 430 Quidni
562 395 693 423 moveat
720 393 802 422 mihi
829 391 960 421 crebras

261 439 419 477 lacrymas
434 441 466 469 et
478 440 618 477 gemitus
627 438 829 477 quotidianos
840 437 958 467 Christi

260 484 425 515 absentia?
440 485 595 521 Domine,
611 485 688 513 ante
710 486 742 512 te
762 491 858 512 omne
873 482 959 512 desi-

260 531 388 560 derium
412 539 540 568 meum,
567 530 600 559 et
615 528 754 566 gemitus
775 536 866 557 meus
888 535 905 557 a
925 530 958 557 te

257 582 323 604 non
349 576 398 605 est
422 575 641 604 absconditus.
664 573 820 603 Laboravi
845 573 880 602 in
902 581 958 611 ge-

258 620 342 651 mitu
356 629 446 657 meo,
463 622 499 649 tu
514 620 595 656 scis;
611 619 669 649 sed
682 620 795 649 beatus
808 641 817 656 ,
836 620 892 657 qui
908 619 958 649 di-

257 672 332 694 cere
348 665 473 703 potuit,
487 664 613 694 Lavabo
634 673 689 703 per
703 666 840 703 sinqulas
855 667 957 695 noctes

257 711 365 740 'lectum
398 718 497 739 meum
508 730 518 746 ,
548 710 693 747 lacrymis
722 712 798 741 meis
823 713 956 740 stratum

255 764 356 785 meum
371 755 491 793 riqabo.
514 755 584 784 Non
607 756 710 785 solum
729 758 837 785 autem
860 756 954 793 mihi,

256 800 313 830 sed
328 802 359 829 et
375 800 526 829 omnihus
543 800 598 838 qui
623 801 762 839 diligunt
779 801 955 831 adventum

256 845 345 882 ejus,
367 845 507 883 gemitus
528 846 582 876 isti
606 847 764 884 comperti
785 848 870 876 sunt.
888 847 955 876 Hoc

254 891 374 929 quippe
391 891 437 920 est
454 891 537 928 quod
553 891 624 929 ipse
651 892 758 921 aiebat
775 901 782 920 :
800 893 955 930 Numquid

251 940 390 976 possunt,
406 938 525 977 inquit,
535 940 592 977 filii
601 941 705 978 sponsi
716 940 816 978 luqere
825 961 834 976 ‚
848 949 955 978 quam-

252 985 304 1013 diu
319 993 387 1013 cum
399 985 459 1015 illis
475 987 519 1015 est
532 985 684 1023 sponsus?
700 987 832 1016 Venient
853 988 954 1016 autem

251 1030 330 1066 dies,
345 1039 414 1059 cum
443 1031 603 1069 auferetur
630 1032 670 1061 ab
691 1033 732 1062 eis
755 1041 903 1070 sponsus,
926 1034 954 1062 et

251 1077 323 1104 tunc
351 1076 510 1115 luqebunt.
538 1079 581 1106 Ac
597 1078 625 1107 si
651 1077 776 1108 diceret
792 1087 800 1106 ι
818 1079 857 1108 Et
876 1078 953 1108 tunc

250 1129 315 1150 vox
328 1122 464 1152 turturis
479 1123 642 1154 audietur,

290 1166 320 1196 5,
335 1167 382 1197 Ita
402 1168 468 1206 est,
484 1169 562 1199 Jesu
577 1169 679 1207 bone,
700 1169 863 1199 venerunt
884 1169 954 1199 dies

251 1211 314 1241 illi.
338 1214 416 1243 Nam
437 1214 506 1252 ipsa
531 1216 680 1245 creatura
708 1215 894 1254 ingemiscit
921 1215 954 1244 et

249 1259 390 1295 parturit
425 1269 526 1299 usque
556 1261 680 1299 adhuc,
714 1261 952 1291 revelationem

248 1303 392 1335 filiorum
418 1306 479 1336 Dei
514 1308 720 1345 exspectans.
750 1307 819 1337 Non
848 1307 953 1336 solum

249 1352 359 1382 autem
380 1352 456 1389 illa,
482 1352 539 1382 sed
561 1354 594 1382 et
619 1361 678 1382 nos
703 1353 766 1391 ipsi
787 1353 872 1382 intra
894 1361 953 1382 nos

248 1397 427 1435 gemimus,
442 1397 648 1435 adoptionem
663 1398 803 1428 filiorum
818 1398 878 1427 Dei
894 1406 953 1428 ex-

247 1444 443 1481 spectantes,
457 1443 718 1480 redemptionem
727 1444 869 1481 corporis
880 1453 953 1474 nos-

246 1488 291 1518 tri
308 1497 315 1517 :
331 1488 391 1517 hoc
405 1488 564 1525 scientes,
579 1488 655 1526 quia
671 1489 826 1526 quamdiu
841 1498 952 1519 sumus

246 1535 283 1563 in
295 1542 428 1571 corpore
450 1534 511 1563 hoc
521 1555 530 1571 ,
546 1534 793 1572 peregrinamur
808 1542 825 1563 a
840 1535 951 1564 Domi-

246 1588 301 1610 no.
322 1580 386 1609 'Nec
407 1579 501 1609 vacui
522 1580 680 1617 gemitus,
703 1580 820 1617 quibus
836 1588 853 1609 e
870 1581 950 1609 coelo

245 1627 313 1654 tam
327 1624 583 1654 misericorditer
598 1625 812 1662 respondetur
826 1634 833 1654 :
850 1627 950 1664 Prop-

246 1674 293 1700 ter
304 1671 461 1700 miseriam
477 1671 601 1708 inopum
622 1672 650 1700 et
671 1672 816 1708 flemitum
835 1681 949 1709 paupe-

244 1725 317 1745 rum
327 1724 408 1745 nunc
419 1725 605 1754 exsurgam,
617 1717 687 1746 dicit
698 1718 860 1747 Dominus.
878 1718 950 1748 Fuit

246 1763 279 1791 et
294 1761 329 1790 in
344 1762 491 1798 tempore
507 1761 636 1790 Patrum
655 1769 721 1790 vox
735 1762 797 1791 ista
815 1771 949 1800 gemen-

243 1807 328 1836 tium
343 1815 350 1835 :
368 1806 426 1836 sed
438 1814 522 1843 rara,
538 1807 570 1836 et
581 1815 684 1844 penes
696 1815 860 1845 quemque
873 1817 950 1839 suus

244 1852 396 1890 gemitus.
412 1851 503 1881 Unde
521 1852 555 1881 et
577 1852 709 1882 dicebat
731 1853 803 1891 quis
820 1861 828 1881 ε
845 1855 948 1884 Secre-

245 1901 310 1927 tnm
330 1906 432 1927 meum
452 1897 549 1933 mihi,
572 1900 722 1928 secretum
743 1908 846 1928 meum
862 1900 946 1930 milii.

243 1942 308 1972 Sed
322 1943 354 1972 et
369 1942 425 1980 qui
437 1942 557 1979 aicbat,
574 1943 710 1973 Gemitus
721 1952 804 1974 meus
815 1954 835 1974 a
849 1947 875 1974 te
887 1953 947 1975 non

243 1990 287 2018 est
298 1988 502 2024 absconditus,
513 1987 657 2026 profecto
669 1989 867 2019 monstrabat
876 1990 949 2020 abs-

245 2033 411 2063 conditum
432 2041 501 2063 esse
515 2055 525 2071 ,
541 2034 598 2071 qui
614 2034 672 2064 soli
689 2035 755 2064 Deo
778 2043 844 2064 non
863 2039 947 2067 esset

245 2079 466 2109 absconditus.
480 2080 519 2109 Et
540 2079 613 2109 ideo
628 2080 706 2109 tunc
727 2080 790 2110 dici
812 2089 876 2110 non
892 2090 947 2119 po-

242 2124 307 2153 tuit
316 2145 326 2161 ,
341 2125 412 2155 Vox
426 2126 555 2155 turturis
567 2127 672 2155 audita
689 2127 770 2156 estin
780 2128 864 2156 terra
875 2136 948 2158 uos-

244 2171 319 2199 tra:
335 2170 488 2206 quoniam
511 2172 673 2201 secretum
695 2171 800 2201 adbuc
828 2181 947 2210 pauco-

244 2223 318 2244 rum
340 2216 407 2252 jam
431 2216 510 2246 tunc
540 2217 575 2246 in
603 2217 854 2247 multitudinem
882 2227 946 2248 non

246 2260 363 2290 exivit.
394 2262 433 2290 At
460 2262 516 2290 ubi
541 2263 649 2300 palam
675 2263 851 2292 clamatum
879 2267 944 2303 est,

244 2307 319 2345 ρυλε
333 2315 456 2336 sursum
479 2310 549 2337 sunt
564 2310 707 2346 quoeffte,
728 2309 782 2339 ubi
808 2310 946 2342 clu-istus

241 2352 286 2381 est
301 2352 333 2380 in
347 2351 473 2380 dextera
493 2353 550 2381 Dei
563 2354 684 2391 sedens,·
699 2354 740 2383 ad
755 2362 866 2384 omnes
878 2354 945 2392 jam

245 2395 346 2433 coepit
356 2395 523 2433 pertinere
535 2397 674 2434 gemitus
690 2398 751 2429 iste
766 2400 943 2439 turtureus,

243 2441 278 2470 et
305 2448 370 2470 una
396 2440 545 2470 omnihus
573 2450 642 2471 esse
669 2444 820 2479 gemendi
841 2446 943 2483 ratio,

245 2486 320 2523 quia
336 2493 448 2515 omnes
461 2485 608 2515 sciebant
622 2487 793 2517 Dominum
805 2511 814 2527 ,
827 2498 945 2520 secun-

245 2530 322 2560 dum
337 2531 422 2570 quod
443 2530 478 2561 in
491 2531 632 2561 Jeremia
646 2532 789 2569 legitur:
810 2536 852 2565 Et
877 2545 945 2575 coq-

243 2579 368 2607 noscent
393 2586 442 2607 me
469 2585 572 2608 omnes
591 2587 612 2607 a
631 2579 760 2609 minimo
786 2588 880 2618 usque
902 2583 943 2611 ad

245 2622 433 2660 maximum,
447 2623 518 2653 dicit
533 2624 692 2654 Dominus.

714 206 746 234 S.
769 204 1007 234 BERNARDI
1033 204 1229 233 ABBATIS

1034 256 1064 286 6.
1080 258 1239 287 caeterum
1257 258 1285 288 si
1302 258 1398 290 multi
1415 257 1601 298 gementes,
1615 258 1694 297 quid

994 302 1058 332 sihi
1070 303 1142 332 vult
1157 303 1257 333 unius
1268 305 1454 342 expressio?
1471 306 1543 336 Vox
1552 306 1696 342 turturis,

976 367 979 388 s
994 347 1113 386 inquit.
1121 348 1227 386 Quare
1245 357 1309 379 non
1318 350 1501 380 turturum?
1511 351 1604 380 Forte
1612 351 1694 388 Apo-

976 389 977 407 *
992 394 1092 424 stolus
1107 394 1141 424 id
1156 395 1273 432 solvit,
1287 395 1345 425 ubi
1360 394 1425 434 ait,
1444 397 1520 435 quia
1536 394 1692 434 ipsespi-

991 438 1073 469 ritus
1101 441 1245 478 postulat
1276 449 1334 478 pro
1365 436 1483 472 sanctis
1515 437 1693 480 gemitibus

991 485 1277 515 inenarrabilibus.
1294 486 1340 515 lta
1352 487 1414 516 est.
1431 488 1502 525 Ipse
1526 487 1692 517 inducitur

991 537 1122 566 gemens
1133 551 1142 567 ,
1159 530 1215 568 qui
1233 531 1400 568 gementes
1420 531 1510 562 facit.
1527 534 1565 562 Et
1579 540 1692 571 quam-

991 574 1072 605 libet
1091 576 1185 605 multi
1207 577 1290 614 sint,
1310 585 1390 615 quos
1411 577 1458 607 ita
1479 586 1609 616 gemere
1632 588 1691 610 au-

990 621 1071 658 dias,
1086 622 1184 651 unius
1193 630 1252 660 per
1260 624 1404 653 omnium
1417 623 1502 653 labia
1511 633 1573 654 vox
1586 627 1689 656 sonat.

989 667 1107 704 Quidni
1123 668 1212 697 illius
1226 691 1234 706 ,
1247 669 1301 707 qui
1315 669 1419 707 ipsam
1435 670 1468 698 in
1481 677 1534 699 ore
1549 670 1692 708 singulo-

990 721 1059 742 rum
1075 722 1132 750 pro
1148 722 1348 752 quorumque
1361 715 1610 746 necessitatibus
1625 715 1692 746 for-

990 758 1073 788 mat?
1088 759 1236 797 Denique
1259 762 1421 798 unicuique
1434 761 1526 790 datur
1542 762 1691 800 manifes-

988 805 1062 834 tatio
1091 806 1223 843 Spiritus
1258 808 1299 836 acl
1328 807 1504 836 utilitatem.
1534 807 1598 837 Sua
1624 816 1690 839 vox

988 857 1148 888 quemque
1160 851 1371 881 manifestum
1382 851 1460 882 facit
1469 874 1478 890 ,
1502 853 1534 882 et
1546 861 1690 891 praesen-

989 896 1052 924 tem
1067 896 1199 927 indicat.
1209 898 1247 926 Et
1259 897 1335 927 audi
1348 906 1390 927 ex
1402 899 1590 937 EvangeliO,
1603 901 1689 938 quod

988 948 1101 971 vocem
1110 941 1229 972 habeat
1243 942 1382 980 Spiritus
1390 945 1528 973 sanctus.
1542 945 1688 983 Spiritus,

989 987 1107 1024 inquit,
1123 987 1177 1016 ubi
1191 988 1255 1017 vult
1270 989 1381 1026 spirat,
1394 990 1422 1018 et
1434 998 1536 1018 vocem
1551 991 1615 1028 ejus
1629 1001 1688 1022 au—

986 1033 1030 1062 dis
1046 1042 1057 1070 ,-
1073 1034 1101 1062 et
1111 1034 1206 1064 nescis
1222 1034 1300 1062 unde
1310 1035 1426 1070 veniat,
1442 1036 1496 1064 aut
1511 1045 1570 1073 quo
1581 1037 1690 1068 vada-t.

987 1078 1051 1108 Etsi
1068 1078 1125 1109 ille
1146 1079 1335 1117 nesciebat,
1357 1080 1412 1118 qui
1438 1080 1580 1110 litteram
1606 1082 1689 1113 occi-

987 1124 1118 1154 dentem
1134 1125 1270 1155 docebat
1286 1127 1427 1156 mortuos
1439 1127 1591 1164 magister
1602 1136 1689 1158 mor-

987 1173 1078 1207 tuus,
1107 1179 1165 1200 nos
1192 1171 1350 1209 sciamus,
1378 1172 1434 1210 qui
1463 1173 1611 1202 translati
1644 1174 1688 1204 de

986 1216 1088 1246 morte
1104 1217 1143 1246 ad
1158 1217 1261 1247 vitam
1276 1225 1335 1255 per
1350 1217 1572 1248 vivificantem
1585 1219 1688 1257 Spiri-

988 1262 1073 1299 tum,
1089 1262 1179 1292 certo
1193 1263 1225 1292 et
1240 1262 1427 1300 quotidiano
1445 1263 1687 1300 experimento,

986 1305 1053 1343 ipso
1067 1315 1125 1336 nos
1140 1307 1345 1338 illuminante
1355 1330 1363 1345 ,
1376 1308 1548 1346 probamus
1563 1310 1637 1338 vota
1653 1311 1687 1340 et

985 1352 1125 1389 gemitus
1146 1355 1271 1383 nostros
1296 1354 1336 1382 ab
1358 1354 1428 1392 ipso
1449 1354 1582 1391 venire,
1602 1354 1635 1383 et
1646 1355 1687 1384 ad

986 1405 1059 1426 eum
1074 1397 1143 1436 ire,
1166 1399 1299 1437 illicque
1320 1398 1471 1428 invenire
1498 1399 1686 1429 misericor-

985 1443 1071 1473 diam
1094 1444 1128 1474 in
1150 1445 1253 1474 oculis
1278 1444 1350 1474 Dei.
1371 1445 1504 1481 Quando
1524 1445 1612 1474 enim
1635 1446 1686 1476 sui

983 1487 1121 1525 Spiritus
1130 1498 1245 1519 vocem
1260 1490 1385 1519 irritam
1398 1488 1518 1519 faceret
1527 1489 1633 1520 Deus?
1645 1492 1686 1520 At

986 1533 1053 1570 ipse
1071 1535 1131 1565 scit
1148 1535 1227 1573 quid
1247 1535 1411 1564 desideret
1433 1534 1593 1573 Spiritus,
1609 1537 1687 1574 quia

984 1579 1161 1609 secundum
1179 1581 1284 1610 Deum
1306 1580 1450 1618 postulat
1469 1589 1526 1618 pro
1548 1581 1683 1611 Sanctis.

1023 1625 1052 1652 7.
1068 1625 1132 1654 Nec
1145 1626 1204 1654 soli
1216 1625 1443 1655 commendant
1453 1625 1616 1656 turturum
1632 1636 1685 1666 ge-

984 1669 1081 1699 mitus
1095 1678 1103 1698 :
1117 1670 1322 1700 commendat
1348 1671 1382 1700 et
1407 1672 1547 1701 castitas.
1581 1673 1685 1710 Hujus

983 1714 1123 1753 denique
1146 1716 1267 1745 merito
1284 1716 1379 1753 digna
1406 1716 1469 1746 fuit
1489 1717 1558 1746 dari
1580 1718 1685 1749 hostia

984 1768 1038 1797 pro
1058 1760 1204 1798 virgineo
1219 1761 1325 1799 partu.
1349 1761 1402 1791 Sic
1420 1763 1541 1800 quippe
1557 1763 1657 1794 habes
1673 1774 1683 1794 ε

984 1808 1047 1836 Par
1078 1809 1248 1844 turturum,
1271 1809 1327 1837 uut
1347 1809 1422 1838 duos
1441 1809 1540 1846 pullos
1568 1811 1685 1840 colum-

983 1851 1105 1881 barum.
1118 1852 1157 1880 Et
1171 1852 1250 1882 licet
1259 1852 1338 1882 alias
1349 1853 1482 1890 quidem
1490 1862 1550 1891 per
1561 1855 1684 1885 colum-

982 1899 1054 1928 bam
1076 1899 1215 1936 Spiritus
1233 1900 1363 1930 sanctus
1384 1900 1486 1930 soleat
1505 1900 1685 1940 designari3

981 1944 1056 1981 quia
1069 1944 1178 1973 tamen
1194 1944 1367 1974 libidinosa
1379 1944 1448 1973 avis
1463 1945 1530 1983 est,
1544 1953 1608 1975 non
1624 1947 1682 1976 de-

981 1989 1048 2018 cuit
1059 1988 1172 2018 offerri
1188 1997 1259 2019 eam
1275 1989 1309 2019 in
1330 1990 1521 2020 sacrificium
1538 1991 1680 2029 Domini,

981 2035 1042 2064 nisi
1058 2042 1096 2064 ea
1107 2043 1185 2065 sane
1201 2036 1296 2065 aetate
1308 2056 1317 2072 ,
1333 2043 1397 2073 qua
1413 2036 1555 2065 nesciret
1571 2036 1681 2066 libidi-

980 2088 1067 2109 nem.
1085 2081 1125 2110 At
1144 2080 1280 2110 turturis
1298 2088 1361 2110 non
1383 2080 1570 2118 designatur
1585 2082 1682 2120 aetas,

980 2126 1131 2164 quoniam
1147 2126 1332 2164 agnoscitur
1341 2126 1470 2156 castitas
1485 2126 1680 2164 inquacum-

979 2180 1041 2210 que
1056 2172 1163 2201 aetate.
1184 2171 1330 2209 Denique
1357 2179 1505 2209 compare
1521 2180 1586 2200 uno
1606 2180 1682 2202 con-

981 2218 1069 2247 tenta
1082 2218 1149 2255 est,
1165 2225 1229 2255 quo
1244 2217 1360 2246 amisso
1382 2217 1518 2246 alterum
1531 2218 1599 2254 jam
1615 2225 1680 2247 nou

980 2263 1140 2300 admittit,
1154 2262 1422 2292 numerositatem
1442 2262 1476 2291 in
1493 2262 1681 2293 hominibus

980 2308 1166 2347 nuptiarum
1186 2307 1394 2346 redarguens.
1414 2307 1492 2336 Nam
1508 2307 1568 2336 etsi
1585 2307 1681 2337 sorsi-

961 2327 1032 2385 'tan
1054 2354 1151 2391 culpa
1174 2354 1308 2391 propter
1334 2352 1603 2382 incontinentiam
1619 2360 1679 2382 ve-

980 2400 1074 2430 nialis
1085 2400 1133 2429 est
1143 2420 1152 2436 ‚
1164 2399 1234 2437 ipsa
1247 2400 1353 2428 tamen
1366 2399 1456 2427 tanta
1476 2397 1678 2427 incontinen-

980 2447 1024 2475 tia
1056 2445 1162 2482 turpis
1197 2445 1258 2474 est.
1290 2443 1396 2473 Pudet
1431 2443 1472 2472 ad
1510 2443 1678 2481 negotium

980 2491 1155 2521 honestatis
1169 2491 1330 2520 rationem
1342 2498 1407 2519 non
1418 2497 1510 2527 posse
1526 2489 1559 2518 in
1571 2488 1679 2518 homi-

980 2546 1032 2574 ne,
1048 2536 1134 2575 quod
1145 2535 1262 2565 natura
1279 2535 1380 2573 possit
1394 2535 1430 2564 in
1446 2535 1588 2564 volucre.
1601 2533 1677 2562 Cer-

962 2590 1058 2622 ¹nere
1073 2581 1161 2611 enim
1186 2582 1235 2611 est
1258 2581 1421 2610 turturem
1444 2580 1589 2616 tempore
1609 2585 1676 2607 suae

962 2624 964 2638 ¹
981 2627 1165 2665 viduitatis,
1181 2627 1299 2657 sanctae
1316 2624 1485 2656 viduitatis
1499 2631 1576 2662 opus
1592 2622 1675 2653 stre,
