1846 3078
235 215 294 246 7⁴55

234 271 288 300 dia
309 270 483 301 vulnerum
496 292 506 309 ,
526 270 574 300 ibi
595 271 742 302 subsidia
762 270 940 301 necessita-

232 318 302 346 tum
313 337 323 354 ,
335 315 382 345 ibi
397 317 572 347 resarcitus
587 317 790 355 defectuum,
807 316 853 345 ibi
866 324 939 354 pro-

233 361 380 392 fectuum
397 362 517 401 copiae,
543 362 590 392 ibi
610 363 751 400 denique
781 361 938 399 quicquid

231 406 381 445 accipere
392 429 403 444 ‚
420 408 473 438 vel
487 408 609 438 habere
632 407 822 437 hominibus
837 415 938 444 expe-

232 451 282 482 dit
293 474 302 490 ,
317 453 474 491 quicquid
488 453 583 483 decet
596 474 604 489 ‚
621 452 781 490 quicquid
796 452 936 490 oportet.

232 497 310 528 Siue
323 506 419 528 causa
434 507 509 536 ergo
525 498 613 527 aliud
627 505 645 526 a
668 497 774 526 Verbo
789 498 916 536 petitur
928 520 937 534 ,

231 550 306 572 611111
333 543 444 581 ipsum
465 544 506 572 sit
540 542 659 572 omnia.
681 542 761 571 Nam
791 542 852 573 etsi
876 544 936 574 ista

230 588 436 626 temporalia,
450 597 524 618 cum
537 595 669 617 necesse
684 588 752 626 est,
768 590 932 627 postulare

231 634 404 670 videmur,
427 635 453 662 si
478 634 623 662 Verbum
648 634 684 663 in
701 641 795 664 causa
813 636 879 671 est,
901 637 939 666 ut

231 680 363 718 quidem
386 679 519 717 dignum
545 680 615 717 est3
638 688 702 709 non
724 680 838 718 utique
858 681 936 720 illa,

231 725 289 755 sed
300 726 359 754 hoc
371 725 478 763 potius
493 726 670 763 quaerimus
682 747 692 763 ‚
705 727 836 764 propter
851 729 937 766 quod

231 772 293 800 alia
317 771 530 808 postulamus.
549 772 673 801 Norunt
689 772 750 801 hoc
762 794 771 810 ‚
794 773 852 811 qui
868 782 938 803 om-

230 824 305 845 nem
329 824 425 845 usum
455 817 571 846 harum
599 825 711 847 rerum
736 818 778 848 ad
806 827 938 857 prome—

229 862 368 891 rendum
396 862 541 892 Verbum
576 863 718 901 dirigere
754 873 937 897 consueve—

231 909 319 938 runt.

269 953 300 983 4.
324 954 393 984 Non
411 954 522 993 pigeat
543 954 655 985 tamen
671 954 809 986 scrutari
830 955 936 987 adhuc

228 1000 354 1029 secreta
378 1001 491 1030 lectuli
521 1001 619 1038 hujus
646 1002 679 1031 et
707 1001 882 1040 temporis,
907 1003 934 1033 si

229 1045 312 1075 sorte
337 1046 372 1075 111
395 1046 446 1076 1115
470 1047 596 1085 aliquid
616 1047 718 1077 lateat
742 1047 936 1086 spirituale,

229 1091 315 1129 quod
334 1092 449 1121 venire
470 1092 510 1121 ad
530 1092 676 1122 medium
703 1093 818 1130 prosit.
847 1095 886 1124 Et
908 1095 935 1124 si

228 1137 337 1174 placet
364 1137 487 1167 sentire
510 1138 623 1168 lectuli
647 1138 781 1176 quidem
803 1140 935 1170 nomine

229 1183 407 1212 humanam
433 1183 563 1221 figurari
591 1184 835 1224 infirmitatem,
859 1194 938 1216 noc-

229 1228 336 1258 turnis
343 1230 453 1259 autem
462 1230 606 1260 tenebris
618 1230 833 1269 ignorantiam
846 1240 937 1270 aeque

230 1274 423 1313 humanam3
436 1283 636 1314 consequens
650 1278 697 1307 est
710 1278 742 1307 et
758 1286 937 1316 congruum

230 1320 331 1358 satis,
356 1323 394 1352 ut
421 1321 481 1351 Dei
506 1321 612 1353 virtus
638 1322 671 1352 et
693 1322 753 1352 Dei
775 1323 937 1361 sapientia

509 217 538 245 s.
567 216 804 247 naamam
832 215 1030 245 ΑΒΒΑΤιε
1051 216 1200 244 31111Μο
1226 195 1416 247 1111111111.

975 269 1116 299 Verbum
1131 271 1242 302 contra
1252 273 1427 311 utrumque
1439 271 1596 311 originale
1611 279 1678 303 ma⁴

975 315 1042 344 lum
1057 315 1231 346 instantius
1245 317 1443 355 requiratur.
1459 319 1581 356 Nempe
1597 319 1678 357 quid

974 362 1221 391 convenientius
1233 384 1242 399 ‚
1255 371 1350 401 quam
1363 364 1399 394 ut
1414 363 1595 394 infirmitati
1611 364 1680 394 vir-

973 407 1044 444 tus,
1068 407 1262 446 ignorantiae
1289 409 1451 446 sapientia
1469 408 1675 447 opponatur?
1705 428 1708 429 ν

975 453 1012 482 Et
1029 461 1071 483 ne
1096 454 1176 492 quid
1199 454 1435 492 simpliciorum
1461 455 1611 485 cordibus
1638 455 1678 484 (16

973 499 1034 528 hac
1060 499 1331 537 interpretatione
1352 500 1495 531 resideat
1520 501 1676 539 dubium,

973 545 1105 574 audiant
1124 545 1203 583 quid
1225 554 1324 583 super
1348 546 1410 575 hoc
1438 547 1570 576 sanctus
1597 547 1676 575 Pro-

972 590 1071 628 pheta
1088 590 1186 621 dicat.
1203 593 1356 622 Dominus
1370 600 1457 630 opem
1469 592 1549 629 serat
1562 592 1606 621 illi
1620 601 1674 621 su-

973 646 1026 674 per
1041 637 1150 666 lectum
1171 637 1284 666 doloris
1306 636 1370 674 ejas
1381 645 1392 674 ,-
1408 637 1583 666 universum
1598 638 1679 667 stra-

973 684 1037 712 tum
1059 682 1122 720 ejas
1137 684 1266 712 versasti
1279 683 1311 712 in
1326 682 1505 719 infirmitate
1522 681 1598 719 ejus.
1621 682 1678 711 At-

973 736 1036 766 que
1066 727 1100 757 id
1136 727 1269 766 quidem
1298 727 1338 757 de
1366 727 1501 756 lectulo.
1535 727 1606 756 Jam
1635 727 1676 756 (16

972 774 1159 812 ignorantia?
1195 774 1291 804 nocte
1329 772 1408 811 quid
1442 772 1647 803 manifestius
1665 794 1678 810 ‚

970 829 1066 858 quam
1083 820 1168 858 quod
1183 820 1216 849 in
1242 820 1306 849 alio
1328 819 1509 849 identidem
1531 820 1677 857 loquitur

972 868 1093 905 psalmo
1110 875 1118 895 ι
1135 868 1314 896 Nescierunt
1330 875 1424 905 neque
1440 866 1676 899 intellexerunt,

971 914 1002 942 in
1026 912 1158 942 tenebris
1175 912 1361 942 ambulant?
1382 919 1439 949 pro
1461 912 1548 940 certo
1565 911 1677 948 expri-

972 966 1063 987 mens
1087 957 1192 995 ipsam
1206 979 1215 994 ‚
1232 957 1266 986 in
1284 965 1349 995 qua
1373 957 1443 986 nati
1459 957 1554 993 sunt,
1574 957 1676 986 totius

973 1003 1107 1033 humani
1127 1002 1257 1040 generis
1281 1002 1513 1040 ignorantiam.
1534 1002 1606 1039 Ipsa
1626 1003 1675 1031 cst

973 1048 1031 1088 (ut
1046 1048 1181 1088 opinor)
1199 1048 1253 1078 cui
1270 1056 1303 1078 se
1326 1048 1440 1078 beatus
1456 1048 1627 1086 Apostolus
1643 1048 1678 1077 et

972 1095 1095 1124 fatetur
1115 1096 1247 1132 natum,
1274 1094 1307 1123 et
1327 1093 1483 1131 gloriatur
1504 1093 1675 1130 ereptum,

972 1141 1082 1170 dicens
1098 1148 1106 1169 ε
1124 1141 1185 1180 Qui
1203 1141 1281 1170 eruit
1301 1149 1358 1170 ‘nos
1375 1141 1409 1169 dc
1425 1140 1571 1178 potestate
1595 1140 1675 1168 tene-

975 1187 1114 1217 brarum.
1130 1186 1221 1216 Unde
1244 1186 1277 1216 et
1298 1185 1429 1215 dicebat
1451 1194 1458 1214 =
1479 1186 1549 1214 Non
1569 1193 1676 1214 3111111111

970 1233 1026 1270 filii
1053 1233 1148 1262 noctis
1167 1241 1262 1271 neque
1288 1231 1484 1262 tenebrarum
1493 1240 1504 1269 ‚-
1526 1229 1605 1259 item
1633 1229 1674 1259 ad

973 1286 1085 1308 omnes
1114 1279 1259 1309 electos:
1279 1279 1316 1309 Ut
1337 1278 1415 1316 filii,
1443 1275 1573 1315 inquit,
1599 1276 1675 1306 lucis

972 1323 1141 1355 ambulate.
1152 1327 1164 1338 ⁸
