1810 3073
517 195 573 225 DE
599 192 815 225 DIVERSIS
841 194 992 224 SERMO
1014 197 1085 225 clv

101 261 173 285 cum
190 249 269 285 dicit
290 255 300 283 ε
323 247 509 288 Proebe‚file‘,
522 258 576 281 cor
600 252 686 281 licum
708 249 795 280 mihi.

99 300 175 330 Cum
189 304 265 337 ergo
274 295 313 326 ad
327 295 415 326 hunc
431 296 567 334 gradum
586 295 796 335 pervenerit,

100 344 182 375 nihil
196 341 282 374 aliud
292 341 323 373 ei
337 342 451 380 restat,
466 342 529 372 nisi
542 342 578 373 ut
594 342 635 372 ad
648 340 796 380 quartum

99 388 265 427 ascendat,
279 387 336 418 ubi
347 387 469 418 dicitur
486 395 556 418 esse
570 387 712 426 sapiens.
727 386 795 416 Hoc

97 435 203 466 autem
214 433 261 472 fit,
276 433 405 472 quando
418 433 486 471 J'am
498 433 661 472 operatur,
682 440 748 462 non
760 431 795 462 ut

97 481 166 519 ipse
184 480 252 510 Deo
267 479 408 518 placeat,
420 479 507 518 quod
525 479 639 517 utique
654 477 795 508 intortio

93 524 194 564 gradu
205 524 346 563 fecerat,
362 525 419 556 sed
433 525 510 563 quia
524 523 633 563 placet
648 523 678 553 ei
694 524 793 562 Deus,

92 570 146 600 vel
171 570 247 609 quia
270 569 398 608 placeat
421 570 490 600 Deo
518 569 604 607 quod
627 568 792 607 operatur.

89 614 245 654 Quisquis
258 615 334 645 talis
349 615 409 654 est,
427 615 620 653 potest-cum
635 614 700 644 tota
712 613 794 643 fidu-

90 660 143 690 cia
157 668 194 691 ac
214 660 392 692 securitate
414 659 620 689 conscientiae
642 659 724 689 illud
738 659 795 689 Sa-

90 706 212 743 pientis
226 706 389 736 canticum
414 704 588 734 decantare
605 712 613 733 :
630 705 668 735 In
696 706 795 735 omni-

91 754 145 783 bus
167 752 303 790 requiem
326 751 466 789 quoesz'vz',
481 751 537 780 etc.
553 749 614 779 Hic
636 749 724 780 enim
743 758 795 780 re-

89 796 230 836 quiescit
241 796 275 825 in
289 796 450 833 omnibus,
467 803 539 825 cum
563 803 623 834 per
641 795 748 826 onmia
762 796 793 826 ei

87 842 214 882 placeat
227 842 332 879 Deus,
348 841 405 880 qui
428 849 492 872 non
509 841 569 872 Dei
591 842 792 872 voluntatem

88 888 130 919 ad
143 895 233 919 suam
248 895 403 926 curvare,
419 887 476 917 sed
498 895 589 917 suam
615 887 730 918 didicit
752 888 792 918 ad

88 933 150 963 Dei
174 932 378 963 voluntatem
406 933 544 971 erigere.
560 933 735 964 Morabz'lm·
760 935 791 964 in

86 979 261 1010 haereditate
274 980 414 1016 Domini,
426 979 512 1009 sicut
523 979 554 1009 ei
571 979 718 1016 ejusdem
728 980 791 1010 Do-

86 1024 169 1054 mini
194 1031 275 1055 voce
298 1024 513 1063 promittitur,
543 1032 617 1054 cum
645 1024 767 1054 dicitur
782 1034 790 1054 t

90 1073 220 1101 Terram
232 1070 264 1100 in
276 1078 338 1108 qua
349 1071 463 1100 dormis
478 1070 533 1100 tibi
543 1070 620 1100 dubo
634 1080 643 1100 :
659 1070 720 1100 hoc
730 1070 790 1109 est,

87 1115 237 1154 quietem
252 1114 358 1152 istam,
375 1114 414 1144 ad
429 1123 525 1153 quam
546 1115 727 1153 pervenisti
745 1117 791 1146 la-

85 1161 164 1190 hore
179 1161 236 1191 tuo
249 1161 283 1190 et
306 1168 444 1190 munere
459 1168 549 1198 meo,
565 1160 714 1191 stabilem
730 1162 789 1192 tibi

85 1205 203 1236 faciam
224 1205 323 1244 atque
346 1206 553 1244 perpetuam.
568 1206 661 1243 Quod
681 1208 789 1238 autem

84 1250 265 1290 subjungit,
279 1253 308 1282 et
331 1253 441 1282 semini
464 1254 529 1288 tuo,
554 1252 600 1281 sic
621 1260 790 1290 possumus

85 1296 285 1335 intelligere,
300 1296 338 1327 ut
353 1304 418 1327 non
431 1297 535 1327 solum
550 1297 681 1335 spiritui
695 1298 790 1329 detur

82 1341 304 1382 tranquillitas
318 1342 397 1381 ista,
413 1343 447 1373 et
461 1343 534 1381 hic,
552 1344 585 1373 et
600 1342 635 1373 in
656 1343 787 1384 futurog

83 1388 143 1418 sed
166 1388 265 1418 etiam
281 1388 397 1419 semini
420 1389 488 1426 tuo,
505 1388 539 1418 id
554 1389 619 1428 est,
636 1390 788 1428 operibus

83 1434 150 1465 tuis
161 1433 292 1466 dabitur
306 1433 449 1475 corporis
460 1434 509 1465 tui
524 1434 724 1473 glorificatio.

276 1544 447 1579 SERMO
481 1544 588 1579 CIV.

132 1613 174 1641 De
183 1615 309 1647 quatuor
323 1615 531 1646 impedimentis
543 1615 600 1641 Con
606 1613 731 1640 fessionis.

121 1670 152 1702 i.
161 1672 333 1710 QUATUOR
345 1672 420 1702 sunt
432 1681 504 1711 quae
519 1672 702 1711 impediunt
712 1682 787 1703 con-

79 1715 265 1755 fessionem,
278 1717 517 1755 pudor,ti1nor,
531 1726 616 1756 spes,
634 1719 786 1757 despera-

79 1761 138 1792 tio.
151 1762 311 1799 Quosdam
327 1762 415 1792 enim
428 1762 567 1800 impedit
582 1764 705 1802 pudor,
727 1766 783 1803 qui

79 1807 208 1840 scilicet
226 1816 285 1847 pro
299 1808 366 1838 sola
378 1808 566 1839 confusione
585 1809 693 1840 dicere
710 1820 785 1842 eru-

78 1853 216 1884 bescunt
232 1855 364 1892 peccata
383 1863 456 1892 quae
476 1855 719 1888 commiserunt,
736 1859 783 1889 De

77 1907 141 1939 quo
155 1907 215 1938 per
229 1900 435 1930 Salomonem
450 1900 571 1931 dicitur
585 1909 593 1930 :
609 1903 666 1933 Est
678 1905 785 1942 confu-

77 1947 121 1977 sio
136 1946 288 1977 adducens
301 1948 471 1985 peccatum.
485 1947 554 1984 Quo
564 1948 675 1978 contra
685 1949 724 1988 de
733 1950 783 1980 his

77 1991 134 2031 qui
163 1991 377 2030 confitentur,
405 1992 525 2022 iterum
555 1992 677 2024 dicitur
694 2003 703 2024 ε
726 1997 783 2027 Est

77 2038 214 2077 confusio
235 2038 387 2068 adducens
409 2039 554 2077 moriam.
575 2040 661 2076 Quos
683 2041 781 2071 etiam

78 2082 280 2114 commendat
290 2084 460 2122 Propheta,
470 2083 597 2115 dicens:
612 2087 783 2125 Confessio-

76 2137 145 2160 ‘ncm
153 2130 323 2160 etdecorem
332 2131 467 2161 induisti.
474 2130 512 2160 Et
520 2130 597 2160 alibi
607 2139 616 2160 ε
627 2133 781 2171 Confessio

75 2175 341 2214 etmaqnisicentia
358 2184 433 2214 opus
450 2176 526 2214 ejus.
540 2176 628 2207 Alios
643 2178 782 2217 impedit

75 2220 186 2252 timor.
194 2220 325 2251 Timent
337 2221 425 2250 enim
440 2222 468 2251 si
483 2221 717 2263 confiteantur,
738 2233 779 2257 ne

76 2267 184 2304 gravis
208 2267 258 2297 eis
282 2266 479 2305 poenitentia
512 2267 717 2307 injungatur.
742 2272 781 2303 Et

76 2312 135 2343 hos
148 2312 255 2350 arguit
267 2312 341 2349 Job,
363 2312 476 2343 dicens
490 2321 499 2342 z
518 2314 581 2353 Qui
594 2316 677 2346 timet
690 2318 780 2354 prui-

74 2366 170 2394 nam,
184 2359 281 2388 irruet
295 2367 385 2397 super
399 2367 469 2389 eum
483 2360 552 2389 nix.
570 2359 652 2390 Sunt
671 2363 779 2393 autem

75 2402 244 2441 nonnulli,
257 2403 312 2441 qui
327 2403 361 2433 in
379 2403 440 2435 hoc
456 2404 576 2435 mundo
592 2405 696 2438 adhue
717 2408 778 2439 ali-

76 2448 156 2488 quid
168 2448 411 2487 concupiscunt,
427 2458 488 2480 nec
502 2451 620 2490 putant
633 2460 667 2482 se
682 2453 780 2493 adep-

75 2496 166 2525 turos
192 2494 280 2533 quod
303 2494 508 2534 desiderant,
538 2496 567 2527 si
589 2496 775 2531 hominibus

76 2540 187 2579 quales
201 2540 267 2571 sint
280 2539 496 2572 innotescant.
510 2542 633 2573 Horum
653 2545 778 2576 confes-

76 2585 200 2616 sionem
214 2585 354 2624 impedit
375 2593 467 2626 spes,
482 2587 518 2618 id
542 2588 591 2619 est
615 2590 775 2629 cupiditas

76 2631 221 2670 potiendi
235 2631 401 2666 desiderii.
413 2633 550 2674 Talibus
561 2636 777 2671 comminatur

1474 205 1531 235 ¹57

831 248 987 280 Dominus
1001 249 1035 280 in
1048 251 1223 289 Evangelio
1241 260 1248 282 :
1268 255 1324 286 Vm
1342 264 1534 298 proeqwzanti-

833 293 887 324 bus
912 296 942 325 et
965 295 1182 327 nutrientibus.
1198 296 1281 328 Sunt
1296 299 1375 330 item
1397 304 1454 332 alii
1475 307 1531 343 qni

830 339 877 369 nil
892 339 1008 370 horum
1027 341 1203 380 verentur,
1219 343 1276 373 sed
1292 346 1394 376 solum
1409 348 1470 379 hoc
1491 352 1535 381 ti-

830 385 931 423 ment,
946 385 1023 424 quia
1043 386 1117 424 post
1131 386 1341 425 peccatorum
1359 392 1534 425 consessio-

829 438 904 460 nem
913 431 953 461 ab
968 431 1048 470 ipsis
1059 432 1225 464 abstinere
1239 433 1375 465 minime
1390 441 1532 474 possent.

829 476 866 506 Et
882 476 932 507 his
947 478 1040 508 obest
1055 478 1253 517 desperatio.
1266 480 1390 517 Quibus
1403 491 1468 514 non
1484 485 1535 515 in-

829 528 969 560 congrue
991 521 1075 553 illud
1093 523 1203 562 potest
1223 524 1330 562 aptari
1351 534 1360 555 ε
1386 528 1535 560 Peccator

828 575 896 596 cum
907 570 1024 599 venerit
1036 570 1268 608 improfundum
1285 572 1454 610 malorum,
1461 583 1534 604 con-

828 613 945 643 temnit.
958 613 1010 644 Fit
1023 623 1101 645 vero
1116 623 1358 656 nonnumquam
1368 640 1378 657 ,
1403 619 1440 649 ut
1464 619 1533 651 haec

827 659 935 688 omnia
954 659 1055 690 simul
1077 660 1317 693 confessionem
1340 663 1533 703 impediant.

827 703 891 733 Sed
916 704 973 743 qui
989 706 1129 744 quatuor
1160 707 1212 738 liis
1236 709 1331 740 malis
1354 711 1533 750 premitur,

827 750 916 781 recte
930 750 998 788 J'am
1013 751 1047 781 in
1062 754 1383 795 monumentojacet,
1394 757 1428 787 et
1442 759 1534 790 velut

827 794 883 826 ille
922 798 1133 836 evangelicus
1160 800 1397 838 quatriduanus
1424 802 1530 836 foetet.

826 840 988 881 Scriptum
1003 843 1052 873 est
1064 844 1151 874 enim
1165 855 1173 875 :
1190 846 1220 876 Α
1239 849 1361 878 mortuo
1376 849 1457 881 velut
1481 852 1536 890 qui

825 894 887 916 non
901 888 961 926 sit,
983 890 1063 927 perit
1078 889 1236 928 confessio.
1254 891 1345 929 Quod
1359 892 1387 923 si
1402 893 1429 924 is
1446 902 1534 925 mor-

826 933 899 963 tuus
916 935 965 964 est
979 935 1035 973 qui
1050 943 1113 965 non
1126 935 1318 977 confitetur,
1343 938 1457 978 utique
1477 950 1532 972 re-

827 978 965 1009 viviscet
985 980 1042 1018 qui
1068 980 1289 1013 confitebitur.
1315 983 1434 1016 Veniat
1455 994 1531 1025 ergo

824 1024 927 1063 Jesrw,
941 1025 975 1056 et
988 1025 1087 1065 dicat,
1104 1028 1184 1058 Veni
1197 1027 1301 1066 foras:
1316 1030 1350 1060 et
1364 1030 1405 1061 ad
1418 1040 1532 1063 vocem

826 1069 895 1106 ejus
907 1071 983 1101 ilico
991 1072 1203 1103 suscitabitur
1210 1074 1368 1105 mortuus.
1380 1077 1531 1116 Excipiat

825 1115 877 1145 hic
897 1118 1008 1148 noster
1023 1119 1169 1149 mortuus
1188 1119 1468 1165 exhortationem,
1497 1126 1531 1155 et

824 1170 888 1192 non
899 1163 1027 1194 disserat
1039 1165 1287 1196 confessionem.

863 1209 893 1239 2.
910 1209 1047 1240 Dicatur
1062 1219 1138 1249 ergo
1153 1211 1203 1241 illi
1217 1220 1317 1250 quem
1334 1213 1440 1252 pudor
1457 1214 1530 1246 affi-

823 1254 889 1285 cit:
905 1255 968 1285 Cur
991 1256 1025 1286 te
1040 1257 1143 1295 pudet
1166 1258 1338 1295 peccatum
1362 1260 1457 1291 tuum
1478 1262 1530 1292 di-

823 1309 910 1339 cere,
925 1310 1023 1340 quem
1038 1311 1103 1332 non
1117 1303 1236 1341 puduit
1251 1303 1381 1335 facere?
1396 1306 1458 1338 Aut
1472 1316 1530 1338 cur

823 1347 987 1379 erubescis
995 1350 1063 1379 Deo
1073 1349 1232 1388 confiteri,
1244 1349 1335 1387 cujus
1348 1352 1451 1382 oculis
1461 1361 1528 1384 non

822 1393 913 1431 potes
927 1394 1105 1425 abscondi?
1119 1395 1212 1432 Quod
1227 1396 1254 1426 si
1266 1395 1350 1427 forte
1364 1398 1469 1436 pudor
1478 1401 1528 1431 est

822 1439 882 1469 tibi
899 1441 956 1470 uni
972 1441 1098 1471 homini
1113 1442 1147 1472 et
1168 1442 1333 1480 peccatori
1355 1445 1527 1482 peccatum

821 1487 913 1517 tuum
930 1496 1108 1527 exponere,
1124 1488 1206 1526 quid
1221 1488 1366 1521 facturus
1381 1499 1415 1522 es
1426 1491 1461 1522 in
1473 1492 1527 1522 die

820 1531 948 1572 iudicii,
970 1533 1028 1564 ubi
1044 1534 1196 1565 omnibus
1213 1536 1362 1574 exposita
1378 1537 1433 1567 tua
1449 1546 1528 1569 con-

820 1578 958 1610 scientia
973 1579 1125 1618 patebIt?
1146 1580 1222 1611 Ilaee
1236 1580 1348 1620 itaque
1368 1582 1430 1613 tria
1451 1592 1527 1622 pro-

820 1625 969 1660 ponenda
982 1626 1056 1655 sunt
1067 1625 1178 1655 contra
1201 1626 1358 1664 pudorem
1369 1650 1379 1667 ,
1401 1629 1527 1660 scilicet

820 1669 1034 1701 consideratio
1043 1670 1190 1710 rationis,
1199 1673 1384 1704 reverentia
1397 1674 1526 1705 intuen-

821 1714 860 1744 tis
874 1715 1154 1754 Dei,c0mparatio
1169 1717 1301 1754 majoris
1317 1719 1524 1755 confusionis

818 1760 977 1792 Similiter
1006 1762 1120 1792 contra
1148 1762 1302 1793 timorem
1334 1767 1526 1803 opponenda

819 1807 893 1836 sunt
924 1807 1001 1837 tria.
1030 1807 1307 1839 Considerandum
1335 1812 1424 1841 enim
1453 1813 1525 1852 est,

818 1860 913 1890 quam
924 1852 1067 1891 sitlonga
1082 1861 1177 1892 poena
1193 1854 1327 1893 inferni,
1343 1864 1440 1894 quam
1452 1866 1525 1896 gra-

818 1899 878 1937 vis,
891 1907 987 1937 quam
1003 1899 1215 1930 infructuosa.
1232 1901 1255 1929 E
1273 1902 1432 1933 contrario
1445 1912 1523 1934 vero

817 1944 984 1981 praesentis
1008 1945 1166 1983 temporis
1192 1946 1388 1985 poenitentia
1413 1949 1524 1982 brevis

817 1990 876 2027 est,
894 1990 926 2020 ct
938 1990 1034 2028 levis,
1056 1992 1089 2020 et
1110 1990 1285 2023 fructuosa.
1301 1994 1416 2026 Contra
1432 2004 1522 2034 spem

816 2043 942 2073 quoque
968 2035 1084 2065 itidem
1104 2036 1166 2066 tria
1188 2040 1412 2078 opponuntur,
1438 2041 1523 2072 bona

815 2081 941 2111 scilicet
970 2081 1073 2112 futuri
1098 2083 1221 2121 saeculi,
1250 2086 1421 2122 praesentis
1445 2088 1522 2118 vitae

816 2126 907 2157 bonis
921 2126 1057 2165 majora,
1073 2127 1229 2166 certiora,
1247 2129 1464 2163 durabiliora:
1481 2136 1522 2166 ad

815 2180 950 2211 quorum
976 2174 1275 2213 comparationem,
1305 2177 1462 2217 quicquid
1486 2181 1521 2211 in

816 2220 875 2248 hoc
890 2219 1011 2249 mundo
1028 2219 1207 2250 desiderari
1222 2222 1340 2261 potest,
1357 2224 1519 2256 medleuni

815 2266 864 2295 est
878 2265 911 2295 et
925 2264 1110 2295 incertum:
1128 2266 1181 2305 et,
1197 2268 1235 2298 ut
1249 2268 1294 2298 ita
1310 2269 1434 2309 dicam,
1451 2280 1521 2302 mou

814 2314 1038 2344 mentaneum.
1057 2314 1105 2344 Ita
1124 2315 1236 2346 contra
1258 2316 1520 2356 desperationem

813 2363 965 2394 vincendi
978 2363 1170 2403 peccatum,
1186 2364 1248 2395 tria
1268 2366 1346 2396 sunt
1360 2368 1517 2398 remedia.

812 2409 955 2439 Primum
980 2409 1030 2439 est
1053 2409 1146 2448 vigor
1159 2410 1230 2450 ipse
1250 2412 1407 2450 propositi
1423 2413 1497 2443 honi
1510 2436 1519 2452 ,

812 2463 908 2493 quem
926 2455 1060 2486 assumit
1081 2464 1124 2486 ex
1149 2456 1364 2487 confessione.
1394 2455 1518 2489 Secun-

812 2501 889 2530 dum
911 2501 960 2531 est
974 2500 1077 2539 gratia
1091 2501 1172 2540 Dei,
1188 2509 1286 2540 quam
1311 2502 1457 2532 meretur
1473 2511 1514 2534 ex

811 2547 1009 2578 humilitate.
1019 2547 1165 2578 Tertium
1181 2548 1231 2578 est
1245 2547 1417 2585 auxilium,
1429 2549 1516 2586 quod

812 2600 855 2623 ex
875 2593 946 2631 ejus
970 2593 1070 2626 habet
1096 2593 1149 2626 cui
1176 2592 1348 2625 confitetur
1371 2600 1516 2633 compas-

813 2646 914 2670 sione.
