1846 3078
596 215 640 242 IN
666 211 874 243 CANTICA
895 212 1047 241 SERMO
1067 213 1155 243 LIV.
1521 222 1579 252 διχῇ)-

149 269 190 300 de
205 267 351 300 exercitu
364 267 463 298 Israel
484 267 675 300 cecideruut
690 277 708 299 a
723 267 846 307 princi-

147 315 214 352 pio,
240 314 273 344 et
287 313 431 352 quotidie
449 313 587 343 cadunt!
609 314 656 343 De
678 313 799 352 quibus
816 312 847 343 et

148 360 246 389 habes
267 359 302 388 in
323 358 438 388 eodem
464 359 644 396 Propheta,
667 367 742 389 cum
768 357 848 389 dicit

146 404 281 433 Domino
305 412 313 432 :
336 405 419 434 Sicut
436 405 591 434 vulnerati
610 405 792 434 dormientes
815 405 847 434 in

145 450 300 487 sepulcris,
315 458 446 488 quorum
456 459 518 480 non
533 459 562 480 es
576 459 694 480 memor
704 450 846 489 amplius,

144 496 173 524 et
185 496 242 533 ipsi
254 496 288 525 de
299 504 395 525 viante
409 497 462 525 tua
476 496 590 534 repulsi
602 497 684 526 sunt.

184 541 216 570 5.
233 541 300 571 Non
316 541 364 571 est
379 549 454 578 ergo
469 541 607 577 mirum,
624 540 650 570 si
671 539 802 571 steriles
814 540 847 570 et

146 585 338 616 infructuosi
360 587 554 624 permanent
576 586 651 624 isti,
676 594 740 616 non
759 594 848 615 mon-

145 634 194 662 tes
210 631 339 669 coelici,
355 631 413 662 sed
427 631 508 661 aerii
523 631 638 669 colles,
654 639 752 670 super
768 639 848 669 quos

146 686 204 707 nec
220 686 287 716 ros,
309 686 370 707 nec
392 677 505 715 pluvia
521 676 689 706 descendit
700 699 709 714 ,
725 676 846 715 quippe

145 724 275 753 auctore.
292 724 402 762 gratiae
417 724 451 752 et
464 722 731 753 benedictionum
752 722 848 760 largi-

145 769 215 798 tore
229 768 444 799 transsiliente
453 775 519 804 eOS,
534 766 794 797 etdescendente
807 767 846 797 ad

144 815 264 851 valles,
279 815 316 844 ut
329 813 451 843 coelesti
467 812 571 841 imbre
595 812 770 850 perfundat
785 813 847 842 hu-

145 860 239 889 miles
247 860 303 897 qui
315 859 390 889 sunt
404 858 644 896 superterram,
655 859 687 887 et
705 857 845 888 fructum

147 904 287 934 asserant
303 905 337 933 in
359 902 541 942 patientia3
558 901 701 931 fructum
717 902 846 932 tricesi-

144 958 252 988 mum,
274 949 514 987 sexagesimum
528 969 537 985 ,
561 947 595 977 et
616 947 843 978 centesimum.

145 996 293 1034 Denique
308 994 455 1025 visitavit
469 994 589 1023 terram
600 1014 609 1030 ,
623 993 656 1022 et
668 992 844 1024 inebriavit

145 1048 217 1069 eam
243 1049 251 1069 ε
275 1039 507 1078 multiplicavit
530 1039 729 1076 locupletare
759 1047 842 1068 eam.

144 1087 277 1116 Terram
291 1085 451 1122 visitavit,
467 1092 532 1114 non
548 1091 658 1114 aerem
674 1092 682 1112 :
699 1084 776 1122 quia
787 1086 845 1114 mi-

143 1133 309 1162 sericordia
323 1132 452 1162 Domini
463 1131 556 1169 plena
573 1131 617 1160 est
632 1131 728 1160 terra.
745 1130 845 1159 Deni-

142 1186 205 1215 que
221 1179 362 1216 operatus
379 1178 423 1207 est
436 1177 564 1207 satutem
577 1176 609 1205 in
626 1175 724 1205 mettio
740 1177 842 1206 terroe.

142 1223 304 1261 Numquid
316 1223 396 1253 etin
409 1221 517 1252 medio
532 1220 634 1251 aeris?
649 1221 715 1250 Hoc
727 1220 844 1251 adver-

142 1277 212 1297 sum
234 1268 424 1306 Origenem,
440 1267 497 1305 qui
519 1266 554 1296 in
577 1274 652 1295 aere
667 1267 842 1297 Dominum

141 1314 251 1352 gloriae
263 1314 370 1344 denuo
382 1321 438 1352 pro
448 1312 647 1343 daemonibus
660 1311 842 1350 impudenti

141 1360 300 1398 crucifigit
327 1359 496 1389 mendacio
520 1366 529 1387 ε
555 1366 630 1388 cum
650 1357 748 1395 hujus
767 1367 842 1389 con-

142 1406 228 1436 scius
252 1405 402 1444 mysterii
426 1405 544 1434 Paulus
571 1403 730 1442 affirmet,
756 1405 842 1443 quod

142 1460 313 1490 resurgens
328 1459 370 1480 ex
382 1450 518 1480 mortuis
528 1449 594 1487 jam
609 1458 672 1479 non
685 1451 840 1490 moritur,

142 1506 227 1528 mors
239 1497 288 1527 illi
299 1496 383 1527 ultra
396 1504 460 1526 non
473 1495 704 1525 dominabitur.

181 1542 212 1572 li.
225 1543 346 1573 Verum
357 1549 422 1572 non
434 1542 537 1572 solum
551 1541 696 1571 visitavit
707 1541 839 1579 terram,

140 1589 195 1627 qui
204 1596 311 1618 aerem
323 1587 525 1625 transsilivit,
535 1587 591 1617 sed
602 1587 699 1617 etiam
708 1587 839 1626 coelum,

141 1635 270 1664 dicente
286 1633 452 1671 Scriptura
469 1641 476 1662 ε
494 1635 636 1669 Domine,
648 1634 680 1662 in
693 1633 766 1662 coelo
781 1635 840 1663 mi-

139 1681 304 1710 sericordia
328 1681 404 1715 tua,
429 1681 456 1709 et
478 1679 592 1709 veritas
614 1681 668 1708 tua
687 1687 781 1716 usquc
801 1681 840 1709 ad

140 1726 246 1755 nubes.
262 1726 369 1762 Usque
388 1724 427 1753 ad
439 1724 542 1754 nubes
558 1724 644 1753 enim
660 1724 778 1753 coelum
792 1726 838 1754 est

140 1771 225 1808 quod
240 1770 423 1800 inhabitant
437 1769 538 1800 sancti
550 1769 672 1807 Angeli,
684 1777 763 1807 quos
775 1778 837 1799 non

140 1817 310 1847 transsiliit
325 1817 483 1854 Sponsus,
499 1815 557 1846 sed
575 1816 649 1845 salit
664 1815 698 1844 in
710 1815 757 1845 eis
768 1837 776 1853 ,
794 1816 838 1845 ita

140 1864 175 1893 ut
196 1863 360 1901 imprimat
372 1862 450 1900 ipsis
465 1862 526 1891 duo
542 1860 687 1899 quaedam
702 1861 838 1899 vestigia

140 1909 257 1947 pedum
273 1917 418 1946 suorum,
436 1906 690 1949 misericordiam
706 1907 739 1936 et
751 1908 839 1937 reri-

139 1955 238 1984 tatem
255 1963 262 1983 :
277 1954 316 1984 de
332 1954 450 1992 quibus
464 1952 596 1983 Domini
611 1952 758 1990 vestigiis
771 1961 838 1982 me-

139 2000 219 2029 mini
243 2009 295 2030 me
324 2001 358 2029 in
383 1999 608 2038 superioribus
635 1999 838 2029 sermonibus

137 2047 266 2084 plenius
285 2046 476 2084 disputasse.
497 2046 522 2074 A
536 2045 680 2074 nubibus
702 2053 779 2075 vero
805 2046 838 2075 et

137 2092 220 2121 infra
245 2091 427 2121 daemonum
449 2090 606 2120 habitatio
629 2090 678 2120 est
698 2090 734 2119 in
762 2098 836 2121 aere

137 2138 197 2167 isto
211 2138 320 2167 intimo
333 2138 366 2168 et
380 2137 572 2174 caligin0503
590 2136 623 2165 in
640 2135 757 2174 quibus
773 2144 836 2166 non

137 2183 212 2213 salit
226 2191 371 2221 sponsus,
384 2183 440 2212 sed
452 2181 611 2212 transsilit
623 2181 695 2211 illos
707 2181 740 2211 et
755 2190 837 2220 prae-

136 2229 294 2266 terit,nec
303 2229 407 2258 ullum
420 2228 454 2258 in
463 2236 496 2259 se
508 2227 654 2258 retinent
664 2227 723 2256 Dei
733 2227 837 2257 trans-

138 2274 246 2304 euntis
282 2275 469 2311 vestigium.
502 2274 582 2304 Nam
614 2272 774 2312 quomodo
802 2273 836 2303 in

137 2319 265 2349 diabolo
278 2320 399 2349 veritas
415 2319 481 2356 est,
503 2318 543 2348 de
558 2326 621 2357 quo
638 2319 671 2348 in
690 2319 837 2356 Evange-

138 2365 191 2395 liis
206 2364 361 2394 Veritatis
376 2364 537 2394 sententia
553 2365 680 2402 exstat,
696 2364 782 2402 quod
803 2365 836 2393 in

136 2410 276 2440 veritate
290 2418 353 2440 non
366 2410 469 2447 stetit,
484 2409 541 2439 sed
555 2409 697 2439 mendax
710 2409 837 2439 exstitit.

137 2457 177 2485 ab
197 2456 310 2486 initio?
333 2455 395 2486 Sed
418 2463 480 2486 nec
500 2455 743 2485 misericordem
764 2456 836 2493 quis

138 2502 260 2531 dixerit
275 2508 365 2538 eum,
378 2501 444 2539 'qui
459 2500 670 2530 nihilomiuus
687 2500 726 2530 ab
741 2500 836 2531 initio

138 2547 300 2577 homicida
316 2546 414 2576 fuisse
441 2546 556 2576 eadem
578 2545 647 2584 ipsa
666 2546 833 2585 Evangelii

138 2592 277 2622 veritate
291 2592 506 2622 convincitur.
520 2592 616 2622 Porro
632 2592 740 2622 autem
756 2601 837 2631 qua-

138 2637 177 2666 lis
187 2637 427 2676 paterfamilias,
441 2638 521 2667 tales
531 2638 562 2667 et
574 2637 740 2667 domestici
749 2637 778 2674 ej
787 2646 834 2669 υς.

879 267 994 297 Pulere
1005 266 1142 306 proinde
1158 266 1199 298 de
1214 275 1329 306 sponso
1345 271 1485 305 Ecclesia
1496 276 1580 313 psal-

881 314 962 351 lens,
977 312 1063 351 quod
1077 312 1114 342 in
1131 313 1205 343 altis
1226 313 1372 352 habitet,
1393 318 1425 347 et
1444 319 1581 350 humilia

881 358 1034 397 respiciat
1057 358 1093 388 in
1117 359 1199 389 coelo
1220 358 1305 389 etin
1329 359 1437 399 terra3
1458 365 1580 394 nullam

881 404 1012 434 omnino
1026 404 1231 434 mentionem
1252 404 1332 435 facit
1355 405 1395 436 de
1411 406 1461 438 his
1475 410 1531 446 qui
1546 410 1581 440 in

882 457 956 479 aere
988 450 1162 480 versantur
1199 449 1370 488 spiritibus
1400 453 1547 488 superbis
1570 463 1580 483 ε

881 495 1032 532 quoniam
1043 497 1127 526 Deus
1139 495 1277 534 superbis
1291 497 1423 533 resistit,
1440 498 1468 527 et
1481 497 1584 529 humi-

881 540 958 571 libus
973 542 1025 571 (lat
1041 542 1190 579 qratiam.

922 586 952 614 5.
966 586 1063 615 Videt
1075 594 1150 624 ergo
1162 586 1255 616 illum
1268 586 1439 617 salientem
1452 586 1486 617 in
1494 595 1584 618 mon-

881 630 967 660 tibus
979 633 1011 661 et
1024 631 1279 662 transsilientem
1291 633 1403 670 colles,
1414 632 1510 670 juxta
1523 633 1583 663 im-

881 677 1106 713 precationem
1133 677 1239 708 David
1265 677 1406 709 dicentis
1433 687 1442 708 :
1469 679 1585 711 Omnes

880 724 998 753 montes
1013 724 1067 761 qui
1089 724 1122 752 in
1137 724 1266 753 circuitu
1281 725 1347 762 ejus
1365 726 1439 755 sient
1448 746 1460 762 ‚
1485 725 1519 755 id
1534 726 1584 756 est

880 767 914 796 in
932 768 1071 798 circuitu
1091 768 1232 807 Gelboe,
1254 771 1354 800 visitet
1373 772 1545 810 Dominus3
1561 781 1581 801 a

881 813 990 844 Gelboc
1002 816 1104 844 autem
1119 815 1269 846 transcat.
1292 815 1428 845 Diabolo
1443 823 1582 855 nempe,

879 859 935 898 qui
957 868 1017 897 per
1036 860 1158 890 Gelboe
1176 860 1385 899 designatur,
1408 862 1485 892 hinc
1508 862 1583 893 inde

880 905 954 935 sunt
968 906 1095 936 montes
1110 914 1190 944 quos
1204 906 1318 936 visitat
1333 907 1507 945 Dominus,
1529 916 1584 938 su-

879 959 938 988 pra
953 951 1067 989 Angeli
1080 972 1090 989 ,
1110 950 1197 981 infra
1211 951 1372 982 homines.
1394 952 1431 982 In
1451 961 1582 990 poenam

881 997 1044 1035 siquidem
1059 1005 1151 1027 suam
1165 997 1272 1027 locum
1285 997 1319 1027 in
1334 1006 1410 1029 aere
1425 999 1499 1036 isto,
1511 1007 1583 1029 me-

879 1041 969 1071 dium
981 1042 1067 1072 inter
1085 1042 1204 1072 coelum
1224 1044 1258 1074 et
1278 1043 1417 1081 terram,
1437 1043 1478 1074 de
1493 1045 1574 1074 coelo

879 1087 996 1116 cadens
1015 1087 1148 1117 sortitus
1167 1087 1236 1126 est,
1258 1088 1296 1118 ut
1309 1089 1421 1119 videat
1441 1089 1474 1120 et
1494 1089 1583 1120 iuvi-

878 1132 963 1171 deat,
979 1133 1113 1171 ipsaque
1125 1133 1251 1163 invidia
1262 1134 1462 1173 torqueatur,
1473 1135 1583 1174 Scrip-

878 1178 949 1208 tura
965 1179 1116 1208 dicente:
1130 1180 1277 1210 Peccator
1294 1180 1406 1211 videbit
1422 1183 1452 1211 et
1466 1182 1583 1212 irasce-

878 1225 947 1261 tur,
975 1224 1114 1255 dentibus
1139 1225 1204 1255 suis
1227 1225 1357 1264 fremet,
1384 1227 1414 1256 et
1438 1225 1580 1257 tabescet.

876 1269 979 1305 Quam
993 1270 1104 1308 miser,
1114 1278 1188 1300 cum
1199 1270 1336 1309 suspicit
1347 1271 1457 1309 coelos,
1469 1271 1503 1302 in
1510 1271 1584 1310 qui-

877 1315 936 1346 bus
952 1315 1140 1346 innumeros
1155 1315 1282 1347 montes
1303 1316 1450 1346 intuetur
1468 1317 1579 1348 divina

877 1361 1022 1392 claritate
1035 1361 1209 1400 fulgentes,
1225 1361 1347 1392 divinis
1361 1362 1513 1393 laudibus
1526 1370 1580 1393 re-

876 1407 1046 1445 sultantes,
1060 1407 1217 1437 sublimes
1232 1407 1268 1436 in
1284 1406 1398 1445 gloria,
1411 1406 1581 1437 abundan-

876 1452 924 1482 tes
940 1452 974 1482 in
997 1452 1122 1490 gratia!
1138 1452 1242 1489 Quam
1257 1451 1423 1490 miserior,
1438 1460 1512 1482 cum
1526 1460 1580 1482 re-

874 1497 971 1535 spicit
982 1497 1114 1535 terram,
1122 1498 1249 1527 montes
1257 1496 1470 1527 nihilominus
1481 1505 1578 1536 quam

874 1543 1031 1581 plurimos
1042 1543 1081 1573 de
1090 1543 1210 1581 populo
1225 1542 1448 1580 acquisitionis
1457 1543 1579 1573 haben-

875 1588 953 1625 tem,
969 1588 1032 1618 fide
1044 1587 1179 1626 solidos,
1193 1596 1248 1626 spe
1265 1588 1429 1625 excelsos,
1443 1587 1576 1618 caritate

874 1633 1049 1671 spatiosos,
1073 1632 1176 1663 cultos
1197 1632 1395 1670 virtutibus,
1416 1633 1573 1663 bonorum

874 1685 1007 1715 operum
1022 1677 1183 1708 fructibus
1196 1677 1346 1716 refertos,
1362 1678 1403 1708 de
1417 1686 1489 1708 rore
1501 1679 1577 1708 coeli

874 1724 1037 1762 tamquam
1055 1723 1096 1753 de
1120 1724 1205 1754 saltu
1224 1724 1333 1762 sponsi
1354 1724 1576 1761 quotidianam

874 1769 1039 1807 capientes
1059 1768 1340 1799 benedictionem!
1357 1769 1434 1798 Cum
1456 1769 1576 1807 quanto

873 1816 1026 1852 putamus
1041 1814 1151 1844 dolore
1168 1815 1202 1844 et
1220 1822 1355 1844 rancore
1368 1814 1505 1852 aspiciat
1518 1814 1575 1844 ille

873 1860 1101 1898 cupidissimus
1131 1860 1241 1898 glorite
1272 1860 1350 1889 istos
1374 1860 1409 1889 in
1433 1859 1575 1890 circuitu

872 1914 930 1936 suo
949 1907 1014 1936 tam
1039 1906 1192 1944 gloriosos
1216 1905 1363 1943 montes,
1385 1914 1460 1936 cum
1485 1914 1519 1936 se
1542 1907 1576 1937 et

872 1960 945 1981 suos
974 1960 992 1982 e
1018 1953 1150 1989 regione
1176 1952 1336 1990 incultos,
1366 1952 1574 1992 tenebrosos,

872 1997 964 2027 bonis
977 1999 1125 2027 omnibus
1137 1997 1339 2027 intoeeundos
1350 1997 1519 2035 despiciat,
1529 1998 1572 2027 ita

871 2043 907 2072 ut
919 2052 952 2073 se
968 2044 1087 2074 sentiat
1099 2052 1169 2074 esse
1182 2043 1389 2082 opprobrium
1403 2043 1573 2073 hominum

872 2090 903 2119 et
918 2090 1110 2127 Angelorum
1122 2111 1131 2127 ,
1151 2089 1209 2128 qui
1231 2089 1380 2119 omnibus
1397 2089 1574 2127 exprobra-

871 2135 936 2173 bat,
952 2136 1129 2166 secundum
1151 2135 1232 2165 iilud
1247 2135 1281 2164 in
1297 2135 1428 2173 psalmis
1443 2143 1452 2164 τ
1468 2137 1573 2166 Draco

872 2182 924 2211 iste
939 2190 1028 2220 quem
1041 2182 1184 2219 formasti
1194 2182 1233 2211 ad
1248 2181 1434 2211 illudendum
1449 2182 1488 2211 εἰ.

910 2227 941 2256 6.
958 2227 1061 2265 Atque
1077 2227 1149 2265 hoc,
1163 2227 1239 2265 quia
1251 2227 1444 2265 ohipsorum
1460 2234 1573 2266 super-

871 2272 956 2301 biam
972 2272 1129 2302 transsilit
1144 2280 1197 2302 eos
1213 2280 1347 2310 sponsus
1362 2293 1371 2310 ,
1394 2272 1514 2302 saliens
1537 2272 1571 2302 in

870 2318 996 2348 montes
1011 2319 1067 2356 qui
1080 2317 1112 2347 in
1129 2317 1269 2348 circuitu
1291 2317 1362 2355 ejus
1377 2318 1451 2348 sunt
1463 2340 1471 2356 ,
1488 2318 1572 2347 tam-

870 2371 966 2401 quam
989 2363 1059 2393 sons
1080 2363 1258 2394 ascendens
1278 2363 1319 2394 de
1347 2364 1455 2393 medio
1480 2371 1571 2400 para-

872 2409 945 2446 disi,
958 2409 1094 2447 irrigans
1103 2409 1267 2447 universa,
1277 2409 1310 2439 et
1322 2408 1462 2447 implens
1474 2415 1568 2437 omne

870 2455 989 2485 animal
1004 2455 1245 2485 benedictione.
1257 2454 1348 2484 Beati
1358 2454 1411 2492 qui
1425 2453 1566 2483 torrente
1616 2456 1620 2461 ’

869 2500 1044 2540 voiuptatis
1072 2500 1170 2538 hujus
1196 2500 1300 2539 potari
1326 2499 1489 2529 interdum
1514 2498 1566 2527 vel

869 2555 940 2577 raro
964 2546 1209 2585 promerentur,
1236 2544 1401 2582 inquibus
1419 2543 1477 2572 etsi
1501 2550 1564 2572 non

869 2592 1024 2623 continue
1047 2592 1138 2629 ssuit,
1164 2591 1277 2621 saltem
1300 2597 1358 2628 per
1378 2589 1472 2617 horas
1493 2588 1566 2617 salit

870 2646 951 2675 aqua
971 2638 1139 2676 sapientise
1165 2639 1197 2666 et
1220 2635 1288 2664 sons
1303 2633 1511 2670 vitae211tlist
1532 2633 1565 2662 ia
