1810 3073
463 177 520 206 DE
546 172 755 204 D1VERS¹S
780 172 926 201 SERMO
950 174 1055 204 CVII.

1417 181 1480 211 459

52 233 445 278 corporisterturfacillus.
458 231 572 262 Gravis
587 229 747 268 siquidem
781 226 916 267 quiunt,
946 229 1052 267 illam,
1077 231 1151 268 quia
1178 231 1293 262 clamat
1316 235 1381 272 post
1409 243 1476 266 nos.

52 284 152 322 essct,
175 282 203 313 si
226 288 296 311 earn
319 279 406 309 solus
435 277 564 307 animus
591 273 748 315 portaret.
780 273 898 310 Quarta
914 274 1018 304 oratio
1034 274 1197 304 emittitur
1212 275 1328 307 devoto
1343 279 1478 317 affectu,

53 331 129 361 Cum
145 335 220 359 vero
241 326 275 356 et
295 324 361 363 ipsi
384 323 510 362 corpori
527 322 597 360 ejus
611 320 750 360 partitur

52 375 184 415 pondus,
199 371 318 410 quanto
330 370 433 408 magis
449 369 525 399 inde
541 375 658 407 corpus
670 374 748 396 one-

52 421 148 456 ratur,
163 418 251 449 tanto
274 416 416 455 amplius
438 415 566 445 animus
590 419 750 443 exonera-

52 467 113 496 tur.
137 465 240 494 Locus
265 463 364 493 etiam
390 462 523 492 videtur
547 457 750 490 necessarius

51 518 119 540 esse
145 509 180 540 et
207 508 319 546 utilis,
349 507 493 538 Ecclesia
519 504 647 536 scilicet
674 503 750 533 vitae

49 554 214 593 praesentis
231 562 239 584 t
258 555 291 584 in
305 562 367 592 qua
382 552 528 592 quisquis
541 551 618 581 dum
636 549 671 579 in
682 556 751 579 cor-

47 608 125 639 pore
152 601 253 637 vivit,
281 599 509 638 poenitentiam
533 597 625 627 recte
653 603 748 634 agere

48 646 194 685 negligit,
211 646 337 676 nullum
352 645 385 675 in
394 645 502 675 futuro
517 642 630 674 salutis
642 649 752 673 reme-

49 690 140 722 dium
154 691 301 723 obtinere
316 690 447 730 poterit.

239 792 410 827 SERMO
435 790 562 827 CVII.

187 862 229 889 De
241 862 438 887 affectionibus
451 861 608 886 orantium.

87 919 103 950 4
110 942 118 950 .
127 918 226 951 Slcu'r
234 927 319 958 aeger
325 918 366 948 ad
374 918 551 955 medicum,
559 918 606 948 sic
620 923 689 948 esse
697 914 751 948 de-

49 968 105 999 bet
116 968 267 1007 peccator
275 966 316 996 ad
326 966 509 997 Creatorem
517 974 608 997 suum
616 988 623 995 .
633 965 695 1003 Qui
703 973 752 995 er-

50 1023 88 1054 go
96 1014 247 1053 peccator
263 1013 324 1051 est,
333 1013 432 1043 debet
443 1020 534 1042 orare
543 1013 661 1049 Deum,
669 1011 753 1042 sicut

50 1069 134 1098 aeger
140 1060 314 1090 medicum.
323 1059 456 1089 Duobus
463 1058 573 1088 autem
582 1057 686 1088 modis
693 1057 753 1087 im-

48 1106 181 1144 peditur
193 1105 295 1135 oratio
309 1104 489 1143 peccatoris
502 1112 510 1133 τ
523 1103 575 1134 vel
586 1104 690 1142 nulla,
700 1104 751 1134 vel

50 1152 151 1182 nimia
168 1153 253 1181 luce.
272 1151 366 1181 Nulla
384 1151 458 1180 luce
478 1149 679 1187 illustratur,
695 1150 751 1188 qui
768 1153 770 1185 ξ

50 1198 183 1236 peccata
197 1204 254 1226 sua
269 1204 330 1226 nec
355 1194 459 1232 videt,
480 1202 543 1225 nec
568 1193 751 1224 confitetur.

49 1244 72 1272 E
87 1242 248 1272 contrario
263 1241 364 1271 nimia
375 1241 449 1270 luce
464 1239 627 1278 obruitur,
643 1239 700 1278 qui
715 1248 751 1270 ea

50 1287 141 1316 tanta
152 1285 255 1324 videt,
269 1285 308 1316 ut
318 1285 358 1315 de
370 1284 574 1323 indulgentia
588 1284 751 1322 desperet.

49 1332 170 1362 Horum
184 1331 300 1361 neuter
314 1332 395 1362 orat.
405 1330 491 1368 Quid
502 1338 577 1369 ergo
589 1329 602 1360 ’ἐ
614 1330 752 1369 Tempe-

50 1377 150 1407 randa
166 1378 215 1408 est
236 1377 312 1415 lux,
340 1377 377 1407 ut
400 1377 533 1415 peccata
561 1384 618 1407 sua
643 1376 751 1407 videat

779 327 851 357 quae
866 319 907 350 de
921 320 1028 350 cordis
1042 320 1186 359 puritate
1201 321 1272 351 sine
1292 323 1361 353 ulla
1385 324 1481 355 haesi-

778 364 901 396 tatione
917 374 991 396 cum
1013 365 1193 404 gratiarum
1215 367 1345 398 actione
1367 369 1483 408 depro-

778 410 891 441 mitur.
907 411 1019 441 Talem
1034 411 1216 441 orationem
1230 411 1311 442 fecit
1326 412 1396 450 ipse
1416 415 1481 445 Do-

777 456 904 496 minus,
922 458 1052 497 quando
1071 458 1326 497 quatriduanum
1349 459 1389 489 de
1414 468 1484 491 mo·-

777 503 935 534 numento
950 504 1105 534 Lazarum
1119 504 1348 544 resuscitavit,
1365 506 1398 536 et
1418 506 1483 536 ait:

777 549 886 586 Pater,
900 551 1020 588 qratias
1032 558 1090 589 ayo
1115 550 1185 587 tibi,
1203 551 1278 589 quia
1299 552 1413 582 audisti
1423 560 1482 581 me.

778 594 871 625 Tales
885 595 1047 626 orationes
1063 595 1173 626 docuit
1186 604 1244 627 nos
1259 596 1429 635 Apostolus
1439 596 1486 627 fa-

779 648 853 671 cere
868 640 1074 681 frequentes,
1089 641 1203 672 dicens
1220 650 1228 671 :
1244 643 1316 673 Sine
1331 643 1487 674 intermis-

777 687 862 717 sione
886 689 973 718 orate
983 708 996 724 ‚
1023 688 1058 718 in
1080 687 1222 719 omnibus
1247 689 1367 727 qratias
1393 690 1484 728 aqite.

779 732 843 763 Has
858 741 931 771 quae
945 732 1042 763 dictae
1056 733 1131 763 sunt
1145 733 1283 772 quatuor
1302 734 1485 765 orationum

779 778 920 817 species,
947 778 984 809 id
1007 779 1071 817 est,
1085 779 1325 818 verecundam,
1347 788 1484 820 puram,

778 825 931 864 amplam,
944 825 1096 857 devotam
1106 847 1116 864 ,
1131 826 1301 865 nuncupat
1314 826 1486 865 Apostolus

778 870 853 902 aliis
867 871 1068 911 nominibus,
1083 872 1117 903 et
1132 871 1173 903 ad
1191 879 1247 903 eas
1262 880 1321 903 nos
1336 872 1486 904 hortatur

779 915 912 947 dicens:
930 917 1059 949 Obsecro
1073 918 1174 957 primo
1190 919 1330 948 omnium
1349 919 1418 956 fieri
1431 918 1487 950 ob-

777 964 972 1000 secrationes,
989 964 1158 1001 orationes,
1169 964 1400 1002 postulationes,
1412 973 1487 1003 qra-

779 1009 897 1040 tiarum
911 1011 1057 1041 actiones.
1076 1010 1156 1040 Nam
1171 1010 1412 1041 obsecrationes
1430 1018 1488 1041 ve-

779 1056 937 1094 recundo,
951 1055 1115 1087 orationes
1129 1064 1225 1095 puro,
1250 1056 1488 1096 postulationes

780 1102 907 1140 amplo,
928 1101 1107 1140 gratiarum
1127 1101 1317 1133 affectiones
1336 1101 1417 1134 fiunt
1437 1102 1487 1132 af-

780 1147 870 1178 fectu
887 1147 1017 1178 devoto.

819 1193 851 1224 2.
864 1193 1016 1224 Diximus
1032 1192 1073 1223 de
1088 1192 1264 1231 generibus
1277 1193 1487 1225 affectionum

781 1239 814 1270 et
829 1239 1013 1270 orationum
1027 1247 1036 1268 ε
1053 1239 1200 1269 dicamus
1216 1238 1318 1269 etiam
1337 1248 1403 1279 qua
1424 1249 1486 1279 pu-

780 1285 877 1315 ritate
893 1285 936 1315 sit
952 1285 1121 1315 orandum.
1136 1285 1176 1315 Et
1195 1285 1329 1323 quidem
1350 1285 1415 1316 tria
1435 1287 1487 1317 vi-

781 1331 900 1362 dentur
911 1330 993 1361 mihi
1005 1330 1061 1360 hic
1073 1338 1143 1361 esse
1156 1331 1352 1370 necessaria,
1367 1332 1487 1370 quibus

781 1376 936 1407 orationis
949 1376 1090 1406 intentio
1111 1375 1250 1406 firmiter
1271 1377 1321 1406 est
1345 1377 1488 1407 adstrin-

51 1424 213 1462 peccator,
234 1424 268 1454 et
296 1423 506 1461 confiteatur3
534 1430 572 1454 ac
596 1431 655 1462 pro
673 1422 752 1462 ipsis
780 1422 896 1461 genda.
926 1422 1139 1452 considerare
1167 1430 1312 1461 namque
1337 1423 1436 1454 debet
1458 1424 1486 1455 is

50 1470 140 1507 oret,
155 1471 191 1500 ut
206 1468 429 1500 remittantur.
450 1468 559 1499 Primo
580 1477 656 1508 ergo
682 1469 753 1507 ejus
780 1467 836 1506 qui
853 1467 935 1505 orat,
953 1467 986 1497 et
1006 1466 1087 1506 quid
1102 1467 1200 1506 petit,
1222 1467 1374 1506 etipsum
1388 1477 1487 1507 quem

51 1515 153 1545 oratio
180 1515 279 1546 debet
306 1515 378 1546 fieri
403 1515 591 1546 verecundo
619 1515 750 1547 affectu.
780 1513 876 1552 petit,
889 1513 923 1543 et
937 1512 1080 1552 seipsum
1090 1513 1147 1552 qui
1162 1513 1258 1552 petit.
1274 1514 1310 1544 In
1326 1523 1364 1545 eo
1374 1517 1486 1546 autem

50 1560 117 1590 Hoc
133 1560 242 1590 autem
267 1559 315 1597 fit,
331 1567 404 1590 cum
431 1560 573 1590 necdum
600 1562 754 1599 peccator

50 1605 148 1636 audet
161 1613 221 1644 per
238 1605 381 1644 seipsum
397 1605 552 1637 accedere
567 1606 608 1636 ad
627 1607 752 1646 Deum,

50 1651 108 1682 sed
132 1651 250 1690 quaerit
281 1651 426 1689 aliquem
450 1652 596 1682 sanctum
622 1652 751 1691 virum3

49 1697 193 1736 aliquem
219 1697 365 1727 sanctum
400 1704 581 1735 pauperem
613 1698 731 1736 spiritu
742 1720 752 1735 ,

50 1743 106 1782 qui
122 1743 165 1773 sit
185 1743 219 1772 in
235 1751 291 1773 ora
309 1742 500 1773 vestimenti
524 1743 655 1773 Domini
670 1745 754 1774 tani-

48 1797 146 1828 quam
170 1788 308 1826 fimbria,
322 1796 382 1826 per
398 1796 495 1826 quem
511 1787 630 1819 habeat
645 1797 755 1820 acces-

49 1843 134 1866 sum.
147 1835 250 1872 Huius
264 1834 421 1864 orationis
437 1833 543 1864 tenuit
566 1834 682 1873 typum
697 1836 753 1866 illa

49 1881 238 1919 evangelica
250 1880 381 1918 mulier,
397 1888 469 1918 quae
483 1880 609 1911 fluxum
625 1884 754 1921 sangui·

49 1927 102 1959 nis
120 1926 324 1965 patiebatur3
350 1926 551 1965 cupiensque
571 1928 677 1957 sanari
699 1936 753 1958 ac-

51 1973 161 2011 cessit,
177 1972 210 2003 et
225 1973 310 2002 intra
322 1979 356 2002 se
373 1972 527 2010 cogitavit
554 1972 666 2004 dicens
687 1982 697 2003 z
719 1976 754 2006 Si

49 2020 172 2058 tetiqero
190 2018 347 2057 fimbrium
371 2019 543 2049 vestimenti
563 2020 628 2057 esus
642 2041 650 2058 ‚
666 2021 751 2052 salva

49 2073 113 2095 ero.
130 2063 278 2095 Secunda
293 2062 396 2094 oratio
410 2063 446 2093 fit
460 2072 541 2102 puro
564 2065 681 2096 affectu
697 2075 705 2096 :
720 2068 751 2097 et

51 2110 111 2141 hoc
125 2110 161 2141 fit
175 2109 302 2149 quando
310 2109 437 2140 scilicet
450 2111 599 2149 peccator
611 2111 678 2148 jam
692 2121 752 2151 per

50 2156 190 2196 seipsum
206 2155 349 2194 accedit,
372 2156 405 2187 et
419 2164 475 2187 ore
498 2157 629 2195 proprio
651 2159 752 2189 conti-

50 2202 150 2234 tetur.
186 2202 273 2232 Talis
308 2202 463 2233 orationis
489 2203 625 2242 reliquit
657 2206 751 2237 nobis

51 2248 237 2287 exemplum
249 2247 305 2277 illa
320 2248 503 2287 Peccatrix,
518 2257 589 2287 quae
601 2249 751 2289 lacrymis

50 2294 167 2332 rigavit
178 2293 278 2331 pedes
292 2293 434 2332 Domini,
449 2294 482 2323 et
495 2294 623 2332 capillis
635 2296 751 2335 capitis

50 2340 101 2369 sui
116 2338 221 2375 tersit,
232 2338 274 2368 de
286 2347 351 2376 qua
365 2339 489 2369 dictum
501 2341 550 2370 est
561 2348 579 2370 a
592 2340 748 2373 Domino:

50 2385 258 2414 Remittuntur
278 2385 306 2414 ei
321 2386 447 2422 peccata
469 2386 585 2423 multa,
604 2389 752 2425 quoniam

50 2430 156 2460 ditexit
175 2430 317 2460 nuatum.
333 2430 442 2460 Tertia
456 2433 558 2462 oratio
575 2434 751 2466 effunditur

51 2475 157 2513 amplo
173 2474 289 2505 affectu
305 2483 314 2504 t
331 2475 436 2506 ethoc
451 2475 498 2514 fit,
513 2478 643 2515 quando
658 2479 749 2518 isqui

51 2527 108 2558 pro
124 2528 158 2550 se
171 2520 336 2558 oraverat,
350 2521 420 2551 orat
432 2520 500 2558 jam
519 2531 579 2560 pro
595 2523 680 2554 aliis.
697 2525 750 2557 Sic

54 2566 227 2596 oraverunt
241 2566 384 2605 Apostoli
402 2575 460 2605 pro
474 2568 611 2599 muliere
627 2569 750 2601 Chana-

52 2616 120 2642 naea
133 2619 190 2651 pro
204 2611 270 2643 filia
286 2620 342 2644 sua
358 2613 513 2653 rogante:
534 2616 677 2656 Dimitte,
699 2616 751 2647 in-

780 1559 867 1598 quod
881 1559 979 1598 petit,
992 1559 1055 1589 duo
1071 1559 1172 1590 dehet
1186 1559 1370 1599 attendere,
1386 1562 1423 1592 ut
1434 1570 1487 1593 se-

781 1605 925 1636 cundum
940 1607 1047 1636 Deum
1062 1606 1104 1636 sit
1117 1605 1205 1645 quod
1218 1607 1380 1646 postulat,
1402 1609 1435 1639 et
1450 1610 1488 1640 ut

782 1652 842 1682 hoc
857 1652 963 1690 ipsum
978 1651 1013 1681 in
1028 1659 1154 1681 summo
1169 1651 1306 1682 affectus
1321 1653 1486 1684 desiderio

781 1697 912 1727 habeat.
924 1696 1144 1735 Verbigratia,
1157 1697 1183 1727 si
1195 1697 1334 1728 mortem
1345 1698 1487 1738 inimici,

782 1743 809 1774 si
834 1743 1001 1773 laesionem
1023 1751 1083 1772 seu
1097 1742 1316 1779 dejectionem
1344 1746 1488 1782 proximi

782 1790 903 1820 orando
927 1789 1083 1827 petierit,
1112 1796 1179 1818 non
1216 1789 1267 1820 est
1306 1792 1487 1822 secundum

783 1838 886 1880 Deum
900 1835 976 1866 talis
990 1835 1105 1873 oratio,
1120 1843 1195 1865 cum
1210 1835 1281 1874 ipse
1303 1838 1488 1879 praecipiat,

783 1883 816 1913 et
827 1881 914 1913 dicat
930 1891 939 1911 ε
955 1882 1079 1920 Diliqz'te
1094 1882 1236 1912 inimicos
1247 1884 1382 1921 vestros,
1400 1884 1488 1917 bene-

782 1929 872 1967 facite
887 1928 933 1959 Ιιὶδι
947 1928 1001 1966 qut
1026 1928 1156 1957 oderunt
1169 1935 1246 1966 vos3
1269 1929 1299 1958 et
1318 1931 1405 1960 orate
1427 1941 1488 1971 pro

778 1973 1029 2015 persequentibus
1049 1974 1078 2004 et
1092 1973 1355 2007 calumniantibus
1371 1985 1437 2008 vos.
1453 1978 1488 2009 Si

782 2029 860 2052 vero
883 2021 1091 2059 peccatorum
1105 2019 1351 2060 remissionem,
1370 2022 1400 2053 si
1415 2023 1488 2063 Spi-

781 2068 864 2098 ritus
878 2065 983 2097 saneti
1008 2065 1160 2104 gratiam,
1175 2065 1204 2096 si
1215 2065 1375 2097 virtutem
1389 2069 1487 2108 atque

782 2112 994 2152 sapientiam,
1006 2112 1034 2142 si
1053 2110 1151 2141 fidem
1163 2132 1173 2149 ,
1184 2111 1379 2152 veritatem,
1390 2114 1489 2152 justi-

780 2160 875 2197 tiam,
900 2157 1133 2195 humilitatem,
1158 2157 1366 2198 patientiam,
1395 2170 1489 2193 man-

780 2204 1010 2243 suetudinem,
1029 2203 1063 2234 et
1081 2203 1198 2234 caetera
1213 2204 1397 2243 spiritualia
1412 2208 1488 2239 cha-

780 2251 914 2284 rismata
921 2250 1102 2291 quaesierit,
1118 2250 1152 2280 et
1159 2257 1197 2280 ea
1205 2251 1375 2289 cogitando
1385 2254 1488 2286 vehe-

781 2298 911 2329 menter
946 2295 1171 2335 affectaverit;
1208 2296 1279 2328 haec
1305 2300 1488 2333 secundum

781 2345 885 2374 Deum
901 2343 952 2374 est
965 2342 1083 2381 oratio,
1109 2343 1144 2373 et
1159 2343 1228 2373 haec
1240 2351 1320 2375 vere
1340 2347 1488 2378 meretur

782 2390 898 2421 audiri.
910 2391 958 2421 De
979 2388 1167 2427 hujusmodi
1183 2389 1272 2419 enim
1287 2390 1488 2423 orationihus

781 2436 929 2475 loquitur
943 2443 1004 2474 per
1028 2435 1145 2464 Isaiam
1173 2435 1288 2466 Deus:
1310 2437 1487 2475 Antequam

782 2482 932 2518 clament,
961 2489 1015 2520 eqo
1042 2480 1230 2519 exaudiam,-
1247 2480 1348 2511 adhuc
1369 2482 1428 2513 illis
1440 2483 1486 2512 lo-

782 2527 943 2567 quentibus
957 2536 1010 2566 eqo
1024 2526 1164 2557 audiam.
1179 2525 1262 2556 Sunt
1275 2526 1309 2556 et
1323 2525 1403 2564 alia,
1414 2534 1486 2564 quae

783 2581 857 2603 cum
871 2572 1001 2610 desunt,
1018 2580 1036 2602 a
1057 2573 1126 2602 Deo
1147 2571 1282 2608 dantur,
1299 2570 1332 2600 et
1352 2572 1488 2609 possunt

784 2626 852 2650 esse
877 2619 930 2650 vel
958 2625 1023 2649 non
1053 2625 1124 2649 esse
1149 2615 1327 2647 secundum
1359 2616 1464 2648 Deum
1479 2639 1488 2656 ‚
