1830 3073
318 222 353 247 ns
783 225 1301 259 s.RnRNARmAnBAsz

313 279 390 310 ergo
413 272 556 315 macula,
579 273 654 306 inde
669 276 854 308 maledictio
876 286 894 307 a
915 277 1009 307 labiis
1045 279 1237 316 pestiferum
1258 283 1347 314 virus
1356 305 1366 321 ,
1389 290 1426 315 ac
1446 283 1600 326 deinceps
1623 295 1737 328 corpus

312 316 397 356 suis,
411 317 468 349 sed
481 326 546 350 non
560 328 689 360 semper
703 329 721 351 a
736 323 886 360 propriis,
898 322 1007 360 Neque

312 362 401 393 enim
415 363 455 393 de
476 372 608 404 corpore
622 367 674 396 vel
690 367 783 397 corde
799 366 928 405 proprio
943 367 1008 397 ori-

310 407 428 446 ginalis
440 409 476 440 in
488 412 660 449 parvulum
673 412 768 450 culpa
780 412 927 450 procedit
939 414 1005 451 ‚cui

308 460 375 484 non
387 455 482 486 modo
497 464 686 494 consensus,
702 457 758 487 sed
775 465 815 487 ne
832 458 918 488 ullus
932 459 1006 496 qui-

308 496 383 528 dem
398 499 528 530 interim
541 502 645 539 potest
655 509 767 531 sensus
782 510 851 533 esse
866 504 1003 541 peccati.

307 543 472 581 Quomodo
496 547 604 575 tamen
631 546 841 578 maledictum
868 556 886 577 a
910 549 1004 580 labiis

306 590 374 620 suis
384 599 447 620 non
458 591 573 621 liberat
586 591 724 629 Spiritus
733 614 742 630 ,
755 594 811 623 aut
822 594 1002 625 voluntarie

304 636 515 673 peccantibus
532 644 597 666 non
609 637 803 676 relinquitur
812 639 926 677 hostia;
938 641 1002 671 nisi

305 681 381 718 quia
393 689 454 710 non
463 682 512 710 illi
522 682 626 712 denuo
639 684 837 722 crucifigitur
846 685 1001 724 Christus,

304 732 366 754 nec
390 725 625 762 complantatur
649 727 767 758 iterum
792 729 1000 760 similitudini

303 770 416 800 mortis
440 771 510 808 ejus
538 780 596 810 per
624 772 820 811 baptismum
834 774 847 805 ἓ
870 777 1000 815 Propria

301 815 367 851 jam
385 816 428 845 ab
444 824 483 846 eo
505 816 718 856 lacrymarum
736 820 821 850 unda
836 821 999 860 exigitur,

300 862 463 899 propriam
474 862 617 900 bajulare
627 872 767 902 crucem,
777 867 908 905 propria
916 876 1000 897 mor-

300 906 423 937 tificare
434 909 596 947 membra,
609 911 643 940 et
654 912 815 949 propriam
831 913 997 944 immolare

301 951 440 982 hostiam
460 962 591 985 necesse
609 957 668 986 est.
694 957 770 988 Sine
787 966 882 989 causa
902 959 998 990 aliter

299 996 423 1029 diceret
436 1021 446 1037 ‚
459 1001 571 1030 Credo.
585 1002 725 1040 Propriis
735 1003 830 1034 labiis
845 1005 997 1043 expietur

298 1045 427 1080 oportet
449 1046 653 1084 propriorum
682 1049 867 1079 maledictio
894 1050 997 1080 labio-

297 1096 382 1118 rum.
402 1091 463 1120 Per
478 1092 598 1122 multas
613 1093 701 1122 enim
716 1094 943 1125 tribulationes
962 1096 995 1125 in

295 1142 431 1172 regnum
443 1137 502 1166 Dei
514 1137 634 1167 intrare
644 1147 775 1169 necesse
786 1141 845 1177 est3
860 1141 891 1170 et
901 1149 995 1171 nemo

294 1180 360 1209 nisi
384 1190 446 1219 per
466 1182 695 1214 tribulationes
719 1185 917 1224 ingreditur,
939 1188 996 1218 aut.

294 1229 461 1267 proprias,
477 1230 533 1259 aut
547 1231 681 1261 alienas.

334 1274 367 1303 5.
386 1274 459 1304 Sola
474 1276 630 1307 nimirum
649 1278 782 1308 secundi
800 1278 874 1309 Adae
888 1279 994 1309 tribu-

294 1317 373 1348 latio
384 1322 513 1359 purgat,
525 1331 605 1359 quos
618 1323 850 1353 contaminavit
861 1325 993 1355 offensio

293 1365 362 1393 sola
376 1366 503 1402 prioris.
519 1368 586 1397 Non
598 1369 683 1406 quod
697 1369 827 1407 propria
842 1370 992 1408 cuiquam

294 1409 443 1440 sufficere
468 1413 570 1449 possit
588 1413 776 1444 satisfactio.
797 1414 882 1451 Quid
905 1415 991 1445 enim

293 1455 344 1485 est
372 1457 522 1487 universa
550 1459 744 1496 poenitentia
771 1461 878 1489 nostra
894 1481 904 1497 ,
927 1461 991 1491 nisi

291 1501 378 1538 quod
391 1503 418 1532 si
440 1511 505 1533 non
527 1504 758 1542 compatimur,
774 1504 905 1534 omnino
927 1513 991 1535 non

290 1554 458 1582 possumus
482 1549 702 1587 conregnare?
726 1550 818 1587 Quod
843 1550 931 1579 enim
956 1551 990 1581 in

291 1592 385 1621 nobis
400 1594 506 1623 minus
522 1596 581 1632 est,
595 1595 663 1632 ipse
675 1595 816 1633 supplet.
830 1596 989 1625 Modicum

291 1637 401 1667 tamen
417 1639 515 1677 illud,
526 1640 750 1679 quodcumque
763 1641 909 1670 nostrum
922 1642 988 1679 est,

290 1688 355 1710 non
369 1683 491 1720 patitur
505 1685 678 1714 reservari.
697 1685 788 1722 Quod
802 1686 828 1715 si
845 1685 920 1715 fidei
937 1695 990 1716 co-

289 1727 448 1758 liaerentia
462 1728 531 1759 sine
547 1738 672 1760 morum
688 1731 912 1761 conformitate
930 1740 990 1762 ne·

290 1782 451 1811 quaquam
474 1776 578 1805 salvat
599 1776 744 1814 adultos,
766 1777 860 1814 longe
881 1777 989 1807 minus

289 1818 414 1848 salvare
434 1820 586 1857 poterunt
606 1829 704 1858 opera
717 1821 787 1851 sine
809 1821 883 1851 fide.
901 1823 990 1852 Faci—

290 1863 355 1893 lius
377 1864 466 1894 enim
485 1866 668 1896 membrum
690 1866 852 1897 inhaerens
868 1868 987 1906 capiti,

288 1909 315 1938 si
331 1909 474 1940 deforme
486 1912 546 1948 est,
559 1911 762 1950 reformatur,
775 1921 871 1950 quam
883 1913 989 1944 divul-

287 1963 378 1993 sum,
401 1957 581 1994 quamlibet
602 1957 726 1996 simile,
747 1959 926 1996 copulatur.
949 1960 988 1989 Et

288 2000 393 2038 ipsum
407 2002 514 2031 tamen
525 2002 611 2041 quod
621 2003 765 2033 deforme
776 2004 836 2041 est,
850 2005 904 2033 aut
914 2012 989 2033 con-

288 2045 390 2075 forme
409 2046 480 2076 fieri
498 2048 631 2086 imagini
651 2049 725 2077 Filii
743 2048 793 2077 sui
817 2049 849 2078 et
872 2050 987 2087 capitis

288 2091 338 2121 sui
349 2113 358 2129 ,
374 2093 429 2122 aut
445 2093 533 2123 certe
553 2094 685 2123 tandem
702 2095 800 2124 avelli
819 2095 858 2124 ab
876 2103 913 2125 eo
928 2104 989 2126 ne-

288 2144 377 2165 cesse
393 2138 460 2175 est,
477 2139 509 2168 et
523 2140 695 2168 anathema
715 2148 784 2170 esse
803 2148 821 2169 a
836 2140 961 2171 Christo
975 2150 985 2172 ε

287 2188 329 2211 ne
349 2182 383 2210 in
398 2182 453 2211 illa
468 2184 672 2220 plenitudine
689 2185 830 2223 corporis
851 2186 920 2223 ejus
935 2187 989 2216 in—

287 2226 438 2256 veniatur
454 2228 621 2266 quippiam
636 2229 838 2261 indecorum.

328 2269 359 2301 lt.
376 2272 438 2301 L'bi
461 2282 535 2310 ergo
551 2275 676 2304 macula
692 2276 840 2313 propria,
856 2277 985 2315 propria

285 2325 416 2355 quoque
437 2320 584 2357 purgatio
603 2320 675 2356 Jure
692 2321 870 2358 requiritur
886 2330 894 2350 :
913 2324 946 2352 et
959 2323 985 2352 si

285 2362 517 2393 contaminatio
530 2364 702 2402 multiplex
713 2387 722 2402 ,
735 2373 814 2402 opus
827 2367 875 2396 est
887 2366 984 2396 etiam

284 2407 496 2437 tribulatione
511 2409 699 2447 multiplici.
716 2409 806 2439 Unde
823 2410 909 2440 enim
928 2412 987 2440 tri-

286 2452 426 2489 iiulatio;
454 2452 517 2482 nisi
534 2453 610 2483 (lum
638 2454 800 2483 resistitur
828 2457 985 2485 contami-

284 2496 408 2526 nationi
423 2519 432 2536 ,
459 2497 730 2536 concupiscentiae
760 2501 986 2537 repugnatur?

286 2540 370 2578 Quid
383 2549 460 2572 vero
471 2542 506 2572 in
517 2543 646 2573 homine
660 2551 778 2581 purum
794 2545 833 2573 ab
848 2545 906 2574 hac
918 2553 986 2575 ma·

289 2585 378 2623 cula,
398 2586 540 2618 immune
556 2588 595 2618 ab
621 2588 681 2618 hoc
698 2590 843 2628 contagio
864 2591 985 2628 poterit

1043 326 1177 363 occupat
1189 327 1377 360 universum
1391 338 1399 360 z
1413 331 1556 362 tuentem
1568 332 1737 373 desideriis

1042 368 1165 409 afficit,
1177 372 1321 403 membra
1339 374 1502 406 illecebris
1518 377 1634 409 inficit.
1656 378 1737 408 Inde

1041 415 1183 451 pruritus
1197 418 1323 457 aurium
1335 441 1344 457 ‚
1361 422 1524 451 oculorum
1539 424 1736 461 petulantia3

1042 458 1115 488 inde
1128 460 1299 492 olfaciendi
1314 465 1460 503 voluptas
1469 488 1478 504 ,
1493 467 1570 497 inde
1583 468 1618 498 in
1633 468 1738 498 fauci-

1039 503 1099 534 bus
1114 506 1180 536 tam
1195 507 1377 540 inordinata
1393 511 1584 550 delectatio,
1599 514 1674 542 inde
1700 512 1734 542 in

1039 550 1189 582 universo
1204 561 1336 591 corpore
1351 555 1500 586 mollitiei
1510 565 1636 595 sensus,
1649 557 1682 587 et
1695 557 1736 586 li-

1038 593 1111 624 bido
1127 597 1306 634 perniciosa
1320 599 1494 638 tangendi3
1510 601 1585 631 inde
1602 603 1688 632 intus
1700 602 1734 631 in

1037 641 1143 671 anima
1168 643 1308 674 ebrietas
1336 645 1394 674 illa
1419 645 1654 676 desideriorum
1667 670 1677 686 ‚
1699 648 1734 678 et

1037 684 1151 716 fornax
1169 689 1314 726 quaedam
1326 711 1336 728 ,
1351 690 1556 730 ambitionis,
1572 693 1734 731 avaritiae,

1036 729 1167 762 invidiae
1177 755 1186 770 ,
1199 735 1422 774 contumaciae,
1436 737 1610 775 nequitiae,
1624 738 1657 767 et
1668 745 1735 768 om-

1035 775 1126 805 nium
1137 777 1277 816 denique
1287 780 1441 810 vitiorum
1452 781 1622 812 affectibus
1632 783 1734 812 vehe-

1035 822 1162 852 menter
1173 831 1319 855 accensa.
1334 826 1417 863 Quot
1433 827 1520 856 enim
1535 835 1650 866 corpus
1661 828 1733 858 ille-

1035 867 1163 906 cebras,
1179 871 1256 907 quot
1271 870 1509 902 oblectamenta
1523 873 1663 902 mundus
1672 873 1732 902 ba-

1033 911 1110 943 bere
1126 914 1257 944 videtur
1270 924 1278 953 ;
1292 916 1339 946 tot
1353 917 1476 954 patitur
1490 918 1730 956 tribulationes,

1032 958 1079 988 tot
1100 961 1238 990 sustinet
1266 962 1461 993 tentationes
1485 963 1536 993 vir
1555 963 1671 1000 Justus.
1692 964 1732 994 Et

1031 1005 1302 1041 quemadmodum
1313 1008 1482 1037 ambulans
1493 1008 1607 1046 quisin
1619 1016 1728 1047 carne,

1031 1056 1182 1079 sensuum
1197 1051 1363 1089 voluptate
1380 1052 1563 1082 delectatur
1574 1074 1584 1091 ,
1600 1053 1632 1082 et
1646 1052 1730 1082 deli-

1031 1093 1096 1123 cias
1111 1096 1276 1133 computat
1289 1104 1358 1125 esse
1374 1097 1434 1126 sub
1450 1097 1594 1126 sentibus
1608 1106 1617 1126 :
1634 1097 1680 1127 sic
1695 1098 1728 1127 et

1031 1139 1134 1169 omnis
1142 1141 1197 1178 qui
1210 1141 1244 1169 in
1256 1140 1373 1179 spiritu
1382 1142 1542 1172 seminare
1555 1142 1728 1181 desiderat,

1030 1184 1138 1222 spinas
1153 1186 1185 1215 et
1201 1186 1339 1216 tribulos
1351 1195 1430 1225 quos
1442 1186 1573 1226 propria
1586 1187 1673 1217 terra
1683 1196 1727 1217 ex

1030 1231 1202 1261 maledicto
1223 1232 1336 1270 utique
1350 1233 1526 1271 germinat,
1539 1233 1649 1271 potius
1659 1241 1728 1262 era-

1029 1275 1137 1306 dicare
1149 1298 1160 1313 ,
1191 1285 1288 1315 quam
1320 1286 1497 1316 propagare
1525 1278 1693 1308 contendit
1713 1287 1724 1307 z

1027 1319 1147 1357 quippe
1159 1322 1214 1359 qui
1227 1322 1427 1351 convertitur
1442 1322 1475 1351 in
1490 1330 1634 1352 aerumna
1648 1331 1703 1353 sua
1714 1345 1725 1361 ,

1027 1366 1153 1402 quoties
1168 1366 1338 1404 configitur
1352 1368 1458 1404 spina.

1067 1411 1097 1439 5.
1114 1411 1198 1441 Huic
1214 1419 1288 1449 ergo
1299 1411 1365 1441 tam
1375 1411 1562 1442 multifariae
1572 1412 1656 1451 pesti
1666 1421 1726 1452 per

1027 1455 1151 1494 singula
1165 1465 1301 1495 quaeque
1317 1457 1489 1496 resistere,
1504 1466 1602 1496 quam
1615 1459 1726 1489 multi-

1026 1502 1105 1538 plex
1127 1502 1314 1532 tribulatio?
1328 1503 1353 1532 A
1377 1504 1487 1541 planta
1507 1500 1602 1542 ‘pedis
1621 1512 1725 1542 usque

1026 1546 1066 1575 ad
1083 1547 1240 1577 verticem
1254 1555 1319 1577 non
1334 1549 1383 1577 est
1398 1548 1432 1578 in
1446 1557 1499 1578 me
1515 1549 1645 1579 sanitas.
1662 1550 1724 1580 To-

1026 1591 1094 1620 tum
1111 1592 1224 1622 infecit
1239 1593 1519 1632 concupiscentia,
1531 1595 1587 1624 lex
1598 1595 1723 1633 peccati

1026 1636 1057 1665 in
1067 1638 1221 1667 membris
1230 1639 1379 1669 omnibus
1386 1640 1564 1670 invenitur.
1573 1640 1723 1679 Undique

1024 1690 1082 1719 per
1097 1682 1256 1712 fenestras
1267 1691 1352 1714 mors
1364 1684 1487 1714 intrare
1500 1685 1677 1723 contendit,
1690 1686 1723 1715 et
1764 1693 1769 1696 ·

1023 1727 1111 1757 intus
1122 1728 1223 1758 fomes
1234 1729 1334 1759 totius
1344 1730 1499 1767 nequitiae
1510 1730 1723 1768 periculosius

1023 1773 1128 1810 saevit,
1142 1773 1304 1803 crudelius
1314 1774 1519 1812 malignatur.
1532 1774 1663 1804 Minime
1674 1776 1722 1805 ta-

1023 1826 1099 1847 men
1115 1819 1149 1848 in
1169 1818 1229 1848 hac
1248 1820 1315 1848 tam
1337 1819 1513 1857 multiplici
1533 1820 1620 1849 lucta
1640 1819 1722 1849 defi-

1024 1864 1195 1902 cIendum,
1211 1866 1268 1894 aut
1289 1865 1515 1903 desperatione
1537 1865 1720 1895 cedendum

1024 1911 1082 1940 est.
1099 1909 1190 1939 Licet
1205 1909 1293 1939 enim
1312 1910 1478 1939 abundent
1491 1909 1720 1939 tribulationes

1022 1966 1079 1996 pro
1099 1957 1240 1995 Christo,
1256 1957 1313 1987 sed
1336 1957 1500 1987 abundant
1520 1958 1553 1987 et
1577 1957 1722 1987 consola-

1022 2003 1126 2033 tiones
1142 2011 1200 2041 per
1218 2003 1336 2041 ipsum.
1353 2003 1502 2041 Denique
1516 2003 1593 2032 audi
1609 2011 1721 2033 conso-

1022 2048 1188 2078 lationem.
1201 2049 1372 2078 Peccatum
1384 2049 1418 2077 in
1431 2048 1554 2078 foribus
1570 2049 1618 2078 cst
1631 2057 1640 2078 ε
1654 2048 1719 2078 nisi

1022 2093 1091 2132 ipse
1103 2093 1228 2132 aperias
1238 2115 1247 2132 ,
1259 2101 1324 2123 non
1335 2093 1481 2124 intrabit.
1499 2093 1670 2132 Appetitas
1681 2093 1715 2123 in

1022 2140 1117 2169 corde
1130 2139 1246 2177 prurit,
1259 2139 1315 2169 sed
1331 2139 1390 2169 sub
1406 2140 1438 2170 te
1451 2140 1519 2169 est:
1531 2139 1594 2169 nisi
1606 2139 1718 2177 sponte

1023 2185 1175 2223 cesseris,
1196 2185 1244 2214 nil
1258 2185 1402 2215 nocebit.
1423 2185 1506 2215 Audi
1528 2184 1719 2214 consolatio—

1021 2240 1108 2260 nem.
1120 2232 1316 2260 consensum
1328 2230 1456 2268 cohibe,
1469 2238 1510 2259 ne
1521 2230 1719 2268 praevaleant

1021 2276 1088 2305 haec
1102 2285 1110 2313 3
1125 2276 1156 2305 et
1168 2276 1394 2306 immaculatus
1411 2275 1496 2313 eris,
1510 2276 1547 2305 ut
1561 2275 1632 2304 sine
1648 2282 1718 2304 ma-

1021 2321 1092 2350 cula
1107 2320 1300 2358 ingrediaris
1315 2322 1348 2351 et
1362 2321 1431 2359 ipse
1449 2321 1490 2351 ad
1505 2320 1718 2350 habitandum

1021 2366 1054 2394 in
1079 2366 1307 2404 tabernaculo,
1333 2366 1366 2396 et
1390 2366 1663 2405 requiescendum
1681 2366 1717 2395 in

1020 2411 1129 2441 monte
1147 2413 1254 2441 sancto
1269 2412 1399 2441 Domini
1416 2412 1476 2441 Dei
1496 2412 1559 2441 tui.
1571 2411 1611 2440 ‘Si
1629 2411 1716 2441 enim

1020 2456 1068 2486 tui
1089 2464 1153 2486 non
1175 2456 1296 2488 fuerint
1316 2456 1494 2495 dominati,
1508 2458 1586 2487 tunc
1600 2457 1718 2486 imma-

1020 2502 1144 2532 culatus
1163 2502 1226 2532 eris
1238 2524 1248 2539 ,
1265 2503 1298 2532 et
1313 2501 1541 2533 emundaberis
1556 2509 1574 2530 a
1594 2501 1714 2533 delicto

1019 2547 1173 2578 maximo.
1205 2548 1382 2578 Maximum
1412 2548 1507 2586 plane
1536 2546 1712 2586 delictum,

1019 2592 1102 2630 quod
1129 2592 1318 2622 interiorem
1345 2593 1378 2622 et
1396 2590 1591 2622 exteriorem
1609 2590 1717 2622 bomi-

286 2631 447 2663 iareniri?
466 2632 512 2663 Ab
525 2633 611 2665 intus
624 2635 744 2673 manat,
758 2635 796 2665 de
809 2636 902 2666 corde
916 2636 984 2667 exit
1019 2646 1093 2668 nom
1121 2638 1256 2676 occupat
1276 2637 1476 2667 universum.
1502 2635 1583 2667 Audi
1607 2636 1714 2668 adhuc
