1846 3078
307 256 368 290 '1⁴04
771 263 800 291 S.
830 260 1066 290 BERNARDI
1091 261 1282 291 ABBATIS

306 316 349 347 sit
370 314 536 355 Unigeniti
550 316 657 356 locus,
680 312 717 346 111
731 324 795 355 quo
814 314 919 345 omnis
935 314 1005 351 ejus
1037 315 1172 353 petitio,
1187 325 1251 346 non
1263 317 1443 349 necessaria
1459 318 1602 358 :quippe
1614 318 1736 350 donan-

305 362 787 402 injuriapropulsatavideatur.
801 361 917 391 Sedeat
928 368 1005 390 sane
1037 360 1079 390 tis
1099 370 1173 391 cum
1189 363 1302 400 Patre,
1321 364 1479 403 quicquid
1497 373 1514 394 a
1529 365 1624 396 Patre
1645 373 1738 396 acce-

302 407 415 446 Juxta,
443 416 508 438 non
534 408 637 445 iufra,
660 409 697 437 ut
714 414 826 436 omnes
851 405 1006 436 honorifi-
1037 406 1135 443 perit.

305 454 381 484 cent
395 454 529 492 Filium,
545 451 1003 484 sicuthonorificantPatrem.
1074 451 1106 482 ll.
1128 453 1190 482 Ubi
1215 453 1248 483 et
1270 454 1331 483 hoc
1357 454 1550 493 dicendum,
1572 457 1650 495 quia
1671 466 1739 490 non

302 499 341 530 ln
358 493 418 529 hoc
440 498 608 538 apparebit
623 496 803 534 majestatis
818 496 1004 535 aequalitas,
1036 497 1139 527 solum
1164 499 1259 528 Pater
1285 499 1439 529 clarificat
1458 501 1595 540 Filium,
1622 503 1677 532 sed
1704 505 1740 535 et

302 545 331 576 si
344 554 405 575 nec
432 545 621 575 inferiorem
642 543 753 580 Patre,
769 551 831 572 nec
846 542 1022 580 posterio-
1037 543 1134 573 Filius
1151 544 1308 575 clarificat
1330 546 1482 575 Patrem:
1498 555 1539 576 ne
1554 549 1627 585 quis
1648 549 1739 580 dicat

301 598 373 621 rem
387 589 584 629 suspexeris.
608 588 648 617 At
676 587 738 617 ista
766 588 898 617 interim
918 584 1021 617 nihil
1035 589 1153 619 Filium
1188 590 1348 620 minorem
1375 592 1486 630 Patre,
1515 593 1607 630 quasi
1635 595 1693 632 qui
1718 603 1737 624 a

301 636 419 667 horum
434 635 598 665 advertit:
615 633 672 663 sed
699 633 792 671 quasi
818 633 909 663 ebria
937 642 1021 675 prae
1034 634 1126 664 Patre
1148 635 1367 674 clarificetur,
1383 645 1457 666 cum
1479 637 1512 666 et
1535 637 1603 675 ipse
1619 639 1738 668 clarifi-

301 690 411 713 amore
426 683 485 711 hac
512 680 649 717 illacque
670 679 872 717 discurrens,
888 679 1005 717 quaerit
1033 680 1083 709 cet
1099 681 1242 719 Patrem,
1257 682 1385 712 dicente
1401 682 1504 712 Filio·
1497 704 1504 711 .
1521 684 1629 721 Pater,
1642 684 1738 714 clari-

301 729 422 764 oculis,
439 734 535 764 quem
549 725 616 762 jam
631 725 743 755 oculus
754 733 818 755 non
834 725 1003 762 contingit,
1019 726 1088 762 'fica
1109 728 1212 757 Flium
1230 730 1337 765 ἰιιιιιη,
1360 730 1393 758 ut
1414 729 1513 759 Filius
1531 730 1600 759 tuus
1623 730 1738 767 clarifi-

300 774 358 806 sed
369 773 458 803 fides.
475 773 543 802 Non
559 771 646 801 enim
660 771 826 807 existimat
841 771 1003 800 Christum
1018 769 1020 782 ¹
1033 773 1076 802 cet
1097 774 1134 802 te.
1151 772 1215 802 Sed
1236 773 1319 803 forte
1336 774 1440 803 adhuc
1468 774 1736 805 summittendum

299 819 397 849 aliter
410 817 559 856 oportere
570 816 712 846 intrare
704 824 739 845 111
752 816 887 854 gloriam
899 823 1002 853 suam,
1018 802 1021 827 ¹
1034 819 1128 855 putes
1142 819 1279 856 Filium,
1303 820 1390 858 quod
1405 820 1497 858 quasi
1513 821 1669 859 inglorius
1685 821 1738 851 vi-

298 865 363 896 nisi
380 864 472 903 prius
494 862 745 893 resurrectionis
770 862 871 900 gloria
896 862 1020 899 palam
1033 863 1148 892 deatur
1177 872 1194 893 3
1221 865 1316 894 Patre
1348 865 1497 902 recipere
1527 866 1734 903 claritatem,

297 910 417 941 mundo
434 908 657 939 innotescente
678 907 868 937 confutetur
884 907 1003 944 impie-
1018 933 1019 965 1
1032 916 1127 945 quam
1143 909 1274 939 demum
1283 910 1368 939 Patri
1383 909 1546 939 refundat.
1563 911 1645 940 Audi
1659 911 1735 949 quia

296 957 365 993 tas,
381 954 548 985 exsultent
563 952 696 990 fideles,
711 952 890 990 glorientur
905 952 1004 982 disci-
1032 961 1096 983 non
1112 954 1160 984 est
1176 954 1233 984 ita.
1247 956 1391 992 Clarifica
1403 964 1469 991 me,
1488 956 1611 994 inquit,
1625 958 1733 994 Pater,

297 1001 368 1039 puli
380 1023 390 1038 ‚
406 999 517 1039 populi
534 999 782 1036 convertantur,
807 992 1019 1042 demumque·
1031 1000 1170 1031 claritate
1182 1009 1274 1039 quam
1285 1000 1397 1037 habui,
1410 1001 1590 1039 priusquam
1603 1003 1736 1031 mundus

297 1047 338 1076 ab
353 1046 514 1076 universis
530 1044 729 1083 glorificetur
756 1044 846 1082 ipse,
869 1052 942 1073 cum
959 1050 1019 1073 ex
1029 1045 1133 1081 fieret,
1165 1046 1246 1084 apud
1274 1048 1312 1075 te.
1339 1046 1373 1075 Si
1398 1054 1473 1083 ergo
1503 1046 1630 1076 claritas
1658 1047 1735 1076 Filii

297 1092 472 1131 praesentia
486 1090 686 1129 resurgentis
702 1090 828 1120 cunctis
850 1087 1019 1120 claruerit
1033 1090 1192 1127 posterior
1227 1098 1292 1120 non
1336 1091 1401 1128 est,
1438 1090 1550 1128 utpote
1586 1099 1657 1128 quae
1693 1091 1733 1120 ab

297 1138 420 1168 zeritas
436 1136 654 1175 praedicentiS.
677 1136 829 1173 Falleris,
841 1144 858 1165 ο
873 1144 1000 1173 sponsa.
1017 1128 1151 1165 aeterno
1168 1136 1236 1165 est:
1256 1144 1298 1166 ex
1314 1144 1405 1174 aequo
1427 1144 1461 1165 se
1481 1136 1657 1165 clarificant
1672 1137 1734 1165 Pa-

297 1184 432 1222 oportet
447 1182 580 1222 quidem
596 1182 665 1211 haec
687 1181 777 1220 fieri,
789 1181 846 1212 sed
862 1181 896 1211 in
917 1183 1018 1223 tem-
1016 1167 1080 1209 ter
1097 1183 1130 1211 et
1155 1182 1269 1210 Filius,
1294 1182 1330 1210 Et
1346 1181 1373 1210 si
1400 1181 1445 1211 ita
1467 1182 1534 1218 est,
1559 1182 1614 1210 ubi
1631 1182 1734 1211 Patris

297 1238 391 1269 pore.
1016 1225 1211 1286 'primatus't'
1225 1227 1398 1264 Equaliias
1419 1226 1564 1264 profecto
1585 1226 1649 1263 est,
1673 1227 1733 1255 ubi

363 1275 482 1304 ‚Nunc
497 1281 575 1303 vero
591 1272 722 1302 interim
739 1271 835 1310 wide,
849 1280 892 1302 ne
918 1271 1001 1302 forte
1032 1272 1236 1301 coaeternitas
1252 1273 1311 1301 est.
1329 1272 1365 1300 Et
1383 1280 1484 1309 usque
1501 1271 1581 1301 adeo
1599 1272 1735 1309 aequali-

297 1321 483 1359 iddignum
499 1319 601 1356 magis
617 1319 650 1348 et
662 1327 809 1356 supernae
833 1319 1003 1347 consenta-
1032 1318 1099 1354 tas,
1133 1317 1169 1347 ut
1204 1326 1268 1346 una
1297 1317 1338 1346 sit
1375 1317 1503 1346 claritas
1537 1317 1705 1346 amborum
1721 1338 1732 1356 ,

295 1365 542 1403 neumJ‘ustitiae
558 1364 614 1401 sit,
628 1365 654 1393 si
672 1372 735 1393 non
748 1363 843 1393 detur
854 1364 1001 1393 sanctum
1032 1363 1115 1393 sicut
1133 1363 1195 1401 ipsi
1212 1372 1313 1393 unum
1330 1364 1416 1392 sunt.
1433 1362 1524 1392 Lude
1539 1363 1621 1392 mibi
1640 1363 1734 1393 vidc-

297 1411 455 1448 canibus,
483 1411 517 1439 et
538 1409 719 1447 margaritae
741 1409 872 1447 porcis:
891 1409 917 1438 si
943 1397 1083 1468 po-Imr
1110 1409 1246 1439 dicendo
1275 1418 1421 1447 rursum,
1453 1411 1566 1445 Pater,
1597 1409 1732 1446 clarifica

296 1456 382 1492 tius,
412 1455 591 1486 secundum
621 1455 848 1492 Scripturam,
868 1455 1017 1484 tollatur
1031 1464 1141 1484 nomen
1171 1457 1281 1492 tuum,
1303 1463 1367 1484 non
1389 1463 1465 1484 sane
1488 1454 1578 1484 aliud
1600 1454 1732 1492 petere,

295 1499 619 1538 impius,nevideat
644 1499 778 1536 gloriam
794 1499 876 1535 Dei3
894 1498 920 1528 si
936 1507 1126 1538 non3quam
1155 1509 1188 1530 se
1216 1501 1405 1538 clarificari,
1435 1501 1469 1529 in
1499 1508 1580 1538 quo,
1610 1501 1644 1529 et
1671 1509 1733 1538 per

295 1545 467 1575 fraudetur
486 1544 564 1574 fides
584 1543 700 1573 merito
713 1566 721 1580 ,
738 1552 809 1581 quae
825 1545 902 1573 tunc
923 1552 1000 1573 sane
1014 1541 1018 1602 i
1030 1553 1126 1582 quem
1138 1553 1257 1574 nomen
1272 1546 1374 1575 Patris
1389 1545 1602 1583 proculdubio
1615 1545 1734 1575 clarifi-

297 1591 467 1629 probatior
482 1598 551 1620 esse
567 1590 784 1628 dignoscitur,
807 1598 878 1622 cum
895 1590 1002 1620 credi-
1030 1592 1158 1620 caretur
1175 1592 1207 1620 et
1223 1599 1412 1629 responsum
1433 1590 1559 1627 accepit
1574 1598 1591 1619 3
1612 1591 1703 1620 Patre
1722 1599 1731 1620 :

294 1636 354 1666 tur
367 1635 453 1674 quod
476 1643 541 1665 uon
556 1635 688 1664 videtur
704 1644 711 1663 :
730 1635 755 1664 si
776 1643 878 1672 penes
897 1635 999 1673 ipsam
1032 1637 1071 1664 Et
1083 1637 1269 1673 clarificae-i,
1287 1638 1314 1665 et
1331 1637 1442 1665 iterum
1458 1635 1642 1672 clarificabo.
1655 1636 1733 1672 Quae

295 1683 446 1712 servetur
458 1682 582 1719 dignis,
594 1681 678 1718 quod
694 1681 877 1710 occultatur
894 1681 1000 1718 indig-
1030 1680 1161 1717 quidem
1176 1681 1243 1718 ipsa
1259 1681 1362 1710 Patris
1375 1680 1540 1718 responsio
1552 1689 1617 1710 non
1633 1689 1733 1718 parva

294 1727 1001 1767 nis3utquiinsordibus·suntsordescantacl-
1031 1725 1103 1754 Filii
1131 1726 1323 1764 glorificatio
1346 1726 1420 1756 fuit.
1445 1727 1605 1756 Caeterum
1631 1727 1734 1756 abun-

296 1774 372 1810 Imc,
387 1776 414 1804 et
430 1774 509 1811 justi
523 1773 730 1811 justificentur
746 1774 865 1811 magis,
886 1773 913 1802 si
936 1781 1001 1803 non
1031 1771 1160 1802 dantius
1175 1772 1214 1801 ad
1229 1772 1352 1802 fluenta
1367 1771 1532 1808 Jordanis,
1548 1771 1732 1809 augustius-

296 1819 472 1849 dormitent
488 1826 552 1856 prae
569 1818 678 1848 taedio.
695 1819 772 1847 Coeli
789 1820 821 1848 et
838 1819 911 1848 coeli
934 1827 1001 1848 coe-
1030 1825 1092 1855 que
1109 1818 1301 1848 clarificatus
1317 1818 1534 1856 dignoscitur,
1557 1818 1591 1847 et
1611 1817 1735 1847 ,1011311-

295 1865 403 1895 lorum
428 1864 595 1894 tabescant
625 1864 658 1893 et
694 1863 931 1894 confundantur
960 1864 1079 1915 ah'nis
1102 1864 1314 1902 testimonio,
1339 1865 1372 1894 et
1398 1864 1554 1893 columbae
1583 1863 1735 1901 designa-

297 1910 543 1949 exspectatione
575 1917 649 1947 sua,
676 1910 703 1940 si
732 1918 796 1939 non
818 1910 887 1947 ipse
906 1911 1000 1941 Pater
1013 1924 1018 2156 Ι
1032 1907 1119 1940 tione
1133 1932 1141 1948 ,
1160 1911 1193 1940 et
1207 1919 1286 1940 voce
1310 1910 1413 1940 Patris
1438 1909 1603 1939 dicentis:
1620 1911 1676 1939 Hic
1690 1911 1735 1940 est

297 1956 503 1995 omnipotens
518 1955 716 1993 diutiusjam
731 1955 1000 1986 frustretur-ade·
1031 1957 1127 1986 Filius
1151 1965 1236 1986 meus
1257 1957 1392 1986 dilectus.
1413 1955 1476 1985 Sed
1499 1956 1532 1985 et
1560 1955 1595 1984 iu
1622 1955 1733 1984 monte

295 2002 416 2032 siderio
432 2001 536 2031 cordis
550 2001 620 2030 sui:
637 2001 743 2031 sinon
767 2001 898 2032 demum
919 2002 1000 2032 L‘ni-
1030 2008 1136 2029 coram
1167 2000 1270 2030 tribus
1301 2000 1476 2038 Discipulis
1513 1999 1733 2029 nihilominus

296 2048 426 2085 genitus
449 2047 536 2076 ultra
562 2047 602 2075 ab
631 2046 768 2075 introitu
797 2047 908 2084 gloriae
934 2057 999 2079 suae
1031 2045 1347 2083 magnificentissime
1373 2045 1566 2074 clarificatus
1583 2045 1733 2082 est,tum

298 2092 407 2132 (quod
437 2092 491 2122 vel
513 2092 619 2121 solum
641 2091 901 2130 indignissimum
925 2092 996 2132 est)
1031 2099 1107 2120 voce
1117 2091 1229 2121 eadem
1242 2090 1394 2121 denuoad
1405 2099 1438 2120 se
1451 2090 1578 2120 coelitus
1589 2090 1732 2130 delapsa,

298 2139 502 2176 aliquatenus
529 2137 724 2167 retardetur.
757 2137 875 2175 Quanti
905 2141 998 2176 putas
1030 2138 1098 2166 tum
1126 2137 1208 2167 mira
1237 2137 1292 2167 illa
1318 2137 1505 2174 eximiaque
1526 2136 1732 2175 transfigura-

298 2183 485 2213 aestimanda
527 2183 569 2213 sit
603 2183 704 2221 gloria
739 2184 997 2222 quantacumque
1030 2184 1118 2213 tione
1135 2183 1277 2221 corporis
1299 2183 1349 2212 sui
1365 2204 1373 2219 ,
1389 2183 1457 2211 tum
1474 2181 1573 2211 etiam
1588 2182 1731 2219 Prophe-

297 2229 484 2258 mortalium
500 2251 508 2266 ,
523 2229 559 2258 ut
575 2228 614 2258 ab
633 2237 670 2258 ea
682 2251 691 2267 ,
704 2238 774 2268 quae
795 2237 812 2259 3
828 2230 920 2259 Patre
942 2238 997 2259 suo
1031 2230 1135 2257 tarum
1143 2227 1349 2257 attestatione
1366 2227 1521 2264 duorum,
1535 2226 1592 2264 qui
1608 2226 1731 2256 ibidem

297 2273 339 2304 ab
360 2274 480 2302 aeterno
495 2274 606 2310 parata
629 2275 694 2311 est,
717 2274 835 2304 debeat
851 2283 926 2304 eum
945 2276 995 2303 vel
1029 2274 1249 2312 apparuerunt
1265 2281 1337 2302 eum
1355 2280 1392 2302 eo
1408 2272 1590 2310 loquentes.

297 2319 340 2349 ad
354 2318 515 2348 modicum
533 2319 697 2350 retinere?
709 2320 797 2350 Adde
808 2320 894 2358 quod
908 2321 996 2349 nulla
1069 2320 1099 2349 5.
1124 2319 1279 2357 Superest
1294 2326 1368 2356 ergo
1383 2318 1419 2347 ut
1432 2317 1525 2354 juxta
1539 2317 1733 2354 promissum

297 2365 425 2395 ratione
440 2363 475 2392 in
490 2364 615 2401 longius
627 2366 773 2402 protrahi
786 2366 881 2396 decet
897 2366 998 2404 ipsius
1029 2365 1131 2395 Patris
1151 2365 1252 2394 semel
1268 2364 1373 2393 adhuc
1389 2362 1603 2400 clarificetur,
1629 2370 1732 2400 eaque

297 2411 373 2442 Filii
395 2409 600 2448 petitionem.
616 2411 717 2447 Quam
741 2412 846 2442 dicam
868 2413 998 2450 petitio-
1031 2412 1092 2441 erit
1115 2410 1284 2448 plenitudo
1312 2409 1422 2447 gloriae
1436 2430 1446 2446 ,
1475 2408 1529 2438 cui
1550 2416 1613 2437 non
1634 2410 1733 2445 queat

297 2465 375 2488 nem
387 2455 528 2495 quaeris?
544 2456 666 2493 Nempe
690 2458 778 2487 illam
789 2480 797 2495 ,
814 2466 877 2496 qua
893 2458 971 2488 dicit
989 2468 995 2487 :
1031 2457 1170 2496 amplius
1181 2456 1267 2486 addi.
1282 2455 1345 2485 Sed
1357 2455 1412 2485 ubi
1426 2455 1480 2484 illa
1490 2454 1619 2484 dabitur
1630 2453 1734 2483 bene-

297 2505 413 2539 Pater,
432 2501 567 2535 clarifica
587 2502 703 2531 Filium
725 2505 822 2532 tuum.
844 2504 935 2540 Quod
952 2505 999 2533 ta·
1031 2502 1148 2533 dictio?
1163 2503 1232 2532 Non
1249 2502 1354 2539 enim,
1369 2502 1406 2531 ut
1417 2501 1477 2530 ista
1493 2499 1655 2537 suspicata
1669 2500 1731 2537 est,

301 2557 378 2580 men
407 2555 481 2577 eum
508 2546 642 2586 petiisse
665 2549 842 2586 senserim,
869 2557 934 2578 non
963 2551 998 2579 ut
1032 2549 1066 2578 in
1085 2547 1203 2586 plateis
1224 2548 1277 2577 vel
1293 2546 1396 2584 vicis,
1413 2545 1476 2576 nisi
1498 2545 1581 2575 forte
1598 2544 1632 2573 in
1647 2543 1733 2582 illis,

299 2594 483 2633 supplicem
496 2614 505 2631 ,
527 2592 584 2623 sed
610 2592 648 2622 ut
672 2593 856 2632 praescium.
883 2594 998 2624 Libere
1033 2595 1072 2624 de
1088 2594 1206 2632 quibus
1221 2593 1362 2623 dicitur:
1379 2593 1494 2622 Plateae
1509 2592 1586 2626 tuae,
1601 2590 1731 2619 Jerusa-

298 2640 443 2678 petitur,
458 2638 545 2677 quod
567 2637 603 2668 in
617 2638 776 2676 potestate
792 2638 934 2676 petentis
949 2647 1001 2668 ac·
1033 2641 1090 2670 lem
1104 2661 1113 2677 ,
1128 2640 1303 2670 sternentur
1317 2646 1395 2668 auro
1406 2637 1518 2667 mundo
1531 2656 1542 2672 ,
1556 2636 1589 2671 etr
1593 2642 1650 2672 per
1665 2643 1732 2664 om-

300 2686 410 2724 cipcre
426 2685 486 2716 est.
504 2685 585 2724 Ergo
606 2684 837 2724 dispensatoria
860 2684 906 2715 est
926 2685 998 2714 Filii
1033 2694 1084 2716 nes
1100 2686 1180 2716 vicos
1193 2687 1260 2716 ticos
1274 2684 1398 2715 alleluia
1418 2681 1606 2714 cantabitur.
1622 2679 1658 2710 In
1679 2679 1731 2710 1115
