1810 3073
290 211 349 241 {5'4
757 216 790 245 S.
809 214 1043 244 BERNARm
1062 215 1255 247 Asnaus

288 268 452 300 Christum
475 268 510 301 in
535 277 632 302 came
655 270 850 310 venturum,
862 270 896 302 et
915 278 989 300 cum
1023 269 1060 300 ut
1071 270 1166 301 tantae
1180 281 1231 302 me
1246 272 1381 304 audeam
1394 273 1528 305 eredere
1540 273 1723 311 majestati?

289 312 358 352 ipso
383 323 508 353 pacem.
523 316 614 346 Unde
638 316 771 354 quidam
795 323 907 345 eorum
923 322 931 343 ε
948 315 991 344 Et
1023 315 1113 345 Unde
1126 337 1136 353 ,
1153 317 1303 355 inquam,
1322 319 1405 348 terra
1421 321 1454 349 et
1469 319 1549 349 cinis
1563 327 1721 356 praesumo

286 369 354 398 pax
378 362 448 397 erit,
464 360 589 399 inquit,
605 363 638 391 in
665 364 749 391 terra
773 363 898 397 nostra,
921 368 987 389 cum
1022 361 1125 390 Deum
1142 370 1251 391 curam
1268 363 1387 393 habere
1403 363 1488 394 mei?
1502 365 1547 394 Ad
1563 364 1630 394 haec
1646 364 1722 393 dili—

288 407 415 435 venerit.
442 406 541 435 lmmo
566 414 624 443 per
640 406 746 443 ipsum
771 405 831 434 Dei
855 404 1068 443 gratiamigit
1092 408 1220 437 Patrem
1248 417 1361 446 suum,
1377 418 1427 439 me
1452 418 1530 439 vero
1554 418 1632 448 opus
1655 417 1721 438 non

289 449 436 481 homines
451 452 698 489 recuperaturos
713 459 785 479 cum
806 450 892 479 omni
909 440 1007 479 fidu-i
1024 450 1121 482 habet
1136 474 1146 489 ,
1171 453 1330 482 bonorum
1362 463 1508 484 meorum
1540 463 1604 485 non
1635 456 1719 492 eget·

289 494 355 532 cia,
371 496 454 526 sicut
469 496 626 525 divinitus
651 496 859 533 acceperant,
872 495 1006 533 praedi-=
1022 497 1112 528 Unde
1125 506 1199 536 ergo
1215 499 1374 529 constabit
1387 500 1488 538 mihi,
1500 501 1585 538 quod
1599 500 1723 529 media—

288 541 415 571 cabant.
432 541 524 578 Quod
546 542 578 571 et
595 549 771 579 praecursor
795 541 924 570 Domini
939 541 991 571 Jo-
1021 544 1070 572 tor
1092 551 1183 573 meus
1200 543 1234 573 in
1250 545 1342 582 parte
1369 553 1572 583 nequaquam
1588 545 1648 575 sit?
1663 545 1723 574 Ta-

289 585 414 616 hannes
428 595 485 616 suo
501 588 646 624 tempore
663 587 835 625 impletum
848 587 989 626 agnovit,
1021 597 1098 619 men
1112 589 1140 619 si
1154 597 1251 627 vere,
1268 590 1304 619 ut
1324 589 1450 627 dicitis,
1466 589 1610 620 decrevit
1625 590 1723 619 mise-

287 633 321 662 et
345 633 512 670 perhibuit
529 640 536 661 :
553 634 682 670 Gratia,
709 633 879 672 inquiens,
896 633 1005 678 etue-1
1020 634 1085 664 reri
1109 635 1215 673 Deus,
1238 635 1421 673 cogitatque
1438 635 1473 664 ut
1501 635 1722 673 complacitior

287 679 364 706 ritus·
384 687 438 716 per
458 679 561 708 Jesum
591 679 746 709 Christum
771 680 854 718 sacta
879 679 991 709 esttet
1020 678 1062 709 sit
1077 679 1202 718 adhuc;
1225 681 1347 710 statuat
1369 681 1598 710 testamentum
1614 679 1722 717 pacis,

286 723 331 752 ita
346 732 460 753 verum
487 732 556 754 esse
572 725 676 755 omnis
690 733 777 755 nunc
792 724 990 756 Christianus
1004 720 1005 729 ¹
1021 724 1163 754 etfoedus
1173 726 1369 764 perpetuum
1377 725 1472 755 feriat
1483 725 1606 754 mihiin
1614 725 1722 754 osculo

286 769 424 806 populus
442 770 623 808 experitur.
1002 770 1084 813 voris
1106 771 1168 801 sui.
1185 771 1226 801 ct
1255 780 1326 809 quae
1350 771 1530 809 procedunt
1562 770 1601 800 de
1628 769 1722 800 labiis
1748 805 1753 807 ,

327 814 357 844 5.
374 815 532 845 Caeterum
547 816 613 845 illis
628 815 920 853 praenuntiantibus
934 816 1103 854 pa··suis‚
1124 824 1189 846 non
1209 816 1306 846 faciat
1334 817 1444 854 irrita3
1473 816 1639 846 exinaniat
1667 823 1721 852 se,

286 868 378 898 cem,
402 869 525 890 moram
555 862 665 891 autem
693 861 834 891 faciente
859 862 989 892 auctore
1021 861 1173 892 humiliet
1197 870 1249 900 se,
1264 862 1401 892 inclinet
1429 870 1481 900 56,
1497 863 1531 892 et
1556 861 1721 890 osculetur

285 907 394 944 pacis,
420 907 556 936 nutabat
581 906 694 944 populi
721 907 819 944 fides,
834 907 910 936 dum
926 915 989 937 non
1020 915 1071 936 me
1084 908 1192 938 osculo
1207 909 1270 938 oris
1285 908 1346 937 sui.
1360 909 1401 937 [t
1413 916 1454 937 ex
1469 915 1559 945 aequo
1574 906 1721 944 partibus

285 953 356 982 erat
379 952 435 990 qui
459 952 655 990 redimeret,
671 960 777 990 neque
793 952 848 990 qui
864 949 1200 1007 salvumjeongruens
1229 954 1391 983 mediator
1417 953 1526 983 neutri
1555 952 1722 990 suspectus

285 996 418 1027 faceret.
447 998 559 1035 Itaque
594 998 809 1027 causabantur
840 998 990 1027 homines
1020 997 1078 1035 sit,
1093 999 1179 1028 Deus
1194 1000 1295 1029 Filius
1306 999 1366 1029 Dei
1382 999 1437 1028 liat
1449 999 1561 1036 hom0,
1572 997 1721 1027 fiatsslius

285 1051 406 1080 moras,
422 1043 508 1081 quod
534 1043 590 1073 ille
607 1043 702 1073 toties
717 1043 884 1073 nuntiatus
911 1051 991 1072 nec-
1020 1043 1178 1081 hominis,
1204 1045 1237 1074 et
1262 1046 1386 1074 certum
1411 1052 1464 1073 me
1483 1044 1595 1073 reddat
1612 1043 1644 1071 in
1662 1043 1720 1072 hoc

285 1088 363 1118 dum
379 1089 507 1120 veniret
520 1089 673 1127 Princeps
684 1090 773 1127 pacis
783 1111 792 1127 ,
806 1089 888 1119 sicut
902 1089 990 1118 locu·
1004 1081 1006 1121 [
1021 1088 1128 1118 osculo
1144 1089 1208 1118 oris
1221 1089 1284 1118 sui.
1300 1090 1439 1119 Securus
1448 1089 1588 1126 suscipio
1599 1087 1721 1117 media-

284 1135 337 1164 tus
350 1135 454 1165 fuerat
468 1144 527 1174 per
542 1144 576 1166 os
597 1138 798 1174 sanctorum,
814 1135 869 1174 qui
889 1144 908 1165 a
934 1127 1005 1171 sae-J
1021 1134 1123 1164 torem
1148 1135 1209 1164 Dei
1239 1135 1373 1173 Filium,
1404 1143 1500 1173 quem
1527 1141 1662 1172 agnosco
1689 1133 1721 1163 et

286 1181 359 1210 culo
383 1183 474 1220 sunt,
500 1182 735 1220 Prophetarum
764 1182 834 1219 ejus
849 1191 857 1211 :
875 1183 909 1212 et
937 1191 1005 1212 511-1
1021 1188 1142 1210 111611111.
1158 1180 1292 1211 Minime
1305 1181 1401 1219 plane
1415 1180 1481 1217 jam
1497 1180 1578 1209 mihi
1591 1187 1723 1216 suspec—

285 1228 412 1265 spectas
427 1227 586 1258 habentes
600 1228 847 1266 promissiones,
863 1229 990 1267 signum
1004 1216 1006 1227 ³
1022 1227 1071 1256 tus
1093 1226 1177 1256 erit:
1195 1226 1295 1256 frater
1310 1227 1397 1256 enim
1414 1227 1447 1256 et
1471 1234 1543 1255 caro
1566 1233 1637 1254 mea
1659 1225 1719 1254 est.

285 1274 451 1310 promissae
466 1274 741 1304 reconciliationis
758 1273 859 1313 (quod
876 1275 925 1304 est
939 1283 991 1304 05-
1004 1266 1005 1283 ¹
1020 1272 1099 1301 Puto
1124 1272 1211 1302 enim
1234 1280 1386 1310 spernere
1402 1280 1454 1302 me
1468 1271 1534 1308 jam
1551 1279 1615 1300 non
1628 1271 1722 1308 pote-

286 1317 418 1358 culum)
442 1318 647 1357 flagitabant3
663 1320 729 1349 acsi
755 1319 878 1349 nuntiis
902 1320 991 1358 pacis
1003 1312 1006 1325 ’
1020 1318 1124 1355 rit,0s
1140 1318 1180 1348 de
1189 1318 1314 1348 ossibus
1325 1318 1418 1355 meis,
1435 1318 1468 1347 et
1482 1325 1555 1347 caro
1570 1316 1609 1346 de
1625 1324 1721 1346 carne

287 1372 371 1393 unus
386 1365 525 1403 quilibet
553 1365 593 1394 de
614 1366 733 1403 populo
758 1365 988 1403 responderet:
1004 1362 1006 1385 Ἴ
1021 1372 1104 1394 mea.

285 1409 457 1447 Quousque
481 1411 596 1440 tollitis
616 1411 739 1441 animas
767 1410 990 1441 nostrasHam
1060 1410 1151 1440 7.1ta
1168 1418 1242 1448 ergo
1271 1409 1364 1439 vetus
1384 1408 1517 1447 querela
1542 1414 1722 1437 sacrosanc-

287 1455 366 1483 olim
394 1455 570 1493 praedicitis
584 1464 718 1494 pacem,
735 1457 769 1486 et
792 1464 857 1486 nou
873 1456 964 1486 venit
980 1465 988 1485 :
1004 1483 1005 1494 ¹
1020 1455 1092 1485 tum
1107 1456 1269 1493 osculum,
1286 1455 1318 1484 id
1343 1455 1391 1484 est
1419 1453 1606 1484 incarnandi
1622 1452 1721 1482 Verbi

287 1500 477 1537 promittitis
506 1501 587 1530 bona
598 1523 608 1538 ,
639 1501 673 1531 61
703 1502 807 1531 adhuc
834 1502 987 1532 turbatio.
1020 1500 1210 1538 mysterium
1230 1522 1240 1538 ,
1268 1499 1437 1538 exigebat,
1463 1499 1540 1528 dum
1570 1498 1663 1535 longa
1688 1498 1722 1528 et

287 1546 368 1575 Ecce
385 1546 444 1576 hoc
473 1546 580 1584 ipsum
602 1547 989 1586 multifarie,multisque
1005 1583 1007 1588 A
1021 1546 1157 1576 molesta
1196 1545 1438 1584 exspectatione
1472 1543 1604 1581 fatigata
1642 1542 1722 1572 fides

288 1591 391 1621 modis
427 1593 459 1621 et
487 1591 600 1629 Angeli
628 1592 793 1631 patribus,
821 1592 855 1622 et
881 1594 989 1630 patres
1005 1618 1007 1637 4
1021 1591 1194 1629 deficeret,
1212 1592 1245 1620 et
1261 1590 1400 1620 infidelis
1415 1590 1554 1629 populus
1568 1589 1722 1619 adversus

286 1636 389 1666 nostri
418 1637 651 1666 annuntiarunt
679 1637 772 1667 nobis
785 1659 793 1675 ,
822 1637 967 1666 dicentes
979 1660 988 1675 ,
1020 1638 1175 1675 promissa
1186 1636 1246 1667 Dei
1258 1637 1365 1666 victus
1381 1635 1476 1666 taedio
1491 1635 1719 1664 murmuraret.

287 1683 377 1719 Par,
399 1691 488 1720 paoe3
506 1684 533 1712 et
548 1691 609 1712 uon
625 1684 757 1721 estpaae.
775 1682 806 1711 Si
823 1683 904 1712 mihi
921 1684 990 1714 vult
1005 1688 1007 1719 1
1020 1683 1215 1713 Adinventio
1239 1690 1311 1712 mea
1327 1682 1393 1718 est,
1409 1681 1435 1710 si
1461 1689 1526 1709 non
1548 1681 1608 1710 1106
1634 1680 1720 1710 1116111

287 1735 356 1756 6556
373 1735 563 1765 persuasum
578 1729 665 1758 Deus
678 1751 686 1766 ,
703 1728 788 1766 quod
803 1728 842 1758 de.
857 1737 922 1758 suae
935 1729 991 1758 be·
1005 1723 1007 1763 ξ
1021 1730 1054 1759 61
1069 1737 1125 1759 vos
1141 1728 1370 1766 recognoscitis
1385 1727 1424 1756 de
1440 1725 1625 1764 scripturis.
1642 1725 1720 1754 Inde

287 1773 449 1810 neplacito
465 1774 640 1804 voluntatis
653 1775 718 1803 tam
735 1774 847 1803 crebra
859 1774 925 1812 jam
941 1776 989 1804 le-
1005 1777 1007 1813 ,¹
1022 1774 1165 1813 profecto
1192 1770 1284 1804 erant
1303 1773 1447 1812 querulae
1472 1771 1538 1801 illae
1564 1772 1597 1800 et
1616 1771 1721 1809 plenae

286 1819 415 1856 gatione
444 1820 634 1858 respondet,
651 1828 712 1850 nec
729 1820 882 1858 exhibet3
899 1830 991 1850 05611-
1005 1820 1007 1858 !
1021 1829 1186 1851 murmure
1210 1827 1307 1850 voces
1336 1827 1344 1847 τ
1373 1819 1514 1854 Mandu,
1540 1817 1691 1846 remanda
1707 1825 1720 1845 .-

288 1865 372 1895 lctur
385 1873 436 1895 me
449 1866 556 1895 osculo
569 1866 633 1896 oris
645 1866 693 1896 sui
703 1889 712 1904 ,
725 1866 834 1904 sicque
850 1866 885 1895 in
901 1866 989 1905 signo
1006 1874 1007 1907 ;
1021 1868 1174 1905 Exspecta
1182 1888 1191 1903 ‚
1204 1866 1379 1903 reexspecta
1390 1874 1400 1894 .-
1412 1865 1565 1893 Modicum
1579 1862 1638 1898 ibi,
1654 1870 1720 1891 mo-

288 1911 375 1949 pacis
390 1910 486 1940 faciat
502 1911 541 1940 de
554 1919 632 1949 pace
644 1920 806 1942 securum.
823 1912 901 1941 Nam
916 1921 991 1942 ver-
1020 1913 1121 1941 dicum
1135 1911 1187 1940 ibi.
1204 1910 1281 1940 Inde
1293 1909 1399 1939 anxiae
1411 1908 1475 1938 illae
1488 1908 1520 1937 et
1533 1908 1638 1946 plenae
1649 1906 1722 1944 pie-

287 1956 336 1986 bis
354 1956 420 1993 jam
441 1957 598 1994 quomodo
619 1956 769 1986 credam?
783 1957 869 1995 Opus
890 1958 990 1996 magis
1020 1957 1087 1987 tate
1114 1964 1227 1994 preces
1253 1963 1261 1984 =
1284 1957 1335 1986 Da
1359 1955 1542 1990 mercedem,
1570 1954 1720 1991 Domine,

286 2003 336 2031 est
350 2010 448 2040 opere
464 2003 563 2031 verba
579 2002 712 2032 firmari.
729 2003 847 2032 Probet
871 2003 990 2033 veridi-
1004 1997 1234 2044 {sustinentibus
1259 2002 1303 2037 le,
1320 2002 1353 2030 ut
1373 2000 1527 2039 prophetae
1556 1999 1602 2029 tui
1621 1999 1721 2035 fideles

285 2055 338 2077 cos
354 2048 484 2077 nuntios
499 2056 571 2077 suos
585 2049 670 2077 Deus
688 2046 739 2087 (si
755 2049 865 2078 tamen
881 2049 989 2078 nuntii
1021 2050 1226 2078 inveniantur.
1252 2048 1332 2077 Item
1350 2068 1360 2084 ,
1389 2047 1510 2076 Suscita
1526 2066 1536 2081 ,
1564 2045 1696 2075 Domine
1707 2065 1719 2081 ,

286 2093 355 2130 ejus
369 2092 464 2132 sunt)
482 2094 516 2122 et
537 2095 691 2131 sequatur
713 2102 767 2123 605
783 2095 869 2132 ipse,
882 2095 918 2124 ut
931 2103 990 2124 536-
1005 2087 1226 2132 ‘'pt-ecastoncs,
1253 2102 1329 2131 quas
1353 2093 1446 2122 locuti
1458 2093 1528 2121 sunt
1543 2092 1574 2120 in
1599 2091 1720 2120 nomine

285 2139 359 2175 111115
377 2139 612 2177 promiserunt,
637 2140 713 2177 quia
739 2139 808 2170 sine
835 2139 904 2177 ipso
919 2149 990 2177 pos-
1005 2142 1007 2147 ’
1022 2142 1072 2169 tuo
1096 2139 1250 2177 prophetae
1272 2139 1401 2176 priores.
1419 2136 1497 2166 Inde
1512 2135 1637 2165 blandae
1654 2135 1720 2165 illae

231 2201 235 2209 1
286 2185 360 2212 sunt
386 2184 492 2213 facere
520 2184 615 2214 nihil.
633 2185 718 2215 Misit
742 2176 1055 2222 puerum,tulitlet
1087 2185 1191 2222 plenae
1228 2182 1445 2213 consolatione
1479 2180 1719 2219 promissiones.

286 2227 458 2266 baculum,
488 2230 520 2258 et
545 2231 685 2260 necdum
713 2230 762 2260 est
790 2239 854 2259 vox
882 2239 988 2269 neque
1005 2231 1099 2259 'Ecce
1127 2228 1286 2268 apparebit
1310 2229 1481 2263 Dominus,
1496 2228 1525 2256 et
1547 2234 1611 2254 ‘non
1634 2233 1722 2254 men-

286 2273 365 2303 vita.
397 2275 464 2303 Non
492 2283 586 2313 surgo
601 2298 609 2313 ,
638 2284 703 2306 non
732 2277 868 2306 suscitor
887 2298 896 2314 ,
925 2285 988 2306 non
1022 2277 1112 2305 rietur
1128 2284 1138 2305 .·
1155 2276 1317 2305 simorum
1343 2273 1462 2311 fecerit,
1478 2272 1617 2309 exspecta
1632 2279 1720 2308 cum3

240 2349 242 2351 .
286 2319 436 2347 excutior
461 2319 500 2348 de
529 2321 685 2358 pulvere,
710 2330 774 2351 non
803 2322 927 2359 respiro
954 2314 1223 2359 infflquitzveniens
1234 2316 1720 2355 veniet,etnontardabit.1tem,

286 2372 376 2401 spem
390 2386 398 2401 ,
415 2364 442 2392 si
456 2372 519 2393 non
535 2366 693 2402 Propheta
709 2367 778 2404 ipse
795 2367 987 2397 descendat.
1005 2361 1007 2384 ⁵
1021 2369 1121 2405 Prope
1144 2367 1188 2396 est
1212 2366 1247 2395 ut
1267 2365 1371 2394 veniat
1391 2365 1507 2401 tempus
1521 2363 1604 2400 ejas,
1619 2363 1647 2392 et
1660 2362 1721 2392 dies

287 2408 320 2438 et
334 2408 498 2437 osculetur
514 2417 564 2437 me
581 2411 688 2439 osculo
704 2412 768 2441 oris
784 2412 845 2441 sui.
1003 2394 1085 2456 'ejus
1112 2419 1175 2441 ποη
1203 2409 1437 2448 elonqabunlur.
1451 2408 1488 2437 Et
1515 2416 1558 2438 ex
1584 2413 1720 2445 persona

327 2452 358 2482 6.
374 2454 445 2483 Huc
460 2454 603 2491 accedit,
617 2456 702 2492 quod
718 2456 745 2485 is
767 2457 822 2494 qui
844 2457 988 2487 nostrum
1004 2457 1006 2474 ⁴
1021 2457 1169 2496 promissi
1187 2465 1194 2485 :
1211 2457 1289 2485 Ecce
1311 2464 1381 2494 eqo,
1406 2453 1528 2491 inquit,
1551 2454 1662 2482 declino
1687 2452 1720 2482 in

287 2498 456 2536 profitetur
483 2507 517 2528 56
545 2499 758 2529 mediatorem
793 2501 833 2530 ad
864 2503 987 2540 Deum,
1021 2513 1074 2534 vos
1088 2504 1121 2533 ut
1140 2503 1255 2540 flumen
1271 2503 1357 2540 pacis
1369 2522 1379 2537 ‚
1394 2502 1422 2530 et
1436 2502 1470 2530 ut
1490 2501 1608 2530 torrens
1628 2500 1720 2528 inan-

287 2544 346 2574 Dei
368 2544 469 2574 Filius
489 2544 554 2582 651,
572 2544 605 2573 ct
618 2546 706 2575 Deus
719 2547 778 2575 est.
794 2547 833 2575 Et
847 2547 925 2584 quid
941 2550 989 2577 est
1004 2548 1006 2575 ἓ
1022 2549 1100 2578 (laris
1125 2548 1229 2586 ylorioe
1252 2547 1399 2584 gentium.
1414 2546 1451 2574 111
1471 2544 1588 2582 quibus
1611 2543 1721 2573 verbis

288 2590 383 2620 homo
398 2591 434 2620 ut
457 2590 637 2620 innotescat
651 2590 699 2628 ei,
713 2592 769 2621 aut
783 2591 868 2621 filius
883 2592 989 2621 homi-
1023 2594 1101 2623 satis
1113 2594 1246 2631 apparet,
1258 2592 1290 2622 et
1300 2588 1544 2630 praedicatorum
1555 2589 1718 2625 instantia,

289 2635 357 2673 niS,
372 2637 407 2667 ut
421 2636 552 2676 reputet
567 2636 748 2676 eum2Quae
759 2636 841 2667 mihi
857 2636 987 2677 fiducia,
1023 2639 1055 2669 et
1070 2638 1249 2669 diffidentia
1268 2637 1471 2676 populorum.
1494 2634 1544 2666 Sic
1559 2634 1669 2674 itaque
1686 2634 1719 2664 ct
