1810 3073
457 224 510 251 DE
537 220 751 250 DIVERSIS

55 281 164 321 puniri
180 303 188 319 ,
205 278 261 311 scd
284 278 374 317 quasi
394 279 500 308 lilium
517 286 576 317 por
591 276 755 316 flagellum

54 326 176 357 erudiri
200 324 377 363 cognoscit,
394 325 428 354 ut
450 323 674 354 haereditatem
702 330 756 351 ca-

54 374 143 411 piat:
157 380 190 401 se
199 370 412 409 peccatorem,
422 371 527 399 Deum
542 378 619 399 vero
632 366 755 406 J'ustum

54 415 448 456 pronuntians,justiiicat
463 415 498 445 in
512 423 546 445 se
558 414 696 444 matrem
707 421 755 443 sa-

53 462 223 501 pientiam.

93 506 124 536 2.
141 506 203 536 Sed
219 505 296 543 quid
308 506 439 544 prodest
453 505 586 544 peccata
601 504 687 534 inter
698 503 755 533 ssa-

52 551 134 590 gella
159 551 325 588 confiteri,
346 551 373 581 si
397 559 463 580 non
484 551 524 580 ab
547 550 672 580 eisdem
695 558 755 587 per

55 595 264 626 continentiae
297 596 522 626 ‚sanctitatem
571 594 755 625 abstineas?

52 641 134 671 sicut
148 641 304 679 scriptum
329 642 397 679 est,
412 642 520 672 Sancti
543 642 651 677 estole,
676 642 753 671 sicut

52 689 80 717 et
95 696 146 726 eqo
160 688 286 717 sanctus
293 696 388 717 sam:
400 687 436 716 ut
447 686 552 724 qualis
562 686 669 724 pater,
677 686 753 716 talis

51 732 93 762 sit
116 732 200 762 filius
224 741 232 762 ε
259 733 293 763 et
314 733 349 762 in
373 732 587 762 sanctimonia
612 732 753 762 filiorum

53 786 172 808 nomen
203 778 306 808 Patris
344 777 577 809 sanctificetur.
602 778 695 815 Quod
721 779 753 808 et

51 823 219 863 quotidie
210 832 245 854 1n
270 824 416 855 oratione
441 824 604 862 petimus,
620 825 657 854 ut
671 823 752 853 sicut

55 869 92 900 de
115 869 309 907 quibusdam
330 870 440 908 pravis
467 870 500 899 et
521 870 753 900 incontinenti—

53 914 110 945 bus
123 916 217 945 Pater
231 916 444 954 conqueritur
459 915 571 945 dicens
581 938 590 954 ,
614 917 752 955 Quotidie

52 969 164 991 nomen
177 970 279 991 meum
292 962 522 1000 blasphematur
534 971 590 1000 per
607 972 660 992 vos
675 964 753 991 inter

51 1008 173 1044 qentes:
186 1006 234 1037 ita
254 1007 288 1037 et
302 1015 362 1045 per
373 1008 499 1038 sanctos
520 1008 772 1038 sanctificetur.

51 1051 115 1081 Sed
140 1060 182 1082 ne
207 1061 318 1082 meum
340 1054 436 1091 putes
459 1053 653 1091 inventum,
668 1053 752 1091 quod

52 1098 204 1127 sanctitas
229 1099 429 1128 continentia
455 1099 753 1137 sit,‘1ndiAp0sto

53 1142 119 1172 lum
132 1143 296 1173 dicentem
306 1144 653 1174 adThessalonicenses
663 1153 670 1173 ε
681 1146 753 1174 Hoec
769 1162 772 1189 ¹

50 1190 180 1219 estenim
192 1191 333 1219 voluntas
342 1191 415 1226 Dei,
424 1190 624 1226 sanctificatio
638 1192 751 1220 vestra.

53 1234 91 1262 Et
118 1242 160 1263 ne
193 1234 283 1263 aliud
311 1235 408 1272 putes
445 1235 731 1264 sanctificationem
743 1256 752 1272 ,

52 1287 147 1317 quam
165 1280 418 1317 continentiam,
439 1280 515 1309 audi
532 1280 616 1318 quod
641 1281 753 1318 sequi—

54 1326 106 1353 tur
121 1333 130 1353 z
158 1326 196 1355 Ut
222 1324 400 1356 abstineatis
424 1334 444 1355 a
466 1325 668 1363 fornicatione
679 1347 690 1363 ‚
719 1328 752 1355 ut

51 1371 127 1401 sciat
140 1372 346 1409 unusquisque
357 1372 492 1401 vestrum
506 1380 596 1401 suum
614 1380 671 1402 vas
682 1381 753 1410 pos-

52 1416 146 1446 sidere
160 1417 192 1446 in
206 1417 489 1454 sanctificationem.
505 1416 597 1446 Unde
613 1417 646 1446 et
663 1425 753 1447 sanc-

54 1461 102 1491 tos
116 1469 169 1491 eos
184 1461 341 1499 dicimus,
361 1471 441 1500 quos
456 1462 563 1492 firmos
575 1463 610 1492 in
635 1471 753 1501 propo-

53 1506 112 1536 sito
128 1507 357 1545 continentiae,
379 1507 419 1537 ab
445 1507 542 1545 hujus
563 1508 672 1538 saeculi
688 1517 751 1539 non

53 1553 154 1582 solum
180 1553 305 1583 illicitis
332 1553 530 1591 actionibus,
561 1553 620 1583 sed
652 1554 751 1584 etiam

53 1597 227 1635 impudicis
241 1598 460 1628 locutionibus
480 1598 643 1629 abstinere
658 1599 752 1630 vide-

54 1651 137 1672 mus.
150 1643 240 1673 Unde
256 1643 413 1682 scriptum
429 1643 496 1681 est,
513 1645 640 1682 Sapiens
658 1647 691 1675 ut
707 1647 752 1677 sol

51 1691 208 1727 permanet
220 1699 230 1720 :
245 1691 355 1720 stultus
367 1692 401 1720 ut
414 1691 488 1720 lana
499 1692 650 1721 mutatur.

91 1735 122 1764 5.
137 1735 200 1765 Sed
223 1735 298 1774 quia
323 1735 450 1773 sapiens
475 1736 563 1765 filius
584 1737 685 1774 gloria
704 1740 753 1767 est

50 1779 151 1817 patris
163 1800 173 1817 ,
188 1788 320 1810 necesse
336 1783 384 1810 est
404 1781 440 1809 ut
454 1787 519 1809 non
539 1781 643 1810 solum
660 1790 753 1812 sanc-

50 1824 193 1855 tificetur
207 1826 248 1854 ab
263 1833 301 1855 eo
312 1826 416 1855 mater
427 1825 589 1864 sapientia
604 1835 664 1864 per
675 1835 753 1856 con-

51 1870 198 1901 tinentiae
219 1870 431 1901 stabilitatem
445 1893 455 1909 ,
470 1871 526 1901 sed
541 1872 637 1901 etiam
653 1873 752 1910 glori-

51 1915 166 1946 ficetur
176 1923 235 1954 per
245 1916 322 1945 boni
337 1916 445 1954 operis
454 1916 750 1955 fructificationem,

51 1961 137 1993 sieut
151 1961 186 1993 in
196 1962 369 2001 Evangelio
383 1962 510 1993 Veritas
524 1963 624 1993 dicit:
639 1965 751 1995 Luceae

773 219 927 248 SERMO
953 221 1089 251 CXXV.
1431 225 1494 254 ΜΞ),

790 275 847 305 Ian:
863 277 962 306 vestra
983 285 1089 305 coram
1106 274 1295 313 hominibus,
1313 280 1343 307 ut
1369 280 1488 309 videant

790 329 882 358 opera
897 322 998 352 vestra
1021 321 1117 357 bona,
1134 323 1161 351 et
1177 322 1341 359 qlorilicent
1362 325 1489 353 Patrem

788 368 923 396 vestrum
940 368 994 406 qui
1006 368 1036 396 ῐη
1053 367 1134 397 coelz's
1147 369 1201 396 est.
1219 366 1310 396 Unde
1325 368 1488 398 Psalmista

788 412 961 450 Sapientiae
978 413 1082 442 {ilium
1098 412 1286 443 describens
1297 412 1342 442 ait
1355 422 1362 442 :
1375 415 1488 443 Jucim-

787 459 842 488 (lus
862 459 951 488 homo
965 479 974 495 ,
1000 459 1054 497 qai
1073 459 1236 488 miseretur
1255 460 1283 488 ct
1304 460 1486 488 commodat.

788 504 827 532 Et
841 512 918 533 vere
934 504 1044 534 brevis
1058 504 1091 533 et
1107 503 1251 542 perfecta
1273 503 1419 533 delinitio
1440 512 1489 532 sa-

787 548 919 586 pientis.
947 549 1116 579 Jucundus
1138 548 1228 578 enim
1249 548 1337 578 inter
1362 547 1490 586 flagella

786 594 971 624 confitendo
987 594 1145 624 delictum
1157 615 1167 632 ,
1185 593 1305 631 gaudet
1328 593 1410 623 illud
1431 601 1489 632 per

786 641 983 677 praesentem
996 639 1241 670 tribulationem
1258 639 1372 669 deleri.
1394 638 1490 669 Mise-

770 665 875 715 ¹retur
890 686 1007 715 animae
1028 693 1093 715 suae
1108 685 1240 723 placens
1255 686 1322 715 Deo
1336 693 1396 723 por
1415 693 1490 714 con-

770 719 934 761 (tinentiae
952 731 1124 761 decorem.
1142 731 1322 761 commodat
1339 731 1489 769 proximo

770 763 926 806 ¹fructum
952 777 1044 806 honae
1069 777 1279 815 operationis
1300 778 1338 807 Et
1366 777 1420 806 hic
1441 779 1491 806 est

783 822 910 861 justus,
927 823 1068 853 reddens
1084 823 1201 861 cuique
1217 823 1304 861 quod
1319 831 1413 852 suum
1428 823 1490 861 est.

785 870 852 899 Deo
869 869 1104 899 consessionem
1116 890 1124 906 ,
1141 869 1204 899 sibi
1219 869 1489 907 misericordiam,

785 915 934 953 proximo
967 915 1150 944 caritatem.
1174 914 1228 944 Sic
1245 914 1354 944 autem
1371 914 1490 952 justiti-

786 962 876 991 catur
891 961 1052 1000 sapientia
1066 968 1084 990 a
1099 961 1175 992 filiis
1197 961 1265 991 suis
1286 969 1346 999 per
1363 960 1489 991 confes-

786 1008 910 1037 sionem
925 1007 1133 1046 peccatorum
1155 1015 1163 1036 ε
1187 1007 1408 1037 sanctificatur
1431 1015 1491 1045 per

787 1053 996 1084 continentiae
1020 1053 1141 1083 honum
1170 1061 1179 1081 ε
1207 1052 1405 1091 glorificatur
1431 1061 1491 1091 per

786 1099 863 1128 honi
900 1098 1007 1137 operis
1041 1098 1338 1128 fructificationem.
1364 1098 1490 1128 Primus

787 1145 956 1175 conflictus
969 1144 1097 1174 timoris
1112 1144 1172 1173 Dei
1196 1144 1245 1174 est
1260 1144 1370 1174 contra
1384 1144 1489 1182 negli—

786 1191 942 1227 gentiam.
958 1190 1068 1219 Timor
1084 1190 1173 1219 enim
1186 1190 1226 1219 ad
1242 1189 1421 1219 custodiam
1438 1189 1489 1220 sui

786 1236 919 1265 excitat.
937 1235 1028 1272 Quod
1044 1235 1071 1264 si
1089 1235 1299 1272 praevaluerit
1321 1235 1490 1273 negligen-

785 1281 852 1319 tia,
868 1281 1003 1319 generat
1025 1280 1261 1310 curiositatem.
1290 1281 1375 1310 Dum
1401 1281 1489 1310 enim

785 1335 844 1364 per
869 1326 1104 1365 negligentiam
1125 1325 1212 1355 terra
1228 1326 1332 1356 cordis
1347 1326 1486 1364 inculta,

785 1371 893 1410 spinas
924 1373 959 1402 et
984 1371 1121 1401 tribulos
1149 1371 1325 1409 germinat3
1354 1380 1426 1409 quae
1455 1371 1490 1401 in

785 1417 892 1455 seipsa
905 1424 970 1446 non
995 1416 1123 1447 invenit
1143 1416 1310 1454 requiem,
1333 1416 1417 1446 foras
1437 1425 1489 1447 co-

786 1462 872 1500 gitur
900 1462 1040 1500 evagari.
1067 1461 1121 1491 Sic
1151 1462 1320 1492 curiositas
1346 1471 1363 1492 a
1391 1463 1489 1493 cordo

786 1508 869 1546 exit,
883 1508 1098 1545 contraquam
1111 1507 1245 1537 dimicat
1260 1508 1489 1546 pietas.Pietas

787 1555 874 1584 enim
885 1553 945 1583 Dei
961 1554 1067 1582 cultus
1077 1554 1186 1590 est,et
1202 1553 1237 1582 in
1247 1553 1342 1583 corde
1358 1554 1486 1591 colitur,

787 1600 843 1638 qui
866 1600 900 1629 in
922 1599 1017 1628 corde
1033 1599 1236 1637 cognoscitur
1252 1599 1411 1629 habitare.
1427 1601 1487 1630 Cu-

786 1645 913 1675 riositas
928 1644 955 1675 si
971 1652 1037 1674 non
1052 1645 1196 1675 vincitur
1206 1666 1216 1682 ,
1228 1645 1362 1683 generat
1386 1654 1487 1684 expe-

787 1690 940 1720 rientiam
955 1690 1034 1719 mali
1053 1698 1060 1719 :
1077 1690 1152 1728 quia
1169 1690 1247 1720 dum
1262 1691 1388 1720 animus
1409 1699 1488 1721 eva-

787 1737 879 1776 gatur
903 1744 963 1773 per
989 1735 1111 1774 multa,
1146 1736 1242 1766 facile
1269 1737 1396 1767 invenit
1430 1737 1487 1767 uhi

787 1781 920 1812 noxiam
928 1781 1118 1818 experiatur
1125 1780 1387 1811 delectationem.
1398 1783 1487 1812 Hanc

787 1825 955 1865 impugnat
971 1826 1108 1855 scientia
1122 1847 1131 1863 ,
1146 1826 1265 1856 docens
1279 1827 1359 1865 quid
1380 1828 1486 1858 tutum

787 1872 830 1903 sit
846 1871 1100 1910 experiri,quid
1114 1880 1189 1901 non.
1208 1871 1241 1901 Si
1263 1880 1342 1902 vero
1363 1881 1488 1911 praeva-
1509 1909 1513 1913 1

788 1918 886 1948 luerit
910 1917 1136 1955 experientia,
1164 1918 1298 1956 generat
1319 1919 1490 1958 concupis-

789 1963 928 1996 centiam
938 1984 948 2003 ,
959 1963 997 1995 ut
1009 1963 1151 1995 transeat
1164 1963 1198 1993 in
1207 1963 1357 1995 affectum
1369 1964 1485 1998 cordis.
