1846 3078
710 269 986 299 SERMONUM.

164 323 290 359 Spiritu,
306 323 358 360 qui
373 326 417 351 est
432 323 516 352 Deus
532 332 537 351 :
553 327 583 351 et
596 323 752 359 quomodo

165 364 378 392 Misericordia
391 368 421 393 et
438 366 457 392 J
461 365 600 394 udicium
610 365 750 393 dicantur

164 405 256 439 pedes
269 405 396 433 Domini
400 423 751 433 ....................
777 405 823 434 161

129 445 196 473 VII.
209 445 254 473 De
268 453 373 474 amore
386 446 508 474 ardenti
518 455 580 482 quo
592 446 697 474 anima
709 446 754 474 di-

163 486 232 522 ligit
254 487 356 514 Deum
383 497 390 515 :
418 489 498 515 Item
520 489 559 516 de
583 488 750 515 attentione

161 528 302 561 tempore
324 528 479 557 Orationis
496 529 547 556 vel
566 528 753 557 Psalmodiae

164 569 358 601 procuranda
363 587 750 597 .....................
773 568 824 596 16Ιι

128 605 206 634 VIII.
222 608 385 641 Quomodo
399 617 455 644 per
464 610 605 636 osculum
617 609 681 636 oris
694 609 752 636 Dei

164 647 356 682 significatur
370 649 502 683 Spiritus
515 652 752 683 sanctus‚quem

161 687 294 715 Ecclesia
309 689 367 716 sibi
382 691 459 724 petit
472 689 540 717 dari
556 691 596 716 ad
609 690 753 717 notitiam

164 731 277 756 sanctae
291 729 450 757 Trinitatis
452 748 750 757 .................
773 729 826 757 166

126 768 180 795 IX.
194 769 238 797 De
245 770 395 798 uberibus
406 771 511 806 sponsi
523 791 530 803 ,
550 771 581 798 id
589 774 635 798 est
651 770 753 797 Chris-

162 810 186 836 ti
201 818 207 837 z
224 818 358 845 quorum
370 820 468 839 unum
483 815 527 839 est
536 811 754 847 longanimitas

162 852 357 886 exspectandi
384 856 560 887 peccatores
581 860 588 879 ι
616 853 751 879 alterum

161 891 336 927 benignitas
361 901 417 921 seu
441 893 575 921 facilitas
597 901 650 921 eos
674 892 755 920 reci-

160 933 269 967 piendi
273 952 752 962 ...........................
775 933 827 961 169

126 972 165 1000 X.
178 974 224 1000 De
238 975 336 1002 tribus
347 976 514 1010 unguentis
527 976 752 1010 spiritualibus,

161 1015 276 1042 scilicet
290 1016 502 1049 contritionis,
516 1016 708 1048 Devotionis‚
722 1019 753 1043 et

161 1054 286 1083 Pietatis
290 1075 753 1084 ..........................
775 1057 827 1084 175

125 1095 177 1122 XI.
200 1096 246 1123 De
272 1097 410 1131 duobus,
436 1098 495 1125 hoc
521 1101 566 1126 est
590 1097 695 1126 fructu
723 1100 753 1124 et

159 1137 251 1165 modo
263 1158 270 1171 ,
289 1139 515 1174 pertinentibus
540 1139 579 1166 ad
594 1147 672 1175 opus
692 1139 754 1166 hu-

159 1185 260 1206 manae
278 1179 500 1215 redemptionis
506 1199 750 1207 ..............
774 1180 825 1207 176

124 1218 191 1245 XII.
213 1220 257 1247 De
281 1222 415 1255 pretioso
434 1225 595 1256 unguento
608 1221 750 1257 pietatis,

161 1260 261 1295 deque
276 1262 475 1290 veneratione
495 1271 513 1290 a
529 1263 658 1290 subditis
678 1269 753 1297 erga

160 1301 302 1330 Praelatos
315 1311 386 1331 suos
400 1304 574 1331 exhibenda
578 1322 746 1331 ..........
772 1303 825 1330 178

125 1341 206 1369 XIII.
226 1343 270 1371 De
282 1345 379 1378 gloria
399 1348 429 1372 et
442 1346 533 1372 laude
550 1345 615 1372 Deo
628 1352 752 1378 semper

160 1384 356 1412 attribuenda
366 1394 422 1421 pro
435 1387 579 1413 omnibus
587 1386 675 1413 bonis
685 1386 752 1420 eJus

159 1425 249 1452 nobis
264 1426 412 1461 impensis
416 1445 746 1454 ...................
770 1426 824 1454 182

124 1463 203 1491 XIV.
213 1466 257 1493 De
266 1467 398 1494 Ecclesia
410 1467 551 1494 fidelium
560 1466 751 1493 Christiano-

159 1514 246 1539 rum,
272 1511 302 1534 et
322 1507 360 1535 de
383 1508 545 1546 Synagoga
563 1507 751 1535 Judaeorum

158 1547 352 1581 perfidorum
359 1566 746 1574 ......................
771 1548 823 1575 186

121 1586 186 1614 XV.
202 1587 340 1622 Qualiter
353 1596 469 1615 nomen
483 1589 575 1616 Jesus
590 1592 633 1615 est
650 1588 750 1615 medi-

157 1627 227 1655 cina
248 1629 379 1657 salubris
400 1629 543 1656 fidelibus
567 1629 750 1657 Christianis

156 1668 189 1694 in
204 1669 348 1696 omnibus
363 1669 501 1696 adversis
505 1687 747 1696 ..............
772 1669 822 1697 189

122 1707 189 1735 XVI
205 1709 250 1736 De
265 1709 366 1736 cordis
380 1709 579 1741 contritione,
597 1713 627 1736 et
641 1709 679 1736 de
693 1709 751 1736 tri-

159 1749 218 1777 bus
231 1751 391 1785 speciebus
402 1758 486 1779 verae
496 1750 709 1778 confessionis.
721 1769 728 1777 .
739 1770 746 1776 ,
771 1751 821 1779 195

120 1789 214 1817 XVII.
226 1791 273 1818 De
287 1798 411 1819 accessu
433 1795 461 1818 et
479 1799 602 1819 recessu
614 1792 748 1826 Spiritus

157 1831 254 1858 sancti
272 1832 485 1863 observando,
508 1832 606 1867 deque
627 1832 749 1859 invidia

155 1871 270 1899 diaboii
284 1880 354 1909 erga
368 1881 466 1909 genus
480 1874 657 1900 humanum
664 1892 744 1900 .....
769 1873 821 1901 198

120 1911 229 1940 XVIII.
243 1914 288 1941 De
301 1915 422 1942 duabus
433 1914 664 1949 operationibus
679 1913 745 1948 Spi-

155 1954 233 1982 ritus
253 1955 348 1982 sancti
360 1975 367 1986 ,
383 1963 515 1989 quarum
538 1956 606 1989 una]
620 1959 750 1982 vocatur

155 1995 288 2028 Effusio,
312 2000 343 2023 et
366 1997 425 2023 alia
440 1996 557 2024 infusio
564 2015 734 2023 ..........
759 1997 816 2025 200

118 2036 202 2064 XIX.
215 2039 260 2066 De
273 2042 392 2071 natura,
407 2039 510 2070 modo,
527 2046 562 2066 ac
575 2038 748 2074 proprieta-

155 2079 237 2107 tibus
259 2081 371 2107 amoris
394 2080 524 2115 angelici
546 2087 619 2114 erga
643 2080 746 2107 Deum

151 2119 240 2155 juxta
261 2121 397 2157 singulos
416 2121 604 2156 Angelorum
620 2121 745 2148 ordines

153 2160 290 2189 disserit.
307 2181 315 2188 .
331 2180 737 2188 .......................
760 2161 817 2190 205

117 2201 188 2229 XX.
219 2203 265 2230 De
291 2203 405 2239 triplici
432 2203 526 2230 modo
552 2202 742 2235 dilectionis,

154 2251 215 2279 qua
228 2244 328 2271 Deum
351 2244 508 2280 diligimus
515 2262 740 2270 .............
762 2245 817 2273 206

118 2284 202 2312 XXI.
227 2284 365 2318 Qualiter
379 2285 498 2320 Sponsa
509 2305 515 2315 ,
536 2284 567 2311 id
584 2287 629 2311 est
642 2285 744 2311 Eccle-

154 2325 215 2358 sia,
233 2325 314 2351 trahi
333 2333 365 2352 se
385 2328 468 2360 optat
488 2328 556 2360 post
569 2325 741 2361 Sponsum,

154 2366 187 2393 id
200 2369 245 2393 est
260 2365 417 2394 Christum
422 2384 735 2392 ..................
761 2367 815 2395 209

117 2406 214 2434 XXII.
234 2407 279 2433 De
293 2410 422 2441 quatuor
437 2406 601 2440 unguentis
614 2406 739 2441 Sponsi,

154 2452 184 2475 et
198 2448 325 2475 totidem
341 2448 509 2474 virtutibus
523 2447 740 2474 cardinalibus.
761 2448 813 2477 215

118 2489 224 2516 XVIII.
237 2489 281 2516 De
293 2489 392 2516 tribus
400 2488 499 2515 modis
507 2487 736 2523 contemplatio-

154 2530 202 2557 nis
219 2530 300 2557 circa
322 2530 423 2556 Deum
446 2530 503 2556 sub
526 2528 625 2564 figura
645 2528 741 2556 trium

155 2571 300 2597 cellarum
309 2588 734 2595 ........................
761 2569 815 2597 218

119 2611 227 2639 XXIV.
242 2611 310 2645 Agit
324 2611 480 2646 praecipue
492 2613 597 2637 contra
610 2609 741 2636 detesta-

155 2652 218 2679 bile
232 2652 341 2678 vitium
356 2650 555 2681 detractioniS
567 2669 574 2681 ‚
590 2652 619 2676 ct
635 2650 741 2684 quain

154 2700 186 2719 re
213 2691 363 2719 rectitudo
385 2691 519 2718 lion‘ninis
542 2690 740 2726 potissimum

1499 282 1511 306 lt
1519 281 1550 308 titt

898 325 1055 351 consistat.
1076 343 1474 356 .......................
1497 332 1552 358 22ιί

860 364 954 392 XXV.
977 365 1024 392 De
1048 365 1211 401 nigredine
1239 370 1267 394 et
1297 367 1479 398 tortuositate

897 406 1040 441 Sponsae,
1055 407 1088 434 id
1107 410 1151 434 est
1163 407 1303 435 Ecclesiae
1309 427 1473 436 .........
1498 411 1552 438 228

860 445 974 479 XXIV,
990 446 1023 474 in
1035 455 1097 482 quo
1116 447 1150 474 Β.
1169 448 1261 475 Bern.
1285 448 1402 475 obitum
1420 449 1483 476 fra-

896 487 952 514 tris
970 488 1019 515 sui
1032 488 1162 515 Gerardi
1174 488 1207 515 in
1220 488 1405 516 Clara-valle
1419 498 1486 516 mo·-

896 528 989 555 nachi
1016 529 1170 564 pathetice
1190 529 1349 564 deplorat3
1370 532 1399 556 et
1421 529 1487 556 vim

894 568 945 594 sui
971 576 1043 604 erga
1068 570 1171 605 ipsum
1197 570 1311 598 amoris
1341 569 1487 606 graphice

895 608 1034 642 depingit
1040 628 1356 637 ..................
1355 638 1359 641 ,
1367 628 1482 636 .......
1506 611 1522 637 2
1525 610 1557 636 51

859 645 988 674 XXVII.
1002 648 1046 675 De
1061 653 1172 676 ornatu
1185 649 1310 684 Sponsae
1322 669 1330 681 ‚
1348 652 1377 677 et
1391 649 1488 684 quali·

896 690 943 713 ter
960 688 1064 714 anima
1076 693 1180 716 sancta
1193 690 1306 717 coelum
1320 688 1464 716 dicatur..
1476 707 1483 717 ι
1505 689 1560 718 237

859 727 998 756 XXVIII.
1011 729 1056 756 De
1074 730 1237 765 nigredine
1253 734 1282 757 et
1296 730 1487 757 formositate

896 767 1016 802 Sponsi,
1032 773 1062 796 et
1074 771 1232 804 quomodo
1249 771 1372 798 auditus
1385 771 1487 806 potius

896 815 990 842 quam
1010 810 1093 837 visus
1108 811 1207 838 valeat
1223 811 1254 837 in
1277 811 1369 838 rebus
1391 810 1485 842 fidei,

896 851 926 875 et
943 849 981 876 ad
993 851 1135 878 notitiam
1148 852 1286 879 veritatis
1292 870 1479 878 ...........
1504 851 1559 879 2Ιι2

864 887 977 917 XXIX.
991 891 1037 918 De
1052 893 1247 926 querimonia
1262 892 1403 920 Ecclesiae
1416 899 1486 918 con-

896 932 944 957 tra
965 939 1035 960 suos
1051 933 1297 969 impugnatores,
1314 933 1363 959 vel
1382 936 1488 960 contra

895 970 961 999 illos
977 973 1031 1007 qui
1054 974 1239 1010 impugnant
1258 974 1409 1002 unitatem
1424 972 1484 1000 fra-

896 1016 1030 1039 ternam.
1047 1033 1055 1040 .
1070 1032 1478 1041 .......................
1503 1012 1557 1040 247

859 1051 956 1079 XXX.
972 1053 1112 1087 Qualiter
1126 1056 1257 1090 populus
1272 1054 1411 1082 fidelium
1428 1060 1484 1080 seu

896 1095 1010 1122 animae
1023 1095 1196 1124 Electorum
1208 1104 1264 1132 per
1273 1096 1380 1122 vineas
1392 1094 1486 1129 signi-

895 1134 1048 1168 ficantur,
1069 1144 1203 1171 quarum
1227 1136 1361 1164 Ecclesia
1385 1138 1486 1162 custos

894 1175 1008 1204 dicitur
1028 1185 1035 1204 ε
1060 1181 1090 1204 et
1113 1178 1151 1205 de
1174 1177 1340 1213 prudentia
1366 1176 1483 1209 carnis,

895 1225 963 1250 quae
978 1221 1020 1246 est
1035 1226 1119 1246 mors
1125 1235 1481 1246 ....................
1504 1216 1556 1245 251

858 1257 969 1286 XXXI.
985 1259 1031 1286 De
1050 1260 1232 1287 excellentia
1251 1260 1369 1288 divinae
1391 1258 1486 1286 visio-

893 1301 949 1333 nis,
965 1304 995 1327 et
1009 1300 1164 1335 quomodo
1187 1300 1219 1327 in
1235 1301 1381 1336 praesenti
1395 1306 1484 1327 sanc-

894 1342 931 1368 tis
946 1342 1021 1369 viris
1039 1345 1146 1377 gustus
1168 1342 1284 1370 divinae
1308 1340 1483 1377 praesentiae

894 1382 1032 1410 variatur
1050 1391 1106 1418 pro
1122 1383 1216 1410 variis
1231 1384 1343 1411 animae
1359 1381 1484 1410 deside-

893 1430 962 1449 rus.
979 1440 1478 1451 ............................

856 1463 981 1490 XXXII.
1002 1464 1139 1498 Qualiter
1161 1464 1298 1492 Christus
1311 1463 1481 1499 suscipitur

892 1505 930 1530 ab
937 1505 1042 1531 anima
1052 1508 1157 1532 sancta
1167 1508 1327 1540 tamquam
1335 1511 1475 1540 sponsus,

894 1548 923 1571 et
937 1546 976 1572 ab
989 1546 1093 1572 anima
1108 1545 1233 1573 infirma
1245 1550 1405 1581 tamquam
1420 1552 1484 1571 me-

891 1585 993 1613 dicus.
1016 1586 1094 1613 ltem
1113 1586 1151 1613 de
1174 1587 1353 1614 differentia
1368 1586 1482 1622 cogita-

892 1625 1031 1656 tionum,
1043 1627 1126 1654 unde
1142 1627 1283 1654 oriantur
1290 1643 1478 1653 ...........
1502 1624 1556 1653 259

855 1665 995 1693 XXXIII.
1009 1666 1056 1694 De
1066 1667 1113 1695 his
1121 1675 1190 1702 quae
1200 1675 1324 1702 semper
1333 1665 1478 1694 sectanda

890 1710 962 1734 sunt
974 1715 992 1734 a
1005 1711 1109 1735 mente
1124 1708 1254 1740 devota3
1269 1707 1345 1743 quid
1358 1707 1397 1734 sit
1410 1714 1479 1733 me-

891 1748 987 1776 ridies
998 1769 1007 1782 ,
1036 1752 1067 1776 et
1094 1749 1133 1777 de
1158 1753 1288 1784 quatuor
1314 1748 1480 1784 generibus

891 1791 1096 1818 tentationum
1117 1798 1240 1825 semper
1256 1790 1419 1817 evitandis.
1430 1809 1436 1815 .
1448 1808 1455 1815 .
1466 1807 1474 1814 .
1498 1787 1552 1816 263

855 1830 980 1857 XXXIV
990 1851 997 1863 ‚
1014 1831 1046 1858 in
1058 1839 1119 1866 quo
1134 1834 1278 1858 tractatur
1292 1830 1330 1858 de
1346 1829 1479 1858 Humili-

891 1875 951 1898 tate
976 1875 1005 1899 et
1021 1871 1473 1898 Patientia.................
1497 1869 1551 1897 20¹)

854 1911 977 1939 XXXV.
994 1912 1040 1939 De
1050 1912 1262 1948 increpatione
1275 1912 1370 1944 dura,
1383 1918 1477 1946 quam

890 1953 963 1980 fecit
984 1961 1114 1989 sponsus
1137 1953 1176 1980 ad
1195 1960 1358 1988 sponsam,
1375 1955 1404 1979 et
1420 1952 1479 1979 du-

889 1994 964 2029 plici
985 1993 1160 2029 ignorantia
1179 1994 1312 2020 nimium
1335 1991 1479 2028 pavenda

889 2038 919 2062 et
932 2034 1079 2070 fuglenda
1085 2052 1472 2061 .....................
1496 2033 1549 2061 270

853 2076 989 2103 XXXVI.
1028 2075 1118 2109 Quod
1151 2075 1278 2102 scientia
1300 2075 1475 2102 litterarum

888 2119 928 2145 sit
955 2118 1036 2145 bona
1065 2116 1104 2143 ad
1132 2116 1367 2144 instructionem
1381 2135 1390 2148 ,
1420 2114 1477 2142 sed

887 2159 1017 2186 scientia
1036 2157 1173 2192 propriae
1206 2156 1397 2184 infirmitatis
1432 2155 1473 2184 sii:

887 2200 993 2226 utilior
1006 2198 1044 2226 ad
1058 2199 1189 2225 salutem
1194 2215 1510 2224 ................
1517 2210 1523 2223 A
1533 2197 1548 2222 (ι

852 2240 1003 2267 XXXVII.
1019 2239 1062 2265 De
1074 2239 1189 2273 duplici
1200 2239 1306 2265 notitia
1317 2241 1347 2265 et
1359 2236 1475 2273 duplici

886 2280 1078 2317 ignorantia3
1099 2280 1198 2314 deque
1216 2279 1302 2307 malis
1318 2286 1373 2306 seu
1388 2278 1475 2315 dam-

887 2322 934 2348 nis
958 2330 1027 2356 quae
1043 2321 1168 2356 pariunt
1176 2337 1471 2346 .................
1496 2318 1548 2344 ‘277

850 2362 1020 2390 XXXVIII.
1034 2362 1172 2397 Qualiter
1182 2369 1217 2388 ex
1231 2359 1402 2396 ignorantia
1418 2358 1474 2385 Dei

885 2405 1022 2432 nascitur
1048 2404 1221 2439 desperatio
1236 2423 1243 2435 ,
1277 2405 1309 2429 et
1339 2400 1472 2435 qualiter

883 2453 995 2481 sponsa
1008 2445 1128 2472 dicatur
1144 2444 1250 2480 pulcra
1267 2443 1347 2469 inter
1364 2440 1470 2468 mulie·
1492 2477 1543 2503 Ν)

848 2500 852 2503 -
885 2494 934 2513 res
941 2497 1533 2512 .................................

849 2526 989 2553 XXXIX.
1008 2527 1051 2553 De
1072 2525 1213 2552 curribus
1237 2521 1402 2549 Pharaonis
1414 2540 1421 2553 ,
1438 2519 1468 2546 id

885 2571 928 2595 est
939 2567 1063 2599 diaboli,
1080 2570 1109 2594 et
1123 2566 1160 2593 do
1174 2563 1366 2600 principibus
1381 2568 1468 2589 excr-

887 2610 963 2636 citus
976 2629 982 2640 ‚
997 2609 1049 2643 qui
1063 2611 1133 2635 suut
1148 2605 1272 2637 malitia,
1286 2603 1407 2631 luxuria
1418 2622 1425 2635 ,
1439 2604 1470 2630 ct

830 2649 836 2655 '
887 2650 1017 2676 avaritia
1025 2662 1463 2674 .........................
1488 2641 1538 2670 281

831 2723 836 2727 .
850 2689 912 2716 XL.
937 2689 1023 2724 Quod
1039 2687 1167 2715 intentio
1181 2688 1214 2713 sit
1233 2685 1322 2712 facies
1335 2684 1465 2713 animae:

1501 1420 1556 1449 255
