1846 3078
239 252 301 283 hoo

239 307 337 338 Fama
350 315 414 339 non
429 308 516 341 valet
527 308 696 342 vindicare
708 310 842 347 virtuti,
857 308 942 348 quod

281 361 351 383 esse
381 355 500 386 vitium
536 356 701 387 convincit
732 354 941 386 conscientia.

282 401 380 430 Serm.
397 402 447 431 71.
462 403 554 432 Cant.
571 412 603 431 n.
618 403 648 431 2.

240 444 352 475 Virtus
372 447 422 476 est
442 449 595 478 contenta
613 446 751 476 candore
773 445 943 476 conscien-

281 491 346 529 tiae,
357 492 416 522 etsi
427 501 491 522 non
500 493 653 530 sequatur
665 491 742 520 odor
750 491 855 521 famae.
865 491 942 521 lbid.

239 536 341 566 Multa
359 545 432 576 quae
455 537 580 575 respuis
599 536 720 566 otiosus
732 558 742 574 ,
760 537 833 575 post
853 537 943 566 labo-

282 590 352 611 rem
372 591 480 612 sumes
505 591 577 612 cum
594 581 768 612 desiderio.
790 584 888 621 Epist.
912 583 941 613 1.

279 636 313 657 n.
327 628 377 657 11.
393 629 476 658 Nam
489 629 637 666 optimum
649 628 709 659 cibi
718 629 943 658 condimentum

280 673 389 709 sames.

240 717 349 747 Hostis
367 717 521 747 audacius
539 717 661 748 insistit
678 726 695 748 a
715 718 826 757 tergo,
847 727 943 757 quam

278 763 407 792 resistat
422 762 456 791 in
472 762 601 793 faciem.
618 764 696 794 Ibid.
717 773 750 794 n.
768 764 820 794 12.

240 810 359 838 Facere
375 809 494 838 malum
504 831 513 847 ‚
529 810 676 847 quolibet
685 811 783 840 etiam
794 810 942 848 jubente,

281 862 345 883 non
357 854 543 884 obedientia
553 876 562 891 ‚
576 855 633 884 sed
647 856 869 885 inobedientia
882 858 941 886 est.

282 901 380 938 Epist.
398 901 427 938 7,
443 909 476 929 n.
488 901 519 938 5,
534 909 640 939 nempe
652 910 725 939 erqa
739 903 851 931 Deum.

237 945 330 982 Quod
345 946 481 984 quisque
497 955 562 984 prae
577 947 702 976 caeteris
718 947 816 984 colit,
833 947 866 976 id
878 947 942 977 sibi

280 992 385 1021 Deum
413 992 620 1022 constituisse
642 992 812 1030 probatur.
839 995 941 1023 Tract-

278 1038 314 1066 dc
341 1038 505 1067 contemta.
535 1039 642 1067 mimd.
670 1039 709 1067 ad
732 1038 810 1068 Cler.
833 1047 900 1076 cap.
925 1039 943 1068 5

281 1091 369 1112 num.
386 1083 437 1113 17.

240 1127 331 1158 Multi
346 1136 410 1157 non
425 1128 514 1158 tanta
529 1128 694 1159 alacritate
710 1129 880 1158 currerent
904 1129 943 1159 ad

285 1173 444 1211 honores,
466 1174 492 1203 si
509 1182 578 1203 esse
601 1175 761 1204 sentirent
777 1175 811 1205 et
833 1183 942 1205 onera.

281 1221 387 1249 Tract.
403 1220 437 1249 cle
451 1220 501 1256 off.
518 1220 621 1258 Epz'sc.
642 1229 710 1259 cap.
727 1221 757 1250 7.

239 1265 369 1295 Utinam
382 1266 570 1303 relinquant
585 1265 678 1295 nobis
692 1267 840 1296 moderni
857 1268 921 1297 Noe
934 1290 942 1306 ,

282 1310 369 1339 unde
397 1318 414 1340 a
437 1310 531 1340 nobis
554 1310 678 1348 possint
704 1312 836 1350 operiri.
864 1313 941 1343 Ibz‘d.

284 1364 316 1385 n.
333 1356 391 1393 29,
407 1365 474 1394 cap.
488 1356 525 1394 8,
542 1357 616 1386 adeo
629 1357 698 1394 jam
715 1359 821 1396 palam
839 1360 866 1389 et
880 1360 942 1389 sine

281 1402 397 1439 pudore
409 1404 564 1440 peccatur.

241 1447 277 1475 ln
307 1447 371 1476 alto
399 1448 540 1484 positum
551 1469 560 1486 ‚
591 1455 654 1477 non
680 1448 782 1478 altum
812 1457 941 1488 sapere,

282 1491 428 1522 difficile.
444 1493 522 1522 Ibid.

238 1540 270 1568 Sl
288 1538 435 1567 altiorem
450 1547 545 1576 quam
563 1538 732 1568 meliorem
749 1548 818 1570 esse
835 1540 943 1570 delec-

280 1584 329 1613 tet
341 1605 350 1621 ‚
366 1591 430 1613 non
447 1584 636 1623 praemium,
651 1585 708 1615 sed
726 1586 943 1625 praecipitium

282 1630 447 1667 exspecta.
464 1630 563 1668 Epist.
576 1630 626 1659 27.
645 1632 685 1660 ad
697 1632 810 1661 Ardnt.

238 1674 381 1704 Stultum
395 1696 404 1712 ,
441 1675 488 1704 ibi
516 1676 705 1705 thesaurum
742 1677 920 1707 recondere
933 1699 942 1715 ,

281 1719 368 1749 unde
382 1728 446 1749 non
463 1720 571 1750 valeas
589 1729 753 1751 resumere
767 1743 776 1759 ,
793 1730 866 1751 cum
885 1730 944 1752 vo-

279 1765 398 1803 lueris,
418 1767 522 1795 Tract.
537 1767 571 1796 de
585 1767 635 1803 off.
652 1768 753 1805 Epi'sc.
766 1776 833 1806 cap.
851 1769 881 1797 5.

237 1812 348 1850 Qualis
359 1811 399 1841 sit
413 1811 569 1850 cujusque
579 1812 658 1842 fides
668 1834 677 1850 ,
690 1813 859 1844 tribulatio
872 1823 943 1852 pro-

279 1857 346 1887 hat.
363 1858 441 1887 Ibid.
455 1868 482 1887 c.
495 1857 528 1889 [ι.

237 1901 298 1937 Qui
315 1902 353 1931 ad
369 1902 418 1931 sui
435 1910 620 1932 mensuram
642 1904 826 1941 proximum
850 1904 943 1941 jube-

281 1947 334 1975 tur
357 1946 513 1984 diligere,
530 1947 620 1984 prius
640 1948 782 1985 seipsum
808 1948 942 1987 diligere

281 1992 378 2022 norit.
395 1993 471 2022 Ibid.
490 2002 558 2031 cap.
574 1991 605 2030 lx,
618 2002 651 2022 n.
670 1993 719 2023 15.

238 2039 359 2067 Bonam
381 2038 522 2068 reddunt
537 2039 768 2069 conscientiam
782 2039 942 2077 poenitere

279 2085 318 2113 de
339 2084 432 2114 malis
445 2106 453 2122 ‚
478 2085 511 2114 et
530 2084 693 2115 abstinere
709 2093 726 2115 a
742 2086 846 2115 malis.
862 2086 941 2117 Ibae'cl.

281 2139 347 2167 sup.
361 2129 393 2158 lt.

238 2174 358 2203 Eodem
379 2175 516 2205 utuntur
544 2175 664 2205 medici
687 2175 772 2205 ferro
793 2177 943 2207 secandis

282 2220 412 2257 regibus
425 2242 434 2256 ‚
450 2229 514 2258 quo
527 2222 560 2250 et
574 2221 785 2260 popularibus
800 2222 944 2252 homini·

280 2265 350 2294 bus.
366 2266 441 2294 Ibid.
457 2275 525 2304 cap.
543 2267 574 2296 ΕΣ.

238 2311 319 2340 Boni
330 2311 467 2340 Pastoris
480 2313 545 2348 est,
561 2320 625 2341 non
640 2321 787 2350 quaerere
801 2322 873 2352 quae
885 2322 942 2344 sua

280 2356 376 2392 sunt,
401 2356 458 2385 sed
483 2357 683 2394 impendere.
699 2359 748 2389 IV
760 2360 795 2389 de
819 2360 940 2390 Constet.

279 2411 348 2440 cap.
360 2402 391 2430 ⁶2.

239 2446 444 2484 Dispensatio
455 2446 525 2476 sine
537 2448 731 2478 necessitate
745 2450 778 2478 et
786 2450 941 2488 utilitate,

281 2500 344 2521 non
366 2492 469 2521 fidelis
487 2492 703 2530 dispensatio,
726 2495 781 2524 sed
802 2496 942 2527 crudelis

281 2537 447 2575 dissipatio
459 2539 518 2568 est.
536 2540 585 2568 111
598 2539 633 2567 dc
649 2540 770 2569 consid.
787 2550 813 2568 c.
827 2540 859 2570 [ι.

240 2585 318 2613 Cum
333 2592 444 2613 omnes
459 2585 490 2613 te
506 2584 664 2622 habeant,
690 2585 760 2614 esto
781 2586 882 2615 etiam
904 2588 940 2617 tu

282 2638 364 2659 unus
383 2638 425 2659 ex
440 2630 645 2660 habentibus.
660 2631 720 2660 Ide
732 2632 854 2662 Consid.
873 2641 940 2671 cap.

282 2675 310 2704 ὅ.
331 2684 359 2705 n.
375 2675 403 2705 6.

685 257 909 287 FLORES-F.
930 256 960 283 S.
986 256 1245 285 BERNARDO.

978 309 1095 339 Amans
1110 310 1301 348 quandoque
1317 308 1448 340 videtur
1469 317 1581 340 amens
1594 333 1602 347 ,
1619 308 1677 340 scd

1019 354 1050 384 ei
1075 355 1133 393 qui
1157 363 1221 385 non
1242 356 1339 385 amat.
1357 355 1487 393 Proesat.
1514 357 1545 385 in
1569 356 1620 385 lib.
1643 357 1678 385 de

1019 401 1143 430 consid.

978 445 1086 475 Modus
1096 445 1252 482 diligendi
1267 446 1371 475 Deum
1380 467 1390 484 ‚
1403 447 1452 476 est
1461 446 1597 484 diligere
1608 444 1632 474 si
1641 453 1680 475 nc

1018 491 1124 520 modo.
1140 492 1244 521 Tract.
1259 492 1293 521 dc
1307 492 1455 530 diliqendo
1472 494 1536 522 Deo
1547 513 1556 529 ‚
1570 501 1638 530 cap.
1661 492 1675 521 1

1018 539 1046 566 et
1062 536 1092 566 6.

977 581 1045 610 Non
1067 581 1167 619 probo
1187 582 1288 612 multa
1308 582 1486 620 scientem,
1502 584 1530 613 si
1550 584 1677 614 sciendi

1017 627 1150 657 modum
1170 628 1336 658 nescierit.
1354 630 1453 659 Serm.
1475 629 1514 659 56
1533 631 1565 660 in
1587 631 1678 660 Cant.

1018 680 1050 700 n.
1064 673 1094 702 5.

977 717 1059 748 Sunt
1072 718 1128 756 qui
1144 718 1227 748 scire
1242 718 1356 749 volunt
1370 719 1495 750 tantum
1507 720 1543 750 ut
1558 720 1658 750 sciant
1671 728 1680 758 ;

1019 764 1051 793 et
1066 764 1234 794 curiositas
1249 764 1308 794 est.

977 808 1058 839 Sunt
1076 810 1137 847 qui»
1146 810 1228 840 scire
1245 810 1359 840 volunt
1375 811 1410 840 ut
1431 810 1576 843 sciantur
1595 811 1676 850 ipsi3

1018 855 1052 884 et
1066 855 1192 885 vanitas
1208 856 1268 886 est.

977 899 1060 929 Sunt
1085 900 1141 938 qui
1168 900 1251 930 scire
1280 900 1396 931 volunt
1410 922 1419 938 ‚
1446 900 1483 931 ut
1504 900 1677 931 scientiam

1018 945 1160 975 vendant
1174 954 1182 983 3
1197 946 1230 975 et
1246 945 1349 984 turpis
1364 947 1505 984 quaestus
1521 948 1582 977 est.

978 990 1059 1020 Sunt
1083 991 1139 1028 qui
1154 991 1237 1020 scire
1253 991 1387 1028 volunt,
1405 991 1442 1021 ut
1455 992 1676 1031 aedilicentur3

1019 1035 1052 1065 et
1072 1035 1248 1073 prudentia
1270 1036 1330 1067 est.
1353 1038 1452 1067 serm.
1477 1037 1518 1068 56
1539 1039 1571 1068 in
1587 1039 1675 1070 Cant.

1019 1089 1052 1110 n.
1069 1082 1101 1111 5.

978 1125 1126 1156 Sumenti
1142 1127 1250 1157 cibum
1261 1149 1271 1166 ‚
1287 1128 1321 1158 et
1332 1136 1396 1158 non
1410 1128 1590 1168 digerenti,
1603 1138 1678 1168 per-

1018 1171 1178 1201 niciosum
1195 1174 1243 1203 est
1255 1172 1297 1202 ei.
1309 1173 1389 1203 [bid.
1406 1182 1438 1203 n.
1453 1173 1483 1204 4.

977 1216 1053 1247 Sine
1076 1217 1201 1247 lumine
1223 1217 1426 1249 discretionis
1457 1218 1597 1249 incurrit
1621 1221 1677 1259 qui

1019 1264 1131 1293 currit.
1145 1265 1245 1294 Serm.
1261 1266 1292 1294 in
1307 1266 1477 1296 circumcis.

977 1308 1045 1337 Non
1061 1309 1168 1346 potest
1191 1317 1255 1338 non
1273 1318 1342 1339 esse
1358 1310 1461 1340 bonus
1473 1332 1482 1348 ‚
1501 1310 1557 1348 qui
1572 1311 1678 1348 placet

1017 1353 1110 1384 bonis
1121 1375 1130 1391 ,
1142 1354 1194 1384 vel
1207 1354 1359 1392 displicet
1373 1355 1478 1385 malis.
1492 1357 1589 1394 Epist.
1607 1355 1676 1385 ihs.

976 1400 1044 1429 Non
1060 1401 1109 1430 est
1122 1401 1226 1430 tutum
1242 1401 1349 1431 vicino
1363 1401 1515 1440 serpente
1531 1410 1678 1432 somnum

1018 1454 1146 1484 capere.
1164 1448 1223 1485 Ep.
1241 1446 1313 1476 241.

978 1492 1082 1522 Habet
1102 1500 1180 1522 vera
1195 1492 1338 1522 amicitia
1353 1500 1595 1531 nonnumquam
1620 1493 1677 1522 ob-

1015 1537 1244 1575 jurgationem,
1256 1538 1476 1568 adulationem
1488 1540 1675 1577 nuinquain.

1018 1584 1117 1621 Epist.
1133 1583 1204 1612 ⁶242.

976 1628 1091 1658 Melius
1103 1629 1169 1665 est,
1183 1629 1219 1659 ut
1237 1629 1350 1666 pereat
1366 1638 1467 1668 unus,
1493 1637 1590 1668 quam
1604 1631 1679 1660 uni-

1018 1675 1076 1704 tas.
1101 1676 1199 1713 Epist.
1222 1675 1291 1705 109..
1316 1675 1490 1713 Ejicicndns
1507 1677 1559 1714 qni
1575 1676 1678 1707 turbat

1018 1722 1226 1750 concordiam.

977 1765 1048 1795 Sola
1068 1774 1165 1796 causa
1177 1788 1186 1804 ‚
1204 1774 1266 1804 qua
1283 1773 1347 1795 non
1363 1765 1461 1796 liceat
1477 1765 1608 1796 obedire
1625 1775 1679 1804 pa-

1017 1812 1164 1842 rentibus
1175 1834 1184 1849 ,
1200 1813 1286 1841 Deus
1301 1813 1360 1841 est.
1373 1813 1471 1850 Epist.
1486 1812 1555 1841 111.

977 1856 1108 1886 Gustato
1130 1857 1266 1894 spIritu,
1293 1864 1425 1886 necesse
1447 1857 1496 1886 est
1522 1856 1673 1894 desipere

1018 1910 1161 1932 carnem.
1177 1902 1257 1932 Ibid.

977 1948 1043 1977 Non
1072 1948 1144 1985 plus
1165 1948 1301 1977 satiatur
1329 1955 1382 1978 cor
1407 1947 1548 1978 hominis
1577 1955 1653 1977 auro
1668 1971 1675 1985 ,

1018 2002 1113 2031 quam
1129 2002 1243 2031 corpus
1256 2001 1344 2023 aura.
1367 1995 1411 2024 De
1427 1995 1521 2024 Cone.
1541 1995 1578 2023 αα
1596 1996 1673 2024 (Iler.

977 2039 1210 2076 Argumentum
1246 2038 1408 2076 superbiae
1423 2059 1433 2075 ,
1460 2038 1601 2077 privatio
1629 2042 1677 2068 cst

1018 2085 1140 2123 gratiae.
1155 2086 1254 2115 Serm.
1271 2083 1311 2114 5'4
1325 2086 1357 2114 in
1373 2086 1464 2114 Cant.

977 2131 1094 2160 Praesto
1114 2131 1163 2160 est
1185 2130 1314 2166 oculus,
1336 2130 1388 2159 cui
1410 2129 1519 2159 omnia
1539 2129 1673 2168 patent,

1018 2175 1078 2205 etsi
1095 2184 1157 2205 non
1169 2176 1258 2214 patet
1273 2175 1354 2213 ipse.
1368 2177 1466 2205 Serm.
1483 2176 1522 2204 55
1535 2177 1566 2205 in
1583 2177 1674 2205 Cant.

977 2222 1081 2251 Bonus
1092 2230 1279 2260 numquam,
1294 2221 1357 2250 nisi
1369 2221 1575 2250 simulatione
1585 2221 1673 2257 boni,

1017 2267 1172 2305 deceptus
1187 2268 1247 2296 est.
1263 2268 1361 2296 Serm.
1376 2266 1414 2295 66
1429 2267 1460 2296 in
1473 2268 1563 2296 Cant.

977 2313 1130 2343 Haeretici
1145 2312 1327 2350 capiantur,
1343 2320 1409 2341 non
1424 2312 1540 2349 armis,
1557 2312 1611 2342 sed
1627 2321 1677 2341 ar-

1016 2359 1190 2397 gumentis.
1209 2360 1308 2388 Serm.
1325 2357 1364 2388 64
1377 2359 1408 2387 in
1424 2359 1514 2388 Cant.

975 2404 1120 2434 ,Iucunda
1136 2403 1262 2433 homini
1277 2404 1355 2441 lux,
1377 2403 1433 2433 sed
1454 2403 1555 2441 inagis
1571 2412 1676 2432 emer-

1016 2450 1105 2489 genti
1120 2450 1160 2479 de
1175 2450 1331 2479 tenebris.
1344 2450 1442 2479 Serm.
1459 2448 1497 2478 68
1513 2450 1544 2478 in
1557 2450 1646 2478 Cant.

976 2496 1121 2526 Erutlitio
1133 2495 1253 2532 absque
1269 2494 1443 2524 dilectione
1455 2493 1566 2531 inflat,
1577 2494 1675 2523 diter<

1017 2542 1061 2572 tio
1078 2542 1197 2579 absque
1214 2540 1395 2570 eruditione
1410 2540 1505 2570 errat.
1524 2541 1622 2570 Serm.
1637 2542 1674 2569 ‹it›

1017 2590 1049 2618 in
1066 2589 1157 2618 Cant.

976 2633 1052 2663 Dies
1070 2634 1174 2670 palam
1193 2633 1286 2667 facit,
1308 2632 1393 2670 quod
1411 2640 1474 2661 nox
1491 2631 1671 2661 abscondit.

956 2692 959 2699 ·
1019 2679 1167 2712 Svrm.,73
1184 2680 1212 2706 in
1228 2679 1318 2707 Cant.
