1810 3073
526 208 571 236 IN
593 203 793 237 CANTICA
816 203 969 234 SERMO
996 205 1112 234 XXII.

108 262 209 294 solam
235 269 286 292 me
311 258 396 290 trahi
421 257 597 296 petierim:
614 257 747 288 current
772 254 805 286 et

110 306 354 338 adolescentulae
371 311 513 333 mecum.
525 304 697 333 Curremus
720 302 807 341 pari-

110 355 171 390 ter,
183 357 345 382 curremus
355 348 464 385 simul,
479 355 540 386 ego
549 347 645 377 odore
660 353 807 385 unguen-

109 399 212 428 torum
224 397 350 426 tuorum
359 416 368 432 ‚
377 394 441 424 illae
450 401 522 423 meo
533 393 682 423 excitatae
693 399 807 422 exem-

108 442 161 480 plo
175 442 268 478 atque
284 439 413 470 hortatu
423 460 432 476 ,
449 447 486 468 ac
500 446 560 477 per
574 438 634 467 hoc
649 445 760 467 omnes
771 436 806 466 in

109 485 203 516 odore
219 486 455 523 unguentorum
469 483 601 513 tuorum
624 489 803 512 curremus.

109 530 211 560 Habet
235 538 348 568 sponsa
371 529 550 559 imitatores
570 528 642 566 sui,
664 527 748 558 sicut
772 526 805 556 et

108 576 176 614 ipsa
191 576 240 605 est
254 574 382 605 Christi.
403 574 441 603 Et
458 574 532 604 ideo
551 581 617 603 non
630 573 676 603 ait
695 571 806 609 singu-

106 621 218 652 lariter
233 629 240 650 :
259 622 410 656 Curram,
425 618 481 649 sed
492 626 661 648 curremus.

150 666 199 696 10.
215 665 277 696 Sed
288 665 390 695 oritur
402 663 535 702 quaestio
545 683 555 700 ,
567 670 625 692 cur
640 661 803 700 similiter,

108 720 181 742 cum
201 721 233 742 se
249 711 345 750 petiit
368 709 453 739 trahi
466 730 482 747 ,,
497 708 595 738 etiam
617 707 806 738 adolescen-

107 758 191 787 tulas
206 764 268 786 non
291 754 458 792 adjunxit,
475 753 593 782 utnon
614 753 715 782 Trahe
731 762 778 783 me
789 776 800 792 ,
820 734 824 771 ¹

108 802 165 832 sed
178 801 280 830 Trahe
295 808 351 830 nos
363 799 497 829 diceret.
514 797 599 835 Quid
610 797 716 827 enim?
727 799 801 828 For·

107 849 182 877 tene
203 853 316 884 sponsa
344 844 468 882 indiget
496 842 600 881 trahi,
624 843 657 872 et
678 843 803 874 adoles·
821 843 823 851 '

108 891 244 921 centulae
258 897 322 919 non
334 887 498 927 indigent?
509 887 665 926 Opulcra,
677 895 695 916 o
712 888 801 928 felix,

108 946 126 966 ο
142 936 252 973 beata,
270 934 411 964 edissere
431 933 525 963 nobis
546 932 643 970 liujus
667 932 802 964 dIStinc-

108 981 204 1012 tionis
221 980 389 1010 rationem.
415 978 516 1009 Trahe
537 987 584 1008 me
594 999 603 1015 ‚
620 977 679 1008 ais.
695 979 801 1015 Quare

107 1036 171 1064 me,
187 1026 219 1056 et
232 1033 295 1056 non
307 1023 385 1055 nos?
400 1024 446 1053 An
462 1023 522 1054 hoc
541 1023 660 1053 bonum
678 1023 802 1055 invides

106 1071 218 1102 nobis?
231 1071 332 1101 Absit.
353 1070 463 1107 Neque
485 1069 572 1099 enim
594 1069 742 1107 protinus
756 1070 803 1100 di-

107 1119 210 1149 xisses
231 1115 487 1146 adolescentulas
509 1115 618 1144 tecum
640 1122 709 1144 esse
729 1123 803 1145 cur-

107 1171 216 1200 suras,
232 1162 259 1192 si
279 1162 344 1192 sola
357 1160 428 1199 post
448 1167 599 1197 sponsum
621 1158 669 1189 ire
684 1159 804 1190 voluis-

107 1217 169 1239 ses.
189 1209 250 1238 Cur
268 1214 343 1245 ergo
365 1205 535 1244 pluraliter
549 1212 624 1234 mox
648 1204 803 1241 subiunc-

107 1255 178 1284 tura
209 1261 384 1289 curremus,
416 1251 502 1281 trahi
531 1252 563 1281 te
597 1251 802 1289 singulariter

107 1296 289 1338 postulasti?
305 1296 443 1335 Caritas,
459 1295 582 1334 inquit,
598 1296 643 1327 ita
659 1298 802 1335 postula-

107 1345 174 1375 bat.
198 1344 292 1374 Disce
313 1350 373 1381 per
393 1342 454 1372 hoc
479 1342 616 1371 verbum
644 1350 662 1372 a
686 1351 738 1373 me
767 1344 802 1373 in

108 1389 270 1429 spirituali
304 1387 461 1417 exercitio
491 1387 612 1425 duplex
643 1388 801 1418 auxilium

107 1436 243 1473 desuper
257 1441 399 1472 sperare,
415 1433 662 1470 correptionem,
679 1433 711 1463 et
723 1441 802 1463 con-

107 1481 306 1512 solationem.
322 1478 429 1508 Altera
443 1478 520 1509 foris
538 1478 688 1518 exercet,
701 1479 801 1510 altera

107 1527 218 1557 visitat
233 1526 330 1555 intus.
347 1525 404 1554 Illa
422 1524 570 1563 reprimit
583 1523 800 1564 insolentiam,

107 1574 166 1604 ista
187 1573 222 1602 in
250 1571 401 1601 fiduciam
432 1570 529 1608 erigit
543 1578 552 1598 τ
568 1569 624 1599 illa
651 1572 800 1608 operatur

107 1617 337 1655 humilitatem,
347 1616 409 1647 ista
417 1615 719 1655 pusillanimitatem
729 1626 802 1647 con-

106 1665 225 1694 solatur
241 1672 249 1693 ε
267 1663 322 1692 illa
338 1663 463 1700 cautos,
479 1662 539 1692 ista
557 1661 688 1692 devotos
711 1661 799 1693 facit.

105 1710 266 1739 Timorem
276 1707 405 1738 Domini
421 1708 514 1737 docet
526 1707 580 1736 illa
594 1728 604 1744 ,
620 1707 680 1737 ista
695 1707 802 1745 ipsum

105 1755 255 1785 timorem
281 1753 386 1782 infuso
410 1753 567 1790 temperat
583 1752 698 1790 gaudio
716 1754 802 1783 salu-

104 1800 184 1838 tari,
213 1799 296 1830 sicut
325 1798 481 1837 scriptum
505 1799 554 1828 est
570 1800 726 1829 :Loetetur
750 1808 802 1830 cor

105 1847 246 1875 mettmut
261 1845 365 1875 timeat
376 1852 487 1874 nomen
500 1845 598 1874 tumn.
614 1844 694 1873 Item
708 1866 717 1881 ‚
734 1846 801 1875 Ser—

106 1892 162 1921 ‹·ite
185 1891 319 1921 Domino
343 1890 376 1920 in
401 1890 525 1927 timore,
544 1891 573 1920 et
600 1890 750 1920 exsultate
774 1892 802 1921 ei

104 1945 173 1966 cum
190 1938 330 1966 tremore.

146 1983 196 2012 Η.
212 1981 393 2019 Trahimur,
420 1988 493 2011 cum
517 1980 751 2011 tentationibus
767 1982 801 2012 et

103 2027 368 2058 tribulationibus
394 2034 605 2065 exercemur3
628 2028 798 2066 currimus,

104 2081 176 2104 cum
193 2072 329 2103 internis
351 2072 623 2102 consolationibus
644 2073 677 2103 et
697 2072 799 2111 inspi-

103 2118 282 2149 rationibus
306 2117 448 2156 visitati,
477 2117 640 2155 tamquam
661 2118 698 2148 in
725 2127 799 2149 sua-

102 2164 306 2194 veolentibus
314 2163 487 2201 unguentis
498 2163 706 2201 respiramus.
718 2165 798 2202 Ergo

103 2209 187 2248 quod
201 2210 366 2240 austerum
381 2209 415 2238 et
429 2209 545 2241 durum
562 2208 703 2249 videtur,
722 2210 800 2240 reti-

103 2263 163 2285 neo
190 2254 292 2292 mihi,
316 2254 481 2292 tamquam
509 2253 585 2283 forti
598 2275 608 2292 ,
633 2254 798 2293 tamquam

103 2307 205 2337 sanae‚
224 2300 387 2337 tamquam
409 2299 562 2337 perfectae
575 2321 584 2338 ,
600 2299 633 2329 et
648 2299 720 2330 dico
736 2301 800 2330 sin-

103 2344 276 2382 gulariter,
303 2345 403 2375 Trahe
429 2353 488 2375 me.
514 2345 606 2382 Quod
638 2353 736 2376 suave
766 2347 800 2377 et

103 2390 216 2426 dulce,
239 2389 300 2418 tibi
324 2390 489 2427 tamquam
509 2389 638 2420 infirmo
658 2398 801 2422 commu-

102 2434 192 2472 nico,
208 2434 241 2464 et
256 2433 339 2470 dico,
355 2435 532 2464 Curremus.
553 2435 631 2464 Novi
649 2443 707 2473 ego
723 2436 802 2466 ado-

103 2480 294 2509 lescentulas
310 2478 463 2509 delicatas
477 2480 510 2509 et
517 2480 647 2510 teneras
662 2488 731 2510 esse
741 2502 751 2517 ,
767 2484 800 2512 et

103 2525 210 2554 minus
225 2524 356 2554 idoneas
377 2524 510 2554 sufferre
530 2524 747 2556 tentationes:
767 2528 799 2557 et

102 2570 274 2609 propterea
290 2577 419 2600 mecum
434 2571 507 2600 volo
521 2571 558 2600 ut
578 2571 729 2609 currant,
744 2572 799 2602 sed

103 2623 165 2645 non
182 2616 216 2645 ut
238 2623 364 2646 mecum
387 2615 572 2654 trahantur3
591 2617 661 2646 volo
678 2617 799 2648 habere

1483 203 1541 237 213

840 256 940 286 socias
955 253 1194 293 consolationis,
1206 262 1269 285 non
1285 254 1392 287 autem
1405 257 1436 289 et
1451 258 1540 289 labo·

839 301 896 330 ris.
910 300 1038 338 Quare?
1057 300 1218 337 Quoniam
1242 300 1376 331 infirmae
1391 303 1465 331 sunt
1478 325 1486 340 ,
1505 304 1538 331 et

840 353 954 376 vereor
978 353 1021 375 ne
1049 344 1221 381 deficiant,
1246 352 1288 373 ne
1313 347 1537 377 succumbant.

838 391 899 429 Me,
916 391 1034 429 inquit,
1050 398 1067 420 0
1080 398 1208 428 sponse,
1225 389 1349 426 corripe
1360 411 1369 426 ,
1381 398 1433 420 me
1446 399 1540 421 exer-

840 445 895 475 ce,
911 445 963 467 me
985 437 1093 474 tenta,
1115 443 1167 465 me
1184 435 1275 464 trahe
1298 435 1370 473 post
1385 435 1417 464 te
1435 443 1443 464 :
1458 444 1539 474 quo—

838 482 924 512 niam
953 490 1011 520 ego
1040 481 1074 511 in
1100 480 1228 518 flagella
1254 480 1365 518 parata
1390 488 1460 510 sum
1471 501 1480 518 ,
1506 483 1541 512 ct

838 529 950 565 potens
968 527 1008 557 ad
1019 525 1253 557 sustinendum.
1267 526 1424 555 Caeterum
1442 525 1537 556 simul

838 573 1102 603 curremus:sola
1123 572 1253 609 trahar,
1266 571 1323 601 scd
1344 571 1441 601 simul
1464 580 1538 601 cur—

837 626 957 648 remus.
980 619 1148 648 Curremus
1159 639 1169 656 ,
1202 625 1388 654 curremus,
1414 617 1472 647 sed
1500 617 1535 647 in

837 663 933 693 odore
955 663 1196 701 unguentorum
1213 663 1360 700 tuorum,
1378 670 1442 692 non
1461 670 1537 693 nos-

836 709 958 738 trorum
970 708 1085 738 fiducia
1100 707 1289 738 meritorum
1304 715 1312 736 :
1325 716 1386 738 nec
1401 707 1434 737 in
1447 716 1536 747 mag-

836 753 1006 791 gnitudine
1039 753 1160 784 virium
1191 755 1373 784 nostrarum
1403 763 1535 785 currere

835 807 892 829 nos
907 799 1111 838 confidimus,
1123 799 1180 830 sed
1201 799 1235 830 in
1250 800 1459 830 multitudine
1474 801 1536 831 mi-

835 845 1033 875 serationum
1058 846 1199 876 tuarum.
1216 846 1294 875 Nam
1313 846 1346 876 et
1364 846 1390 875 si
1405 846 1534 884 quando

835 890 1037 921 cucurrimus
1056 898 1092 920 ac
1107 891 1290 921 voluntarie
1313 891 1451 930 suimus,
1467 899 1532 922 non

834 934 894 965 fuit
911 936 1049 966 volentis
1060 958 1069 974 ,
1084 944 1190 974 neque
1207 936 1385 975 currentis,
1400 937 1456 967 sed
1473 938 1532 968 mi-

835 982 970 1012 serentis
991 982 1063 1012 Dei.
1081 982 1275 1012 Revertatur
1296 982 1478 1022 miseratio,
1499 985 1533 1015 et

835 1035 1011 1057 curremus.
1036 1029 1083 1058 Tu
1107 1028 1239 1066 quidem
1265 1028 1299 1058 in
1317 1028 1437 1059 virtute
1457 1030 1532 1068 tua,

836 1073 996 1111 tamquam
1017 1073 1103 1112 gigas
1125 1075 1156 1104 et
1177 1074 1309 1114 potens,
1325 1075 1426 1104 curris
1442 1083 1532 1115 tuos,

834 1118 897 1148 nisi
912 1120 1076 1157 unguenta
1088 1120 1141 1150 tua
1155 1119 1369 1158 spiraverint,
1385 1129 1532 1151 noncur-

834 1172 952 1195 remus.
969 1166 1027 1203 Tu,
1039 1173 1137 1204 quem
1150 1165 1244 1195 Pater
1255 1166 1351 1196 unxit
1363 1166 1433 1196 oleo
1449 1167 1531 1198 laeti-

836 1209 887 1240 tiae
899 1219 964 1248 prae
980 1211 1181 1241 consortibus
1201 1211 1266 1241 tuis
1276 1233 1285 1249 ,
1299 1211 1402 1242 curris
1413 1212 1448 1242 in
1462 1213 1531 1251 ipsa

835 1256 1002 1294 unetione3
1019 1265 1076 1287 nos
1088 1256 1123 1286 in
1138 1256 1226 1286 illius
1238 1257 1334 1287 odore
1347 1265 1531 1288 curremus:

836 1303 869 1330 lu
883 1301 916 1332 in
932 1302 1153 1341 plenitudine,
1173 1310 1230 1332 nos
1251 1302 1286 1332 in
1310 1303 1419 1333 odore.
1435 1304 1532 1334 Tem-

835 1354 893 1382 pus
915 1347 1002 1378 esset
1020 1348 1057 1377 ut
1079 1348 1297 1386 persolverem
1312 1348 1398 1386 quod
1413 1348 1453 1378 de
1468 1357 1530 1379 un—

833 1392 960 1428 guentis
981 1392 1090 1431 sponsi
1107 1393 1208 1431 ‘longe
1229 1400 1324 1430 supra
1345 1393 1530 1431 promisisse

834 1445 885 1467 me
914 1438 1068 1477 memini,
1096 1438 1123 1469 si
1149 1447 1215 1468 non
1247 1438 1348 1475 hujus
1370 1440 1531 1470 sermonis

834 1483 998 1522 longitudo
1019 1484 1159 1515 vetaret.
1186 1484 1312 1514 Differo
1341 1492 1415 1522 ergo
1432 1493 1440 1514 ε
1458 1493 1532 1515 nam

835 1529 867 1559 et
900 1530 1043 1560 materiae
1073 1531 1211 1569 dignitas
1245 1530 1363 1561 arctari
1396 1531 1532 1562 molesta

833 1574 991 1606 brevitate
1003 1584 1066 1606 non
1080 1576 1213 1615 patitur.
1226 1576 1346 1614 Rogate
1358 1577 1531 1607 Dominum

834 1622 994 1652 unctionis
1005 1644 1014 1660 ,
1027 1622 1063 1652 ut
1077 1622 1259 1653 voluntaria
1271 1622 1335 1652 oris
1348 1623 1414 1652 mei
1429 1623 1532 1653 benc-

834 1666 950 1704 placita
966 1666 1072 1697 facere
1087 1667 1238 1705 dignetur
1253 1667 1292 1697 ad
1304 1666 1531 1696 insinuandam

834 1713 950 1742 vestris
966 1712 1136 1743 desideriis
1157 1711 1348 1742 memoriam
1364 1711 1530 1741 abundan-

834 1758 887 1788 tize
908 1758 1076 1788 suavitatis
1100 1767 1187 1796 suae,
1203 1766 1275 1796 quae
1297 1758 1345 1788 est
1366 1757 1399 1787 in
1415 1765 1530 1796 sponso

833 1803 982 1834 Ecclesiae
1007 1803 1083 1833 Jesu
1097 1803 1222 1834 Christo
1243 1803 1379 1833 Domino
1400 1804 1506 1833 nostro
1520 1826 1541 1838 .„

833 1857 937 1880 amen.

1014 1939 1182 1973 SERMO
1213 1939 1343 1972 XXII.

833 2017 871 2040 De
884 2017 1007 2046 quatuor
1020 2014 1171 2044 unguentis
1181 2013 1292 2044 Sponsi3
1306 2017 1332 2038 et
1344 2015 1461 2039 totidem
1474 2015 1535 2039 vir—-

1023 2051 1132 2075 tutibus
1145 2049 1342 2075 cardinalibus.

873 2116 902 2144 l.
919 2114 952 2144 S1
962 2114 1006 2145 ita
1014 2114 1168 2153 pretiosa,
1178 2113 1223 2144 ita
1230 2113 1399 2151 magnifica
1407 2121 1532 2152 sponsae
1545 2132 1547 2134 v

831 2161 996 2199 unguenta
1011 2160 1144 2190 inventa
1160 2160 1250 2197 sunt,
1262 2159 1532 2198 quemadmodum

833 2215 906 2236 cum
916 2206 1132 2237 tractarentur
1139 2205 1273 2236 audistis
1282 2214 1291 2244 3
1308 2205 1414 2244 sponsi
1424 2205 1534 2244 qualia

832 2252 928 2283 sunt?
943 2253 982 2283 Et
1004 2252 1031 2282 si
1058 2252 1154 2290 digne
1177 2259 1216 2281 ea
1235 2259 1312 2290 nos,
1334 2252 1429 2290 prout
1445 2251 1532 2288 sunt,

832 2307 896 2329 non
908 2297 1086 2329 sufficimus
1098 2297 1284 2336 explicare3
1300 2297 1387 2327 haud
1398 2297 1533 2327 dubium

833 2345 942 2374 tamen
956 2343 1036 2382 quin
1051 2343 1268 2373 excellentior
1285 2342 1401 2372 horum
1414 2342 1533 2378 virtus,

834 2391 867 2420 et
888 2390 991 2428 gratia
1018 2388 1183 2419 efficacior
1211 2388 1274 2426 sit,
1297 2396 1432 2426 quorum
1448 2387 1534 2417 solus

833 2444 898 2466 non
919 2435 1023 2466 solum
1048 2434 1326 2472 adolescentulas,
1355 2433 1411 2464 sed
1431 2432 1533 2470 ipsam

833 2489 961 2520 quoque
984 2488 1133 2519 sponsam
1160 2480 1237 2510 odor
1258 2479 1381 2510 excitat
1401 2478 1441 2508 ad
1460 2485 1536 2507 cur—

833 2527 982 2557 rendum.
1005 2526 1039 2556 Si
1062 2526 1151 2556 enim
1170 2525 1335 2563 advertis,
1355 2524 1401 2554 nil
1416 2523 1480 2552 tale
1494 2521 1534 2551 de

834 2572 974 2611 propriis
981 2571 1158 2611 unguentis
1169 2579 1244 2601 ausa
1261 2571 1309 2600 est
1324 2567 1484 2608 polliceri.
1497 2567 1536 2596 Et

837 2618 968 2656 quidem
983 2617 1040 2648 illa
1065 2616 1187 2656 optima
1203 2623 1272 2646 esse
1288 2614 1442 2653 gloriatur
1457 2620 1465 2642 t
1480 2611 1536 2642 scd
