1846 3078
529 244 575 275 IN
597 242 800 275 CANTICA
824 240 976 272 sERMo
996 241 1152 271 LXXVI.

1498 245 1558 278 403

133 302 240 343 potius
255 300 420 342 quaesisso.
435 296 503 330 Non
527 298 589 338 ait,
605 305 731 337 quaero3
753 296 810 328 sed
821 318 832 335 ,
866 295 918 326 tus
931 295 1088 327 Dominus
1103 295 1211 326 noster
1221 316 1230 333 ,
1245 295 1300 334 qui
1320 297 1368 329 est
1381 304 1476 339 super
1490 309 1558 332 om·

133 349 259 388 quoesiri
273 356 329 386 per
351 347 472 384 noctes,
496 354 585 384 quem
608 345 702 383 dilt'qz't
725 345 833 374 anima

133 403 213 424 mea.
229 394 267 423 Et
282 392 329 422 est
344 399 455 421 sensus
465 412 475 429 ‚
486 390 561 428 quia
571 398 644 420 cum
660 389 747 419 esset
761 396 834 427 par-

134 440 208 469 vula
219 460 228 476 ‚
240 437 388 476 sapiebat
401 436 439 466 ut
454 436 589 475 parvula
599 457 610 472 ,
626 434 787 472 cogitabat
797 433 834 463 ut

134 483 268 522 parvula
278 504 288 521 ‚
301 482 333 512 et
344 481 509 520 quaerebat
516 480 688 511 veritatem
697 479 754 509 ubi
769 487 833 509 non

134 530 220 565 erat,
238 535 366 564 errans,
383 528 416 556 et
442 534 508 556 non
535 525 726 562 inveniens,
740 523 834 561 juxta

134 573 216 603 illud
237 572 272 603 in
288 573 410 611 psalmo
427 579 434 600 :
452 573 568 602 Errat-i
587 572 664 602 sicat
690 571 752 601 oris
767 578 833 609 quae

131 621 233 657 periit.
262 618 410 656 Denique
426 617 461 647 in
474 617 594 647 lectulo
621 624 656 646 se
676 615 835 645 memorat

135 665 212 694 tunc
238 664 341 693 adhuc
358 671 446 701 esse,
467 663 633 701 tamquam
658 662 752 693 aetate
772 660 834 690 im-

134 710 286 740 becillem
307 717 344 738 ac
356 709 524 747 parvulam
542 717 651 738 sensu.

177 756 225 785 1¹.
240 756 272 786 Si
287 755 396 785 tamen
411 755 456 784 ita
472 756 641 784 construas
652 774 661 790 ‚
677 753 714 782 In
728 750 834 782 lectulo

134 810 219 838 meo,
243 800 414 836 subaudis,
445 799 604 829 exsistens
628 799 683 828 vel
705 799 833 834 jacens,

134 848 259 886 quoesivi
282 855 370 885 quem
396 845 492 883 diliqit
518 846 626 874 anima
656 853 744 880 mea,
770 851 835 872 non

134 892 268 932 quaesivi
293 891 328 921 in
348 890 486 928 lectulo,
505 890 561 920 sed
578 898 635 920 ens
659 890 693 919 in
714 888 835 918 lectulo

134 936 291 976 quaesivi:
308 936 369 966 hoc
386 935 537 972 est‚Cum
551 934 656 964 adhuc
667 933 793 963 infirma
803 935 836 964 et

135 981 278 1013 invalida
297 980 399 1011 forem
411 1002 421 1018 ‚
443 981 477 1010 et,
497 980 630 1009 omnino
644 979 751 1009 minus
766 979 836 1009 ido-

135 1035 197 1057 nea
224 1026 316 1064 sequi
342 1033 494 1064 sponsum
526 1032 728 1063 quocumque
754 1023 835 1061 iret,

135 1073 228 1110 sequi
243 1072 283 1102 ad
311 1072 411 1102 ardua
426 1072 459 1101 et
474 1071 602 1101 excelsa
629 1069 836 1100 sublimitatis

136 1118 242 1156 illius3
258 1118 358 1148 incidi
374 1117 408 1147 in
422 1117 558 1153 multos,
573 1115 629 1154 qui
645 1123 837 1153 cognoscen-

136 1164 185 1193 tes
201 1163 397 1193 desiderium
417 1170 525 1192 meum
536 1183 545 1200 ‚
567 1162 718 1192 dicebant
733 1161 835 1190 mihi:

137 1211 214 1239 Ecce
238 1209 288 1239 hic
312 1210 355 1239 est
383 1209 541 1244 Christus,
557 1216 621 1237 ecce
636 1208 696 1237 illic
721 1208 762 1236 est
778 1215 788 1236 .-
805 1207 838 1236 et

136 1263 242 1292 neque
260 1254 316 1284 bic
328 1274 338 1291 ‚
354 1261 461 1291 neque
476 1253 545 1283 illic
565 1253 646 1282 crat.
660 1252 764 1282 Incidi
781 1260 838 1282 au-

136 1300 221 1338 tem,
234 1300 268 1330 et
282 1307 347 1329 non
363 1298 404 1329 ad
419 1299 640 1338 insipientiam
653 1299 747 1328 mihi.
760 1299 837 1327 Nam

137 1353 200 1384 quo
216 1345 350 1384 propius
370 1345 508 1381 accessi,
531 1346 564 1374 et
579 1344 747 1382 exploravi
763 1344 838 1373 dili-

137 1391 285 1430 gentius,
301 1399 340 1421 eo
355 1390 451 1420 citius
472 1391 657 1428 certiusque
679 1391 836 1428 cognovi‚

138 1437 312 1467 veritatem
331 1436 416 1475 apud
431 1443 484 1466 eos
499 1436 730 1475 minime-esse.
747 1437 840 1473 Quae-

138 1482 199 1513 sivi
229 1483 337 1520 enim,
363 1483 396 1512 et
420 1489 488 1511 non
513 1482 624 1511 inveni
642 1489 650 1510 :
668 1483 701 1511 et
723 1481 840 1519 depre-

138 1528 239 1558 hendi
259 1528 389 1566 noctes,
409 1527 465 1566 qui
487 1535 522 1557 se
547 1527 617 1557 dies
634 1527 840 1557 mentieban-

138 1575 203 1603 tur.

179 1620 230 1650 12.
244 1619 283 1650 Et
298 1619 368 1650 dixi
385 1628 393 1649 :
411 1620 544 1658 Surqam
554 1641 564 1656 ,
579 1618 608 1649 et
622 1617 754 1649 circuibo
769 1619 840 1649 civi-

138 1666 229 1696 tatem
258 1674 268 1695 :
294 1674 349 1704 per
376 1666 457 1695 vicos
485 1666 513 1694 et
541 1665 660 1702 plateas
702 1672 840 1701 quoeram

138 1720 227 1749 quem
235 1711 330 1749 diliyit
340 1712 447 1740 anima
455 1709 670 1739 mea.1ntuere
679 1709 731 1739 vel
741 1716 839 1746 nunc,

138 1755 215 1794 quia
237 1755 324 1792 jacet
351 1763 422 1793 quae
439 1755 519 1784 dicit
536 1762 545 1784 z
562 1756 708 1792 Sar-qam.
724 1753 839 1784 Pulcre

139 1800 282 1831 omnino.
310 1800 430 1837 Quidni
459 1799 626 1837 surgeret,
651 1798 777 1837 cognito
800 1799 840 1829 de

139 1847 375 1877 resurrectione
386 1846 496 1876 dilecti
504 1846 678 1875 {Caeterum
687 1866 696 1883 ‚
708 1853 725 1874 o
733 1844 840 1882 beata,

139 1892 165 1922 si
179 1891 413 1922 consurrexisti
429 1900 501 1921 cum
516 1891 641 1921 Christo
655 1911 664 1928 ‚
686 1899 757 1928 quae
773 1899 842 1920 sur·

138 1946 210 1968 sum
226 1938 303 1968 sunt
325 1938 430 1976 sapias
456 1938 598 1975 oportet3
624 1945 730 1974 neque
747 1936 841 1966 deor-

139 1992 228 2022 sum,
245 1983 302 2014 sed
318 1992 442 2014 sursum
459 1991 582 2021 quaeras
606 1982 768 2012 Christum
782 1990 841 2012 ne-

139 2037 228 2059 cesse
245 2030 312 2067 est,
327 2029 384 2059 ubi
406 2029 499 2059 sedet
516 2029 551 2059 in
576 2028 711 2058 dextera
725 2028 839 2058 Patris.

139 2074 202 2104 Sed
227 2075 380 2111 circuibo,
402 2074 469 2112 ais,
495 2075 656 2104 civitatem.
682 2073 729 2102 Ad
743 2073 842 2111 quid?

139 2121 174 2150 In
189 2120 329 2150 circuitu
354 2120 447 2158 impii
469 2119 648 2149 ambulant.
663 2119 783 2148 Judaeis
798 2118 843 2148 is·

140 2165 199 2195 tud
214 2165 391 2203 relinquito
401 2187 411 2203 ‚
432 2165 551 2204 quibus
566 2165 716 2203 proprius
729 2172 841 2194 eorum

138 2211 299 2249 Propheta
324 2210 385 2241 hoc
400 2210 595 2241 vaticinatus
614 2210 680 2247 est,
696 2210 772 2248 quia
792 2211 843 2248 fa-

138 2265 217 2286 mem
235 2258 390 2294 patientur
404 2259 437 2287 ut
451 2265 560 2293 canes,
577 2258 604 2287 et
617 2257 785 2286 circuibunt
799 2257 843 2287 ci-

140 2302 276 2331 vitatem.
302 2302 339 2330 Et
365 2302 391 2330 si
417 2301 583 2332 introieris
599 2302 634 2331 in
656 2301 841 2340 civitatem,

140 2346 319 2376 secundum
342 2347 535 2384 Prophetam
556 2346 675 2384 alium,
688 2356 752 2377 ecce
768 2349 844 2378 atte-

141 2393 231 2422 nuati
245 2392 327 2430 fame
343 2401 352 2421 :
369 2392 453 2430 quod
474 2392 589 2430 utique
604 2400 669 2422 non
691 2393 794 2430 esset,
815 2394 843 2424 si

142 2437 176 2467 in
192 2445 230 2468 ea
255 2437 368 2468 fuisset
395 2437 489 2476 panis
510 2437 600 2467 vitae.
627 2437 778 2467 Surrexit
803 2437 843 2468 de

141 2483 236 2513 corde
260 2485 373 2522 terrae,
392 2483 449 2513 sed
466 2491 563 2522 super
578 2485 697 2514 terram
711 2492 776 2514 non
791 2493 844 2514 re-

142 2528 272 2558 mansit.
287 2529 439 2558 Ascendit
459 2530 568 2559 autem
585 2529 642 2560 ubi
658 2529 727 2559 erat
741 2530 842 2567 prius.

142 2574 220 2604 Nam
235 2575 292 2613 qui
315 2574 501 2614 descendit,
523 2575 593 2614 ipse
610 2575 658 2605 est
673 2575 707 2604 et
721 2575 777 2613 qui
794 2583 846 2606 as-

143 2619 370 2659 cendit,panis
384 2620 479 2651 vivus
493 2621 548 2659 qui
562 2620 602 2651 de
618 2620 699 2651 coelo
711 2621 846 2651 descen-

143 2664 211 2704 dit,
224 2665 292 2703 ipse
318 2665 458 2705 Sponsus
472 2666 622 2697 Ecclesiae
637 2666 728 2697 Jesus
739 2666 846 2697 Chris-

865 340 920 371 nia
934 341 1021 371 Deus
1045 340 1237 372 benedictus
1250 340 1286 371 in
1306 344 1438 384 saecula,
1453 353 1559 376 amen.

1160 417 1275 425 -ι

1028 463 1198 498 SERMO
1229 462 1406 497 LXXVI.

867 541 907 566 De
925 541 1050 566 daritate
1068 542 1165 572 sponsi
1173 558 1181 571 ‚
1196 541 1226 564 in
1246 547 1304 572 qua
1323 539 1472 571 coaequalis
1492 541 1567 567 Patri

897 577 971 601 sedet
983 585 998 601 a
1012 577 1116 602 dextris
1127 577 1226 607 gloriae
1238 577 1299 607 ejus
1310 585 1315 601 :
1328 579 1354 600 et
1367 576 1489 607 qualiter
1501 576 1568 601 boni

896 616 1015 644 pastores
1023 613 1124 637 debent
1133 620 1184 637 esse
1192 613 1314 642 solliciti,
1321 613 1418 644 vigiles
1425 614 1451 636 et
1460 611 1513 636 disc
1518 613 1570 636 reli

897 649 972 673 circa
982 649 1126 680 pascendas
1137 650 1243 673 animas
1253 649 1305 674 sibi
1317 649 1482 673 commissas.

908 711 938 742 1.
956 713 1017 742 Per
1042 713 1124 743 vicos
1137 713 1166 742 et
1187 712 1306 751 plateas
1319 719 1458 751 quoeram
1480 719 1571 749 quem

867 757 963 796 diligit
988 758 1096 788 anima
1123 766 1204 787 mea.
1230 757 1344 787 Adhuc
1372 756 1413 786 ut
1436 754 1571 794 parvula

868 802 962 840 sapit.
988 803 1067 832 Puto
1091 802 1246 833 arbitrata
1261 802 1330 840 est,
1350 808 1515 840 egressum
1530 800 1572 830 de

869 848 993 878 tumulo
1015 847 1184 887 publicum
1199 855 1276 877 mox
1297 846 1453 886 petiisse,
1469 846 1507 876 ut
1521 853 1574 875 so-

868 893 926 923 lito
954 893 1085 924 doceret
1105 893 1260 932 populos,
1278 901 1316 924 ac
1340 892 1469 922 sanaret
1483 890 1573 921 infir-

869 946 955 976 mos,
972 938 1005 969 et
1019 940 1056 969 ut
1074 938 1299 969 manifestaret
1325 937 1460 976 gloriam
1481 943 1575 966 suam

870 984 905 1013 in
924 984 1038 1021 Israel,
1051 984 1079 1014 si
1095 983 1176 1014 forte
1191 983 1381 1022 reciperent
1400 989 1575 1019 resurgen-

870 1029 937 1059 tem
960 1029 1000 1059 de
1014 1029 1134 1067 morte,
1150 1029 1205 1067 qui
1221 1037 1255 1058 se
1276 1028 1484 1067 recepturos,
1498 1034 1574 1065 pro-

871 1074 1044 1105 mittebant
1058 1074 1310 1104 descendentem
1325 1073 1366 1103 de
1387 1080 1495 1103 cruce.
1511 1072 1575 1102 Ve-

870 1127 942 1149 rum
957 1120 1013 1149 ille
1035 1119 1218 1158 perfecerat
1229 1127 1324 1157 opus,
1339 1118 1425 1156 quod
1440 1117 1503 1148 sibi
1519 1117 1575 1147 de-

870 1164 961 1195 derat
974 1166 1070 1195 Pater
1093 1166 1131 1195 ut
1146 1165 1285 1202 faceret3
1302 1163 1388 1203 quod
1412 1171 1489 1194 sane
1511 1163 1574 1193 ista

872 1210 1073 1241 intellexisse
1088 1211 1245 1241 debuerat
1258 1210 1311 1240 vel
1327 1218 1370 1240 ex
1387 1217 1467 1239 voce
1493 1217 1573 1247 pen-

871 1255 995 1294 dentis,
1011 1256 1067 1286 illa
1088 1257 1233 1294 scilicet,
1252 1264 1317 1294 qua
1339 1255 1414 1285 ilico
1430 1255 1574 1293 exspira-

871 1302 962 1332 turus
976 1302 1021 1332 ait
1036 1310 1045 1331 t
1061 1303 1314 1333 Consummatam
1335 1303 1389 1332 est.
1417 1302 1486 1330 Non
1504 1300 1575 1331 erat

870 1347 936 1383 jam
948 1348 1034 1386 quod
1049 1356 1082 1378 se
1097 1348 1204 1378 denuo
1219 1347 1367 1377 crederet
1378 1346 1494 1384 turbiS,
1503 1354 1576 1384 quae

872 1401 932 1422 nec
946 1393 992 1423 sic
1007 1393 1141 1423 forsitan
1151 1392 1243 1423 erant
1254 1392 1289 1422 in
1301 1400 1376 1422 eum
1388 1391 1574 1422 crediturae.

872 1439 910 1467 Et
926 1437 1100 1469 festinabat
1124 1438 1166 1468 ad
1190 1438 1340 1474 Patrem,
1367 1437 1423 1475 qui
1450 1436 1514 1466 sibi
1528 1436 1577 1466 di-

873 1484 980 1513 ceret:
997 1485 1070 1514 Sede
1086 1492 1107 1513 a
1121 1484 1237 1513 dcxlv-Is
1248 1484 1340 1518 meis,
1353 1483 1446 1512 donec
1459 1490 1577 1520 ponam,

873 1529 1012 1560 inimicos
1036 1531 1103 1559 taos
1125 1529 1292 1559 scabellum
1314 1529 1425 1567 pedum
1439 1529 1575 1558 tuorum.

873 1574 1000 1604 Fortius
1025 1581 1144 1612 nempe
1178 1574 1275 1612 atque
1309 1572 1471 1611 divinius,
1501 1581 1577 1602 cum

874 1619 1035 1650 exaltatus
1056 1619 1158 1649 fuerit
1177 1627 1197 1649 a
1211 1620 1317 1657 terra,
1343 1619 1450 1648 omnia
1470 1618 1580 1649 trahet

874 1665 913 1694 ad
928 1665 1082 1703 seipsum.
1111 1665 1188 1694 Haec
1212 1664 1322 1694 autem
1346 1671 1406 1702 per
1429 1663 1518 1693 vicos
1541 1665 1577 1693 et

873 1710 997 1748 plateas
1027 1709 1238 1748 quaerendum
1268 1708 1416 1747 putavit,
1447 1707 1579 1738 fruendi

874 1755 986 1793 avida,
999 1756 1057 1786 sed
1068 1755 1180 1793 ignara
1195 1754 1354 1793 mysterii.
1371 1754 1492 1784 Iterum
1502 1762 1578 1792 ergo

874 1799 1024 1830 frustrata
1039 1799 1161 1838 repetit
1176 1799 1286 1829 djcens
1299 1820 1309 1836 ‚
1325 1799 1456 1838 Quoesici
1470 1799 1555 1828 illum
1565 1820 1575 1835 ,

874 1847 902 1875 et
912 1854 973 1875 non
988 1846 1105 1884 inveni5
1114 1845 1149 1874 ut
1156 1853 1261 1874 sermo
1273 1843 1467 1882 impleretur
1478 1852 1578 1882 quem

875 1891 959 1921 dixit
975 1898 982 1920 :
1000 1892 1081 1930 Quia
1092 1892 1171 1922 vado
1184 1891 1224 1921 ad
1234 1891 1380 1927 Patrem,
1392 1891 1420 1920 et
1428 1890 1499 1928 jam
1512 1898 1578 1919 non

874 1937 1010 1967 videbitis
1034 1945 1093 1966 me.

914 1982 945 2012 2.
961 1982 1057 2012 Dicat
1078 1981 1212 2012 forsitan
1226 1978 1307 2012 ista:
1322 1979 1487 2018 Quomodo
1502 1988 1578 2018 ergo

875 2027 1008 2058 credent
1024 2028 1059 2057 in
1082 2035 1176 2064 eum,
1197 2034 1295 2065 quem
1309 2035 1374 2056 non
1396 2025 1579 2056 videbunt?

875 2072 972 2110 Quasi
990 2072 1070 2102 fides
1085 2080 1127 2102 ex
1153 2072 1227 2102 visu
1253 2072 1311 2110 sit,
1327 2072 1362 2102 et
1387 2079 1453 2102 non
1469 2071 1579 2110 potius

876 2126 919 2148 ex
944 2117 1069 2148 auditu.
1104 2116 1190 2155 Quid
1223 2116 1333 2155 magni
1367 2118 1416 2147 est
1444 2116 1579 2147 credere

875 2163 960 2202 quod
975 2163 1098 2193 videris
1110 2185 1119 2201 ‚
1136 2164 1169 2193 et
1180 2162 1246 2193 tuis
1260 2170 1325 2192 non
1339 2169 1459 2200 negare
1475 2162 1580 2192 oculis

876 2209 973 2238 fidem
988 2207 1066 2247 quid
1080 2207 1186 2238 laudis
1199 2206 1363 2237 meretur?
1378 2207 1441 2237 Sed
1455 2206 1581 2245 siquod

876 2262 940 2283 non
952 2253 1101 2284 videmus
1116 2260 1298 2291 speramus,
1314 2260 1373 2291 per
1384 2251 1579 2291 patientiam

877 2299 1103 2338 exspectamus
1115 2307 1123 2337 3
1135 2299 1168 2329 et
1178 2298 1337 2337 patientia
1349 2298 1504 2328 meritum
1517 2298 1578 2330 est.

876 2346 982 2381 Beati,
997 2344 1213 2383 denique2qui
1226 2352 1289 2374 non
1304 2345 1462 2380 viderunt,
1475 2344 1503 2373 et
1514 2351 1579 2378 cre-

877 2391 1029 2421 diderunt.
1045 2390 1183 2421 Proinde
1194 2391 1233 2420 ut
1246 2397 1312 2420 non
1321 2389 1496 2420 evacuetur
1510 2396 1579 2417 me-

877 2435 978 2466 ritum
1004 2435 1100 2473 fidei,
1129 2435 1289 2467 subducat
1315 2442 1350 2465 se
1372 2432 1474 2471 visui,
1500 2432 1579 2462 dans

877 2480 992 2511 virtuti
1004 2481 1124 2511 locum.
1150 2481 1254 2511 Etiam
1266 2480 1299 2510 et
1312 2480 1440 2516 tempus
1455 2476 1524 2514 est,
1541 2477 1579 2507 ut

875 2525 942 2563 iam
956 2526 992 2556 in
1006 2534 1100 2557 suum
1115 2534 1186 2557 sese
1211 2523 1359 2562 recipiat.
1384 2521 1505 2559 Quaeris
1515 2543 1525 2560 ,
1540 2521 1577 2552 in

878 2579 975 2610 quem
984 2579 1078 2602 suum
1089 2570 1102 2601 ἓ
1113 2572 1149 2602 111
1162 2570 1327 2601 dexteram
1339 2566 1453 2597 Patris.
1465 2566 1577 2605 Neque

879 2616 966 2647 enim
973 2616 1120 2655 rapinam
1130 2614 1340 2646 arbitrabitur
1347 2619 1416 2641 esse
1430 2619 1463 2641 sc
1472 2619 1578 2650 aequa-

878 2662 943 2693 lem
958 2662 1047 2701 Deo,
1064 2669 1137 2692 cum
1153 2660 1194 2690 sit
1209 2659 1241 2688 in
1258 2657 1357 2688 forma
1368 2655 1442 2687 Dei.
1454 2656 1534 2695 Ergo
1549 2657 1576 2686 is

1408 2701 1453 2729 ⁶26.
