1846 3078
534 216 580 244 m
602 214 803 244 cAN'rch
825 215 977 244 senno
1003 216 1139 245 cxxx.
1506 225 1565 256 [⁴¹7

139 277 212 310 quae
228 270 315 302 tanta
338 269 385 301 est
407 268 444 301 ut
468 268 565 300 faciat
580 270 696 300 Deum.
722 268 786 300 Sed
813 268 841 299 si
874 269 978 300 Boetii
996 269 1036 300 de
1051 269 1234 309 Trinitate,
1253 273 1417 306 sanissima
1440 278 1569 316 quidem

139 317 226 347 Deus
239 326 303 347 non
323 316 387 353 est,
403 315 481 353 quid
496 315 562 345 est?
579 316 639 345 Aut
652 314 740 345 enim
754 315 842 344 Deus
874 316 970 353 atque
999 316 1176 354 catholica,
1206 321 1479 353 commentabatur
1508 323 1570 355 hoc

141 365 189 393 est
200 385 209 400 ‚
225 363 280 393 aut
294 362 416 400 aliquid
428 361 513 400 quod
529 370 593 391 non
608 363 656 392 est
670 363 756 391 Deus
767 361 841 400 ,aut
873 361 978 391 modo.
996 373 1013 388 «
1027 362 1122 392 Pater
1133 362 1182 392 est
1197 362 1317 392 veritas
1328 364 1379 401 ,id
1390 367 1438 396 cst
1452 376 1568 399 verus:

141 408 235 437 nihil.
253 407 409 444 Equidem
425 416 488 437 non
500 407 555 436 das
567 408 669 437 Deum
687 415 756 437 esse
769 407 841 445 ,sed
875 418 891 433 »
907 408 1007 438 Filius
1022 408 1071 438 est
1090 408 1231 447 veritas,
1248 408 1280 438 id
1298 409 1346 439 est
1360 418 1455 441 verus
1474 422 1482 441 t
1497 413 1569 452 Spi-

139 461 180 482 ne
196 452 335 481 nihilum
353 453 483 490 quidem
500 451 557 492 (ut
578 451 711 492 opinor)
729 453 819 482 dabis
831 475 839 490 ,
875 464 891 479 »
906 453 987 484 ritus
1001 454 1131 484 sanctus
1146 454 1195 484 cst
1206 454 1344 492 veritas,
1358 454 1392 484 id
1406 457 1454 486 est
1463 466 1569 490 verus,

137 505 233 535 quam
250 506 351 535 usque
369 498 447 528 adeo
462 498 678 528 necessariam
689 498 757 528 Deo
770 506 839 527 esse
874 510 890 524 »
906 499 943 529 Et
970 499 1004 528 bi
1030 501 1096 530 ires
1111 499 1207 530 simul
1234 508 1298 529 non
1326 499 1391 529 tres
1405 501 1572 542 veritates,

140 542 270 580 fateris,
286 545 323 573 ut
344 552 409 573 non
435 543 529 573 modo
555 544 675 581 absque
702 551 739 573 ea
754 544 840 572 Deus

138 597 208 619 esse
225 597 288 619 non
306 590 423 628 possit,
439 589 497 619 sed
513 597 551 618 ea
567 589 620 618 sit.
636 588 727 626 Quod
739 588 766 618 si
781 588 840 618 ali-

137 635 216 674 quid
236 637 284 666 est
294 636 397 674 ,quod
412 644 475 666 non
491 636 540 666 est
552 636 656 666 Deus:
668 636 722 665 aut
735 635 840 665 minor

137 682 201 711 erit
230 683 315 720 Deo,
331 683 387 712 aut
403 681 522 719 major,
539 682 594 711 aut
615 689 684 719 par.
701 681 740 710 At
761 689 840 719 quo-

137 727 234 756 modo
248 727 370 765 minor,
387 736 449 765 qua
473 728 559 757 Deus
575 727 642 757 est?
666 726 778 756 Restat
801 728 839 757 ut

138 772 194 802 aut
218 772 370 809 majorem
393 772 543 809 fatearis,
559 772 615 801 aut
636 780 759 809 parem.
776 771 838 802 Sed

135 817 163 846 si
178 818 295 855 major,
311 817 379 855 ipsa
392 817 439 846 est
453 825 615 846 summum
627 817 837 855 bonum,non

134 862 220 892 Deus
235 863 283 892 :si
304 871 379 900 par,
395 862 457 891 duo
479 863 555 892 sunt
584 870 710 892 summa
732 863 836 900 hona,

134 916 198 938 non
212 916 326 938 unum.
347 907 439 945 Quod
453 908 631 946 utrumque
657 908 837 938 catholicus

133 953 255 991 refugit
279 960 402 983 sensus.
426 953 498 981 Jam
525 952 565 982 de
590 952 834 990 magnitudine,

133 999 276 1029 bonitate
288 1019 297 1035 ‚
318 998 462 1035 justitia,
478 997 702 1036 sapientiaque
715 1019 725 1034 ,
748 997 834 1027 idem

134 1053 194 1082 per
208 1045 333 1082 omnia,
349 1044 435 1082 quod
461 1043 500 1073 de
530 1043 701 1073 divinitate
712 1065 720 1081 ,
737 1044 836 1073 senti-

134 1099 205 1120 mus
221 1099 229 1120 ε
246 1099 346 1120 unum
363 1090 397 1119 in
412 1091 479 1119 Deo
496 1090 591 1127 sunt,
609 1089 641 1119 θῖ
664 1097 738 1119 cum
754 1090 833 1120 Deo.

132 1136 197 1166 Nec
219 1136 306 1166 enim
335 1135 466 1165 aliunde
487 1135 607 1173 bonus,
631 1143 729 1173 quam
748 1135 834 1165 unde

132 1190 265 1219 magnus
275 1190 283 1219 ;
292 1189 352 1211 nec
363 1181 495 1210 aliunde
505 1180 611 1217 justus
624 1180 679 1210 aut
690 1181 832 1219 sapiens,

131 1235 226 1266 quam
236 1227 320 1257 unde
328 1234 462 1264 magnus
471 1226 502 1256 et
510 1226 625 1264 bonus;
634 1234 693 1255 nec
702 1226 834 1257 aliunde

133 1273 273 1312 denique
297 1273 394 1303 simul
421 1272 490 1302 haec
510 1272 616 1302 omnia
643 1272 713 1310 est,
736 1281 833 1310 quam

132 1320 218 1350 unde
240 1319 393 1357 Deus,et
415 1318 476 1348 hoc
498 1326 626 1356 quoque
640 1318 770 1348 nonnisi
797 1327 832 1349 se

130 1367 213 1404 ipso.

171 1412 201 1441 7.
219 1410 281 1441 Sed
301 1410 381 1441 dicit
395 1409 569 1440 haereticus
584 1417 592 1438 :
608 1408 712 1446 Quid?
728 1410 831 1440 Deum

873 555 889 569 »
904 544 961 574 sed
983 553 1044 575 una
1060 545 1197 583 veritas,
1213 545 1248 576 id
1262 545 1311 576 θεῖ
1334 553 1418 575 unus
1430 554 1537 577 verus.
1553 559 1571 575 ιι

872 589 895 618 O
911 591 1080 620 obscuram
1100 599 1352 629 perversamque
1369 590 1572 628 explanatio-

871 636 967 665 nem!
984 637 1087 674 Quam
1102 637 1212 668 verius
1228 637 1401 675 saniusque
1421 644 1482 676 per
1495 645 1572 667 con—

870 681 1006 712 trarium
1020 682 1067 712 ita
1083 683 1220 713 dixisset
1235 691 1244 712 t
1266 682 1363 712 Pater
1379 684 1429 714 est
1453 690 1570 720 verus,

870 727 904 756 id
919 728 968 757 est
992 728 1113 758 veritas
1130 736 1138 757 ε
1156 728 1256 758 Filius
1272 728 1321 759 est
1335 736 1450 766 verus,
1472 727 1506 757 id
1523 729 1574 758 cst

869 772 990 802 veritas
1006 773 1169 810 :Spiritus
1190 773 1320 803 sanctus
1345 772 1395 803 est
1408 781 1523 811 verus,
1541 772 1574 802 iil

870 817 918 847 est
932 818 1063 848 veritas.
1076 818 1115 848 Et
1130 818 1164 848 hi
1179 819 1246 849 tres
1258 827 1340 849 unus
1351 825 1451 849 verus
1460 840 1470 857 ,
1483 818 1516 848 id
1527 819 1576 849 est

869 871 932 892 una
957 864 1090 894 veritas.
1114 864 1205 902 Quod
1220 864 1354 902 quidem
1379 864 1530 902 fecisset,
1545 864 1573 895 si

869 910 1014 940 sanctum
1023 910 1211 948 dignaretur
1221 910 1429 948 Fulgentium
1437 910 1571 947 imitari,

868 955 924 993 qui
952 956 998 986 ait
1015 965 1024 985 z
1041 968 1058 983 «
1081 964 1147 986 una
1174 956 1298 995 quippe
1326 956 1449 987 veritas
1475 957 1573 987 unius

870 1012 885 1027 υ
901 1002 981 1039 Dei,
993 1002 1093 1032 immo
1104 1010 1168 1032 una
1179 1003 1300 1032 veritas
1311 1011 1395 1033 unus
1410 1003 1498 1032 Deus
1508 1010 1573 1033 non

868 1057 885 1073 n
900 1048 1024 1085 patitur
1063 1047 1233 1078 servitium
1269 1049 1367 1086 atque
1409 1048 1570 1078 culturam

869 1104 884 1119 >1
902 1093 1055 1124 creatoris
1067 1095 1286 1132 creaturaeque
1299 1093 1462 1133 conjungi.
1479 1105 1496 1122 »
1508 1095 1570 1124 Bo-

866 1146 926 1169 nus
942 1141 1118 1178 corrector,
1134 1139 1407 1178 quiveracissime
1426 1140 1466 1170 de
1477 1140 1568 1171 veri—

867 1185 932 1216 tate
963 1186 1169 1224 loqueretur,
1191 1186 1247 1224 qui
1269 1185 1324 1225 pie
1347 1185 1570 1224 catholiceque

865 1231 1001 1262 sentiret
1016 1232 1055 1262 de
1067 1240 1144 1262 vera
1162 1232 1194 1262 et
1209 1239 1299 1261 mera
1313 1231 1432 1262 divinae
1443 1231 1571 1271 simpli-

866 1277 962 1308 citate
978 1278 1164 1308 substantiae
1175 1299 1185 1316 ,
1201 1277 1235 1307 in
1244 1285 1308 1316 qua
1319 1277 1403 1307 nihil
1416 1285 1485 1308 esse
1497 1286 1570 1316 pos-

865 1324 923 1361 sit,
942 1324 1028 1362 quod
1049 1325 1119 1363 ipsa
1143 1332 1208 1354 non
1235 1323 1297 1362 sit,
1313 1323 1347 1354 et
1373 1323 1445 1362 ipsa
1466 1324 1566 1354 Deus.

863 1370 1064 1408 Quamquam
1091 1369 1295 1400 manifestius
1328 1369 1363 1399 in
1402 1370 1568 1400 nonnullis

866 1415 941 1445 locis
963 1416 1036 1445 aliis
1054 1423 1072 1445 a
1088 1414 1286 1445 rectitudine
1308 1414 1385 1444 fidei
1405 1414 1492 1444 liber
1511 1415 1567 1444 ille

132 1455 303 1487 divinitate
318 1464 386 1486 esse
399 1453 589 1493 negas3Non
599 1476 608 1492 ,
617 1454 674 1484 sed
683 1455 830 1485 eamdem

130 1502 335 1533 divinitatem
346 1524 355 1540 ,
384 1509 447 1539 qua
480 1500 547 1536 est,
577 1500 681 1529 Deum
710 1501 831 1530 nihilo-

128 1549 235 1578 minus
251 1556 374 1585 assero,
390 1554 432 1576 ne
447 1547 514 1575 Deo
539 1543 755 1575 excellentius
769 1546 830 1576 ali-

127 1595 205 1633 quid
229 1602 299 1624 esse
328 1592 496 1623 assentiar.
512 1592 591 1621 Nam
616 1592 650 1621 et
673 1593 831 1629 magnitu-

128 1641 204 1670 dine
226 1640 298 1669 dico
314 1646 482 1675 magnum,
499 1637 555 1666 sed
578 1645 650 1674 quae
665 1636 735 1674 ipse
761 1639 828 1677 est,

126 1694 168 1716 ne
189 1685 294 1722 majus
309 1683 432 1721 aliquid
445 1683 511 1711 Deo
531 1690 649 1720 ponam
664 1690 672 1711 :
688 1682 720 1712 et
734 1682 830 1713 boni-

126 1732 194 1762 tate
211 1731 313 1760 fateor
325 1730 445 1759 bonum
456 1749 465 1765 ,
479 1727 535 1757 sed
549 1735 615 1757 non
634 1728 696 1757 alia
706 1750 714 1766 ,
731 1738 829 1767 quam

126 1779 196 1815 ipse
223 1777 345 1814 est,ne
371 1774 488 1804 melius
509 1773 578 1811 ipso
603 1774 727 1812 aliquid
746 1776 828 1806 mihi

127 1824 240 1854 videar
253 1821 416 1852 invenisse
433 1828 441 1848 t
457 1819 490 1850 et
499 1820 539 1849 de
555 1820 682 1850 caeteris
693 1820 727 1850 in
738 1821 827 1852 hunc

125 1870 268 1899 modum.
285 1868 423 1897 Securus
445 1866 479 1896 et
498 1865 604 1895 libens
630 1873 728 1903 pergo
744 1866 828 1896 inos-

125 1915 215 1945 senso
226 1913 235 1952 (
245 1915 279 1943 ut
292 1911 394 1951 aiunt)
405 1911 487 1950 pede
498 1911 531 1940 in
547 1911 617 1948 ejus
631 1912 826 1944 sententiam

124 1961 181 1999 qui
197 1959 345 1989 dicebat:
363 1969 380 1984 «
395 1959 483 1987 Deus
502 1957 631 1986 nonnisi
647 1965 686 1987 ea
704 1960 825 1997 magni-

124 2019 142 2034 »
157 2006 271 2036 tudine
280 2012 412 2041 magnus
424 2004 490 2040 est,
499 2011 571 2041 quae
585 2003 634 2033 est
646 2004 731 2041 quod
742 2005 824 2042 ipse.

125 2061 141 2077 »
157 2050 308 2088 Alioquin
330 2050 385 2079 illa
400 2049 463 2079 erit
488 2048 590 2085 major
619 2049 823 2090 magnitudo,

124 2107 142 2123 ν)
157 2105 252 2134 quam
280 2096 378 2125 Deus.
405 2106 422 2121 n
447 2095 644 2133 Augustinus
677 2095 730 2125 hic
757 2097 823 2136 cst,

122 2145 340 2175 validissimus
364 2144 501 2174 malleus
530 2143 769 2174 haereticorum.
791 2147 824 2176 Si

120 2191 200 2230 quid
216 2192 324 2229 itaque
340 2191 379 2219 de
396 2191 463 2219 Deo
474 2188 604 2226 proprie
617 2189 682 2218 dici
698 2191 799 2227 possit
813 2214 822 2231 ,

120 2237 240 2266 rectius
262 2235 555 2272 congruentiusque
577 2233 722 2272 dicetur,
738 2237 824 2268 Deus

121 2282 171 2311 cst
198 2281 400 2318 magnitudo,
425 2280 569 2316 bonitas,
596 2279 743 2319 justitia,
773 2292 823 2314 sa-

119 2327 258 2366 pientia,
270 2334 366 2364 quam
379 2326 465 2354 Deus
476 2326 525 2355 est
536 2332 687 2364 magnus,
700 2327 802 2360 bonus
812 2353 822 2369 ,

117 2372 222 2412 iustus
237 2373 291 2402 aut
306 2372 446 2409 sapiens.

160 2419 190 2449 8.
204 2418 294 2448 Unde
311 2426 374 2447 non
392 2416 557 2447 immerito
571 2424 678 2454 nuper
691 2418 727 2448 in
741 2420 821 2449 Con-

120 2465 196 2495 cilio
206 2487 213 2501 ,
226 2463 312 2502 quod
325 2472 408 2502 papa
423 2463 586 2501 Eugenius
604 2463 715 2494 Remis
733 2467 820 2496 cele-

119 2510 246 2547 bravit,
274 2510 342 2539 tam
369 2508 450 2547 ipsi,
471 2516 567 2547 quam
593 2507 720 2540 caeteris
744 2512 818 2550 Epi-

118 2555 223 2594 scopis
238 2563 386 2593 perversa
401 2555 468 2584 visa
485 2555 534 2584 est
550 2553 584 2583 et
609 2555 740 2585 omnino
764 2566 819 2587 su-

119 2601 229 2639 specta
252 2600 411 2637 expositio
428 2600 483 2629 illa
496 2600 528 2629 in
545 2599 630 2630 libro
647 2601 817 2633 Gilleberti
852 2603 935 2633 facta
948 2604 1130 2641 est‚operae
1143 2599 1280 2639 pretium
1296 2594 1420 2626 credidi
1436 2602 1552 2624 excur-

120 2645 510 2696 cpiscopi-Pictavionsis,
530 2654 592 2685 quo
605 2656 703 2687 super
719 2649 817 2683 verba
851 2657 922 2685 sum
947 2649 1031 2682 bunc
1060 2648 1166 2676 facere
1184 2654 1190 2675 :
1209 2646 1244 2674 ut
1267 2643 1292 2675 si
1317 2641 1372 2682 qui
1398 2638 1478 2713 ῐὲξῖο
1507 2647 1548 2670 ex

272 2697 297 2714 o.
1411 2708 1425 2713 ,-

864 1461 989 1498 praefati
1016 1460 1165 1499 Episcopi
1180 1460 1270 1490 visus
1294 1460 1343 1489 est
1358 1459 1544 1498 discrepare
1556 1482 1566 1499 ‚

862 1515 997 1543 quorum
1005 1504 1111 1545 (verbi
1125 1513 1218 1535 causa
1230 1503 1463 1545 )adhucunum
1471 1513 1566 1544 pono.

862 1553 940 1583 Nam
965 1553 1093 1583 dicente
1109 1552 1239 1582 auctore
1256 1559 1265 1580 ε
1285 1562 1302 1578 (ι
1317 1551 1394 1581 Cum
1425 1551 1564 1590 dIcitur,

863 1610 879 1625 »
895 1599 1000 1636 Deus,
1015 1599 1120 1636 Deus,
1134 1598 1241 1635 Deus,
1263 1596 1408 1635 pertinet
1429 1597 1468 1626 ad
1488 1597 1567 1627 sub-

863 1656 879 1670 »
894 1645 1063 1674 stantiam:
1073 1643 1182 1674 noster
1194 1642 1429 1673 commentator
1437 1642 1564 1680 intulit,

862 1702 878 1717 »
892 1691 960 1720 Non
973 1699 1045 1728 quoe
1058 1690 1107 1720 est
1116 1689 1189 1728 ,sed
1198 1696 1261 1726 qua
1271 1688 1329 1718 est.
1340 1687 1455 1725 »Quod
1464 1687 1560 1724 absit,

861 1736 896 1766 ut
924 1736 1078 1766 assentiat
1104 1734 1262 1765 catholica
1302 1732 1463 1770 Ecclesia,
1491 1741 1561 1763 esse

860 1781 1014 1811 videlicet
1028 1780 1240 1811 substantiam
1250 1800 1258 1816 ,
1272 1779 1325 1809 vel
1338 1778 1480 1816 aliquam
1493 1786 1560 1808 om-

859 1827 935 1857 nino
950 1836 1018 1858 rem
1029 1849 1039 1866 ,
1055 1835 1118 1866 qua
1133 1827 1219 1856 Deus
1233 1825 1293 1862 sit,
1307 1825 1340 1855 et
1355 1832 1426 1864 quae
1438 1831 1504 1854 non
1516 1824 1559 1855 sit

859 1874 956 1903 Deus.

894 1920 926 1950 9.
943 1919 1006 1949 Sed
1021 1919 1090 1949 haec
1103 1917 1238 1948 minime
1252 1916 1320 1954 jam
1332 1915 1443 1946 contra
1453 1915 1561 1954 ipsum

859 1965 1038 2004 loquimur,
1054 1964 1174 2003 quippe
1200 1963 1255 2001 qui
1277 1962 1311 1992 in
1346 1962 1460 1992 eodem
1483 1970 1560 1992 con-

860 2012 960 2041 ventu
975 2011 1146 2041 sententiae
1156 2009 1380 2047 episcoporum
1392 2007 1561 2038 humiliter

857 2057 1085 2095 acquiescens,
1115 2056 1181 2085 tam
1209 2055 1278 2084 haec
1289 2076 1298 2092 ,
1325 2061 1420 2092 quam
1444 2053 1560 2083 caetera

858 2102 953 2140 digna
961 2100 1213 2140 reprehensione
1224 2099 1355 2130 inventa
1364 2098 1493 2136 proprio
1505 2106 1560 2128 ore

856 2148 1021 2178 damnavit
1033 2157 1043 2177 .-
1060 2146 1118 2177 sed
1141 2145 1274 2184 propter
1289 2152 1362 2181 eos,
1377 2143 1434 2181 qui
1454 2143 1560 2173 adhuc

856 2194 975 2223 librum
998 2192 1109 2229 illum,
1133 2191 1243 2221 contra
1265 2189 1478 2228 apostolicum
1493 2189 1560 2219 uti-

856 2248 919 2278 que
936 2237 1171 2277 promulgatum
1189 2236 1310 2266 ibidem
1327 2234 1557 2273 interdictum,

855 2284 1086 2316 transscribere
1103 2284 1136 2313 et
1148 2282 1296 2312 lectitare
1306 2280 1456 2310 feruntur
1464 2302 1473 2317 ,
1483 2287 1558 2309 con-

855 2328 1242 2368 tentiosiuspersistentes
1254 2327 1345 2365 sequi
1354 2326 1555 2364 Episcopum,

855 2376 889 2405 iu
903 2384 965 2414 quo
981 2376 1050 2413 ipsc
1066 2382 1130 2404 non
1153 2373 1262 2411 stetit,
1275 2373 1308 2402 et
1332 2370 1448 2401 erroris
1459 2377 1555 2406 quarn

855 2421 1064 2452 correctionis
1080 2420 1270 2458 magistrum
1293 2417 1412 2447 habere
1428 2414 1554 2443 malen-

854 2467 913 2497 tes.
939 2467 1008 2497 Non
1022 2467 1127 2496 solum
1149 2466 1276 2500 autem,
1292 2461 1348 2492 sed
1365 2460 1397 2489 et
1422 2459 1554 2496 propter

853 2521 927 2551 VOS,
957 2512 1124 2542 occasione
1151 2510 1281 2547 accepta
1308 2506 1348 2536 de
1369 2503 1552 2533 differentia

853 2557 1001 2596 imaginis
1028 2558 1060 2587 et
1074 2556 1189 2586 aninlae
1201 2576 1210 2591 ,
1236 2560 1305 2591 quae
1322 2550 1361 2580 ad
1377 2549 1550 2587 imaginem
