1830 3073
282 225 324 258 {30

282 283 394 315 audire
404 304 414 322 ,
429 291 526 322 quam
542 289 642 323 prope
663 279 705 314 sit
716 281 729 313 ἒ
739 285 839 321 Prope
858 284 901 313 est
915 290 983 311 ver-

280 329 353 360 bum
366 331 398 360 in
411 329 500 359 corde
517 330 581 365 tuo,
596 331 625 358 et
643 330 676 359 in
697 337 748 358 ore
763 329 814 358 ίιιο
830 337 840 356 .·
856 326 981 356 tantum

278 375 360 405 illud
374 375 462 405 recto
473 374 501 404 si
509 373 674 412 quaesieris
685 371 793 402 corde.
805 371 899 409 Erige
915 379 981 408 cor,

277 428 373 458 surge
387 420 428 450 de
443 419 564 450 lectulo
575 420 630 449 tuo
640 439 649 456 ,
664 418 700 447 ut
713 425 778 446 non
793 416 910 446 frustra
925 423 983 445 au-

278 465 349 495 dias
369 465 599 495 admonentem
623 470 751 493 sursum
777 462 900 491 habere
916 468 981 491 cor.

278 509 331 540 Sic
359 512 447 540 enim
472 509 621 539 invenies
645 508 742 538 corde
765 506 982 549 sapientiam,

277 563 333 585 ore
348 555 462 585 afflues
476 553 668 594 prudentia3
684 552 740 583 sed
747 551 882 582 affluere
891 572 902 589 ,
915 559 981 582 non

278 601 415 632 effluere
430 601 483 630 vel
498 607 650 630 evomere
669 606 759 628 cura.

317 647 349 677 5.
372 646 530 676 Nimirum
558 644 624 673 mel
650 641 820 680 invenisti,
845 641 871 673 si
889 642 983 673 inve-

277 692 353 723 nisti
363 689 710 730 sapientiamttantum
722 697 764 719 ne
778 688 918 718 multum
931 697 982 719 co-

276 737 404 773 medas,
429 744 471 765 ne
495 735 630 765 satiatus
658 742 789 764 evomas
817 733 913 763 illud.
929 734 981 763 Sic

275 782 409 812 comede
434 782 470 810 ut
496 788 624 818 semper
649 780 785 810 esurias.
809 780 888 809 Nam
912 779 981 818 ipsa

276 828 356 857 dicit
370 836 378 855 :
397 828 456 866 Qui
463 827 554 856 edunt
564 836 609 856 me
619 848 629 864 ,
642 827 742 856 adhuc
754 827 897 857 esurient.
910 826 980 856 Noli

275 873 414 902 multum
436 872 588 910 reputare
602 872 689 910 quod
704 872 824 909 habes,
840 871 908 900 noli
930 879 981 901 sa-

274 917 349 947 tiari
364 925 405 946 ne
418 925 566 955 evomas,
582 918 615 947 et
630 917 690 946 hoc
706 917 812 955 ipsum
831 916 918 955 quod
930 917 981 946 vi-

274 963 359 992 deris
385 963 526 999 habere,
549 963 716 993 auferatur
738 970 755 992 a
777 962 831 998 te,
858 962 979 1000 quippe

273 1008 329 1046 qui
346 1009 420 1038 ante
436 1008 563 1046 tempus
578 1016 723 1047 quaerere
738 1007 906 1037 destitisti.
920 1008 981 1037 Ne-

273 1061 336 1091 que
362 1053 452 1083 enim
478 1053 555 1083 dum
582 1054 690 1091 potest
717 1052 877 1090 inveniri,
903 1052 981 1081 dum

273 1107 373 1136 prope
393 1099 460 1137 est,
482 1099 522 1128 ab
542 1098 752 1136 inquisitione
773 1098 827 1127 vel
848 1097 981 1127 invoca-

273 1144 360 1173 tione
374 1144 563 1174 cessandum
578 1145 638 1174 est.
651 1143 754 1173 Aliter
767 1151 896 1181 quoque
904 1144 981 1173 sicut

272 1189 325 1226 qui
347 1189 406 1218 mcl
431 1190 560 1219 comedit
584 1189 716 1218 multum
731 1186 743 1227 (
758 1189 795 1218 ut
823 1187 870 1217 ait
893 1187 981 1217 idem

271 1231 439 1273 Salomon)
452 1242 515 1263 non
528 1235 572 1264 est
582 1235 611 1263 ei
626 1234 738 1263 bonum
751 1243 760 1262 .-
778 1234 821 1262 ita
830 1233 882 1271 qui
894 1241 980 1263 scru-

272 1280 354 1308 tator
365 1281 409 1309 est
423 1279 591 1316 majestatis
600 1300 610 1315 ,
623 1280 812 1317 opprimetur
827 1287 848 1307 a
869 1278 978 1316 {floria-

272 1324 355 1360 Quid
370 1324 550 1362 tu,Pilate,
567 1332 712 1353 seorsum
728 1323 905 1360 interrogas
916 1323 981 1352 Do-

271 1370 397 1399 minum
406 1392 415 1407 ,
428 1371 465 1399 ut
478 1370 538 1399 tibi
554 1370 699 1400 susurret
713 1369 747 1398 in
760 1377 870 1398 aurem
881 1390 890 1406 ,
902 1368 981 1406 quid

272 1415 314 1445 sit
338 1415 478 1445 veritas?
498 1416 636 1445 Multum
652 1415 701 1445 est
715 1414 756 1444 ad
770 1415 802 1444 te
822 1423 829 1443 :
846 1422 911 1443 non
924 1414 981 1443 da-

273 1460 361 1490 bitur
397 1462 546 1491 sanctum
581 1461 671 1498 cani,
706 1468 768 1490 nec
807 1460 980 1498 margarita

272 1513 380 1542 porco.
403 1506 517 1542 Quaere
539 1506 646 1543 potius
668 1505 744 1535 fidei
765 1505 912 1542 gustum3
929 1513 980 1534 sa-

272 1551 421 1580 tietatem
450 1551 675 1589 intelligentiae
700 1550 834 1581 interim
862 1557 905 1579 ne
928 1558 980 1579 re-

759 231 788 258 S.
809 226 1045 258 BERNARDI
1064 225 1256 258 ABBA‘rls

1016 279 1130 310 intimo
1151 282 1286 319 quodam
1309 278 1413 313 animi
1430 290 1543 322 sapore
1559 282 1718 322 dijudices

1017 325 1049 354 et
1065 325 1238 356 discernas.
1254 328 1357 366 Atque
1378 329 1447 359 haec
1462 329 1595 368 quidem
1616 330 1722 360 sobria

1015 371 1064 401 est
1077 371 1237 409 sapientia
1246 393 1256 410 ,
1269 372 1303 403 et
1317 375 1474 404 vomitum
1485 375 1608 412 nescit,
1619 374 1675 404 ubi
1688 375 1721 404 et

1016 415 1140 447 timoris
1164 416 1268 455 frigus
1289 425 1333 448 ex
1361 420 1585 450 recordatione
1606 427 1721 457 pecca-

1017 462 1138 499 torum,
1159 462 1193 492 et
1214 461 1357 493 caritatis
1383 464 1492 495 fervor
1507 473 1550 495 ex
1571 466 1721 504 appetitu

1014 506 1198 536 divinarum
1217 507 1466 545 promissionum
1479 531 1490 547 ,
1510 510 1719 549 tepiditatem

1014 551 1142 582 amovet
1162 559 1292 590 earum,
1305 561 1377 590 quae
1401 562 1488 585 nunc
1504 557 1600 594 sunt,
1615 555 1720 594 pessi-

1014 604 1140 627 marum
1163 598 1413 636 occupationum
1429 606 1437 627 :
1453 600 1491 630 ut
1507 608 1568 631 nee
1590 609 1721 631 evomas

1013 642 1226 681 sapientiam,
1250 652 1314 673 nec
1330 644 1490 674 evomaris
1511 645 1551 674 ab
1567 653 1616 675 ea.
1630 646 1723 676 Sicut

1015 687 1102 717 enim
1118 688 1233 719 beatus
1256 688 1353 719 homo
1374 690 1429 728 qui
1445 689 1574 721 invenit
1588 691 1719 728 sapien-

1012 733 1091 762 tiam
1107 741 1116 763 :
1134 733 1179 763 sic
1196 734 1293 764 etiam
1305 735 1418 765 beatus
1433 736 1501 772 vir,
1517 736 1572 765 vel
1593 736 1722 766 beatior

1013 779 1112 808 etiam
1127 779 1183 817 qui
1198 781 1378 810 morabitur
1390 781 1424 810 in
1439 781 1618 817 sapientia:
1634 781 1720 812 forte

1013 824 1101 853 enim
1112 825 1173 855 hoc
1192 825 1234 855 ad
1245 825 1447 855 affluentiam
1460 827 1596 864 spectat.

1052 869 1083 898 5.
1100 869 1182 900 Sane
1208 869 1242 899 in
1255 870 1309 899 his
1334 870 1437 900 tribus
1462 878 1517 900 ore
1546 870 1654 900 affluit
1667 878 1721 900 sa-

1013 914 1135 951 pientia
1151 915 1205 946 vel
1218 916 1411 953 prudentia,
1428 915 1454 945 si
1469 916 1511 946 sit
1523 915 1557 944 in
1570 924 1625 945 ore
1641 923 1720 945 con-

1014 960 1108 990 fessio
1129 961 1268 999 propriae
1285 961 1485 999 iniquitatis,
1501 961 1526 990 si
1542 961 1719 999 gratiarum

1013 1005 1096 1035 actio
1112 1007 1145 1036 et
1159 1014 1224 1035 vox
1236 1006 1359 1043 laudis,
1372 1006 1398 1035 si
1412 1007 1509 1036 etiam
1520 1014 1625 1035 sermo
1641 1006 1721 1036 aedi-

1013 1050 1182 1081 ficationis.
1197 1051 1355 1080 Nimirum
1365 1052 1452 1081 corde
1463 1052 1596 1081 creditur
1608 1053 1647 1080 ad
1651 1051 1719 1088 jus-

1014 1097 1132 1134 titiam,
1149 1105 1200 1126 ore
1222 1098 1325 1126 aulem
1345 1097 1492 1134 confessio
1510 1097 1545 1133 fit
1571 1098 1611 1126 ad
1632 1097 1718 1127 salu-

1014 1145 1083 1172 tem.
1098 1142 1201 1180 Atque
1217 1141 1251 1171 in
1269 1142 1431 1180 principio
1453 1142 1585 1180 quidem
1600 1149 1719 1171 sermo-

1012 1187 1062 1216 nis
1087 1187 1192 1224 justus
1220 1188 1384 1216 accusator
1413 1186 1462 1215 est
1486 1186 1538 1216 sui
1561 1195 1569 1215 ε
1585 1195 1660 1216 nam
1684 1186 1719 1215 in

1012 1232 1120 1262 medio
1135 1232 1341 1270 magnificare
1366 1231 1560 1269 Dominum3
1575 1233 1609 1261 in
1621 1232 1719 1261 tertIO

1012 1286 1139 1315 quoque
1159 1276 1211 1315 (si
1238 1277 1371 1306 eatenus
1396 1276 1503 1306 affluit
1529 1275 1718 1315 sapientia)

1011 1323 1171 1352 aedificare
1198 1323 1382 1360 proximum
1398 1321 1508 1352 debet.
1527 1322 1574 1352 An
1590 1331 1668 1352 vero
1684 1324 1718 1352 et

1013 1368 1046 1397 in
1061 1376 1159 1405 opere
1183 1367 1383 1397 affluendum
1404 1367 1453 1397 est
1473 1367 1652 1405 sapientia?
1667 1369 1720 1398 Est

992 1431 996 1476 ᾗ
1012 1414 1166 1443 maxime.
1184 1414 1370 1451 Quaeramus
1385 1414 1504 1450 ergoet
1515 1413 1654 1451 inopere
1664 1414 1721 1443 tri-

995 1480 996 1494 2
1012 1460 1131 1497 plicem
1139 1458 1339 1489 affluentiam
1352 1467 1360 1487 ι
1373 1466 1449 1487 nam
1463 1459 1496 1488 et
1506 1459 1587 1488 olim
1598 1458 1719 1489 dictum

995 1495 997 1514 '
1013 1507 1061 1535 est
1075 1514 1093 1534 a
1109 1505 1263 1543 Sapiente
1279 1504 1416 1542 quodam
1427 1525 1435 1541 ,
1451 1503 1538 1542 quod
1559 1502 1720 1541 sapientia

993 1515 1188 1588 ‘tripliciter
1209 1549 1461 1579 describeretur.
1479 1550 1591 1587 Itaque
1615 1549 1644 1580 si
1666 1555 1720 1577 vos

272 1597 392 1634 quiras.
426 1597 560 1635 Merito,
595 1597 742 1634 Fratres,
771 1595 979 1625 reverberata
1013 1597 1130 1625 melius
1157 1603 1225 1625 non
1261 1594 1406 1632 habetis,
1432 1594 1512 1632 puto
1535 1603 1610 1632 ego,
1634 1594 1719 1632 quod

273 1642 341 1671 acie
367 1642 514 1680 protinus
542 1642 684 1672 resilivit
705 1650 713 1671 :
733 1641 765 1672 et
790 1649 979 1678 responsum
1013 1641 1051 1669 ad
1067 1649 1146 1678 opus
1168 1639 1329 1678 pertinet,
1346 1639 1474 1676 copiose
1490 1639 1567 1670 satis
1583 1638 1718 1668 affluere

272 1695 336 1717 non
347 1688 528 1726 sustinens,
545 1696 693 1725 egressus
713 1687 818 1717 estad
834 1686 978 1723 Judaeos,
1012 1686 1188 1724 sapientia,
1211 1684 1407 1723 quicumque
1429 1684 1516 1714 inter
1539 1692 1596 1714 vos
1616 1683 1719 1713 conti-

272 1734 327 1771 qui
343 1735 508 1764 ambulare
523 1733 668 1772 coeperat
684 1734 717 1763 in
732 1732 856 1770 magnis
874 1732 907 1761 et
919 1732 979 1761 mi-

273 1779 431 1810 rabilibus
455 1788 553 1818 super
572 1787 622 1818 se,
650 1779 730 1817 quid
754 1778 840 1809 esset
860 1778 981 1808 veritas

273 1823 493 1862 percontatus.

313 1869 344 1899 [ι.
367 1870 523 1907 Quocirca
550 1874 755 1908 QUAERAMUS
786 1866 981 1905 sapientiam

275 1916 307 1944 in
324 1916 418 1946 corde
428 1938 437 1954 ,
453 1916 486 1946 et
500 1915 695 1954 sapientiam
709 1923 781 1952 quae
793 1914 842 1944 est
855 1913 980 1951 exfide,

274 1961 545 1999 quemadmodum
561 1961 729 1998 Apostolus
741 1959 787 1989 ait
803 1967 811 1988 :
828 1960 899 1989 Non
912 1959 982 1996 plus

275 2016 398 2045 sapere,
415 2016 509 2046 quam
537 2007 654 2045 oportet
663 2014 770 2043 sapere
785 2025 796 2040 ,
811 2005 862 2034 scd
875 2013 982 2042 sapere

276 2054 314 2081 ad
322 2053 525 2084 sobrietatem.
536 2053 668 2083 Sonam
679 2050 841 2089 siquidem
855 2049 984 2087 sapien-

277 2097 323 2126 tia
338 2100 386 2128 est
401 2099 435 2127 in
456 2097 659 2136 poenitudine
675 2096 885 2134 peccatorum
899 2103 983 2132 prae-

276 2143 446 2172 teritorum
456 2165 466 2181 ,
491 2143 527 2173 in
554 2142 744 2179 contemptu
772 2140 983 2179 praesentium

278 2188 534 2225 commodorum,
562 2187 598 2216 in
616 2186 778 2216 desiderio
800 2186 983 2215 tuturorum

277 2233 494 2271 praemiorum.
505 2232 662 2262 Invenisti
673 2231 769 2269 plane
777 2229 983 2269 sapientiam,

278 2277 306 2307 si
319 2277 437 2315 prioris
451 2277 527 2307 vitae
542 2276 675 2315 peccata
690 2275 828 2313 defleas,
844 2275 872 2305 si
886 2274 984 2312 huJus

279 2323 389 2353 saeculi
429 2322 658 2352 desiderabilia
697 2320 935 2360 parvipendas,
957 2320 983 2350 si

280 2368 433 2397 aeternam
458 2367 697 2397 beatitudinem
720 2366 791 2396 toto
821 2365 984 2396 desiderio

281 2412 500 2450 concupiscas.
527 2411 684 2442 Invenisti
718 2410 911 2450 sapientiam
922 2431 931 2448 ,
957 2410 985 2440 si

281 2458 342 2488 tibi
355 2458 472 2488 horum
487 2457 612 2494 singula
635 2457 765 2495 sapiunt
780 2456 877 2495 prout
891 2456 965 2486 sunt
976 2477 984 2493 ,

281 2504 319 2533 ut
330 2503 400 2533 haec
413 2502 545 2541 quidem
558 2509 665 2531 amara
675 2501 708 2531 et
719 2502 850 2531 omnino
860 2500 987 2538 fugien-

283 2548 323 2578 da
336 2570 346 2585 ,
361 2548 424 2578 ista
438 2556 566 2587 quoque
582 2548 673 2577 velut
687 2546 808 2577 caduca
827 2546 861 2576 et
880 2546 986 2576 trans-

285 2593 381 2624 itoria
406 2592 664 2630 contemnenda3
682 2592 738 2622 illa
759 2599 836 2622 vero
859 2592 897 2621 ut
911 2600 987 2630 per-

285 2639 370 2669 fecta
389 2638 476 2670 bona
495 2638 571 2668 totis
594 2636 774 2676 appetenda
797 2637 985 2674 desideriis,

1012 1731 1146 1768 nenter,
1173 1729 1355 1768 patienter,
1374 1730 1407 1758 et
1432 1729 1623 1758 obedienter
1643 1736 1718 1758 con-

1013 1775 1184 1806 versatur:
1203 1775 1329 1805 tantum
1354 1774 1390 1803 ut
1405 1773 1510 1803 fidelis
1532 1773 1720 1803 obedientia

1013 1822 1176 1859 propriam
1186 1819 1359 1850 mortificet
1373 1819 1576 1849 voluntatem
1587 1827 1596 1856 3
1610 1819 1720 1848 humi-

1014 1867 1052 1895 lis
1069 1865 1270 1896 continentia
1293 1864 1457 1894 carnalem
1479 1863 1602 1901 pariter
1617 1864 1650 1893 et
1663 1872 1721 1892 stv-

1015 1913 1156 1942 cularem
1184 1910 1330 1948 amputet
1354 1909 1576 1946 voluptatem3
1606 1909 1721 1939 hilm-,s

1014 1956 1173 1995 patientia
1198 1956 1368 1993 utramque
1391 1954 1506 1991 simul,
1520 1954 1553 1983 et
1574 1961 1721 1992 corpora·

1016 2004 1079 2033 lem
1099 2001 1243 2035 scilicet,
1274 2001 1308 2030 et
1336 2000 1555 2039 mundialem,
1578 1998 1721 2030 virilitor

1016 2048 1174 2079 sustineat
1194 2045 1437 2076 adversitatem.

1213 2152 1384 2187 SERMO
1409 2152 1519 2186 XVI.

1028 2226 1067 2250 De
1088 2225 1194 2256 triplici
1214 2231 1316 2255 genere
1336 2223 1496 2252 bonorum,
1517 2225 1544 2247 et
1564 2223 1707 2252 vigilantii

1207 2267 1292 2291 super
1304 2259 1530 2291 cogitationibus.

1058 2319 1088 2347 1.
1105 2319 1149 2347 ΕΤ
1160 2324 1351 2355 propensius
1359 2314 1520 2353 studium,
1536 2315 1569 2345 e't
1584 2322 1660 2344 cura
1676 2314 1723 2344 vi-

1018 2363 1168 2403 gilantior
1181 2362 1299 2392 nostris
1313 2362 1398 2392 esset
1409 2360 1655 2399 cogitationibus
1667 2360 1725 2390 ad-

1018 2408 1160 2439 hibenda
1170 2430 1180 2446 ,
1191 2407 1319 2437 Fratres
1330 2406 1415 2436 mei:
1429 2406 1546 2436 nostris
1555 2428 1564 2443 ,
1580 2405 1723 2443 inquam,

1019 2455 1136 2492 quibus
1162 2454 1229 2483 tam
1262 2451 1446 2482 sanctarum
1474 2450 1722 2481 meditationum

1019 2499 1146 2529 assidue
1157 2498 1293 2528 materia
1301 2496 1514 2528 ministratur.
1525 2496 1622 2525 Nocte
1635 2495 1723 2524 enim

1020 2546 1053 2575 et
1067 2544 1120 2575 die
1135 2544 1228 2574 nohis
1242 2542 1442 2582 propheticae
1457 2541 1492 2571 et
1506 2540 1702 2578 evangelicae
1712 2561 1722 2577 ‚

1021 2591 1079 2621 sed
1092 2590 1125 2620 et
1140 2589 1325 2629 apostolicae
1342 2595 1437 2618 voces
1451 2586 1609 2616 canuntur
1624 2585 1658 2615 et
1678 2586 1724 2614 le-

1021 2637 1160 2674 guntur,
1180 2643 1252 2674 quae
1274 2634 1307 2665 et
1332 2639 1459 2672 poenam
1483 2629 1649 2661 minantur
1672 2630 1724 2659 in-
