1810 3073
542 235 587 263 ΙΝ
612 232 811 261 CANTch
835 229 983 259 SERMO
1010 232 1155 259 XXXII.

143 291 292 330 Apostnlo
302 287 425 321 dicenti
438 296 447 318 ε
459 288 512 319 Ex
524 289 613 327 parte
626 287 844 326 cognoscimus,

142 340 170 368 ct
184 347 225 368 ex
241 337 329 375 parte
344 334 574 373 prophetamus.
593 334 630 364 Et
650 333 732 362 illud
748 341 755 361 :
773 333 844 362 Non

144 382 278 413 arbitror
303 389 351 411 me
385 380 655 418 comprehendisse.
681 377 844 416 Quomodo

143 426 229 457 enim
252 434 317 456 non
341 426 389 456 est
414 425 584 456 distinctio
601 424 688 463 ejus,
703 424 759 462 qui
785 430 845 460 per

142 472 235 502 tidem
262 471 423 510 ambulat,
440 472 473 501 et
499 471 586 500 1111115
609 470 665 508 qui
687 477 746 508 per
769 476 845 506 spe-

139 518 224 547 ciem
236 516 249 545 ἓ
263 518 343 554 Ergo
356 516 462 553 justus
478 524 520 546 ex
536 515 598 545 fide
614 514 714 551 vivit,
730 514 843 543 heatus

140 563 280 593 exsultat
314 563 348 591 iu
372 562 482 600 specie
508 570 516 591 ε
543 562 577 591 et
610 561 685 590 ideo
713 559 842 590 sanctus

141 607 235 638 homo
250 607 334 638 vivit
361 607 493 638 interim
519 606 681 637 inumbra
705 603 840 642 Christi,

139 654 268 683 sanctus
291 654 430 692 Angelus
469 652 504 683 in
528 652 701 691 splendore
731 650 841 681 vultus

139 699 248 738 gloriae
270 699 436 737 gloriatur.

179 745 209 775 9.
228 745 264 773 Et
284 744 367 773 bona
390 742 464 772 fidei
479 741 594 773 umbra
610 762 620 778 ,
640 749 713 779 quae
732 741 840 770 lucem

139 788 399 827 temperatoculo
408 786 572 824 caliganti,
582 786 615 816 et
622 786 752 816 oculum
761 794 841 824 prae-

139 835 230 871 parat
238 833 313 862 luci.
325 832 486 869 Scriptum
494 833 543 861 est
553 832 640 862 enim
650 840 658 860 ι
669 833 741 861 Fide
749 840 840 861 mun-

137 880 215 909 dans
231 879 325 908 corda
346 886 463 907 eorum.
480 878 579 907 Fmsss
600 877 711 915 itaque
732 877 838 907 lucem

138 930 201 952 non
216 922 418 959 exstinguit,
433 922 490 952 sed
502 921 653 951 custodit.
670 922 838 960 Qumoum

138 976 214 998 sane
231 969 279 998 est
296 967 376 998 illud
397 967 483 1005 quod
497 967 588 997 videt
602 968 764 1006 Angelus,
779 968 839 997 hoc

137 1013 219 1042 1111111
247 1014 363 1043 umbra
385 1013 463 1043 fidei
482 1014 616 1050 servat,
642 1013 732 1042 fideli
764 1013 839 1043 sinu

138 1058 315 1097 repositum
330 1080 339 1097 ,
372 1058 407 1087 in
438 1059 585 1096 tempore
614 1059 837 1088 revelandum.

138 1105 250 1134 Annon
272 1104 406 1142 expedit
424 1104 539 1134 tenere
562 1104 616 1133 vel
634 1104 838 1142 involutum,

137 1150 221 1187 quod
249 1150 372 1179 nudum
397 1157 464 1179 non
488 1149 598 1187 capis?
624 1150 776 1188 Denique
806 1151 840 1180 et

137 1196 238 1225 Mater
257 1196 386 1225 Domini
401 1195 536 1225 vivebat
552 1196 585 1225 111
600 1195 714 1225 umbra
738 1195 814 1225 fidei
829 1218 838 1234 ,

137 1241 191 1270 cui
205 1241 327 1271 dictum
339 1241 388 1270 est
405 1249 413 1269 :
430 1242 471 1270 Et
487 1240 575 1270 beata
588 1249 654 1279 quoe
675 1242 837 1271 credidisti.

137 1287 257 1316 Habuit
273 1287 306 1316 et
321 1286 360 1316 de
380 1286 499 1316 Christi
521 1294 654 1325 corpore
670 1286 837 1323 umbram,

135 1341 209 1370 quae
224 1332 351 1362 audivit
368 1340 376 1360 τ
392 1333 433 1362 Et
450 1333 549 1362 virtus
564 1332 714 1362 Allissimi
731 1332 839 1361 obum-

137 1378 240 1408 brabit
256 1378 321 1408 tibi.
343 1378 407 1407 Nec
424 1378 512 1407 enim
528 1377 603 1407 vilis
622 1377 752 1415 umbra,
768 1385 838 1415 quae

138 1424 178 1453 de
202 1423 325 1453 virtute
342 1423 496 1453 Altissimi
515 1422 681 1452 formatur.
704 1423 742 1451 Et
761 1431 837 1452 vere

137 1469 242 1498 virtus
268 1469 303 1498 in
330 1477 428 1499 carne
450 1468 590 1506 Christi,
620 1477 693 1506 quae
716 1468 836 1506 virgini

135 1514 362 1551 obumbravit,
383 1515 419 1544 ut
440 1514 526 1552 quod
547 1513 747 1551 impossibile
770 1515 837 1543 erat

135 1560 263 1589 mortali
285 1560 434 1597 feminae,
459 1559 590 1595 objectu
610 1560 720 1589 tamen
743 1559 839 1589 invo-

135 1605 218 1634 lucri
230 1605 352 1635 vivifici
367 1605 509 1643 corporis
521 1605 621 1635 ferret
632 1606 835 1643 praesentiam

136 1650 336 1687 majestatis,
358 1652 393 1680 et
412 1651 519 1680 lucem
548 1651 726 1681 sustineret
751 1651 838 1681 inac-

136 1697 331 1726 cessibilem.
347 1697 459 1726 Virtus
471 1697 565 1733 plane
577 1718 586 1732 ,
601 1697 634 1726 111
650 1705 713 1734 qua
734 1698 837 1726 omnis

137 1742 295 1772 contraria
307 1741 461 1772 fortitudo
478 1741 637 1771 debellata
648 1743 714 1780 est3
727 1741 760 1772 'et
772 1743 839 1772 vir-

135 1789 188 1817 tus
204 1788 237 1816 et
257 1786 372 1816 umbra
388 1786 502 1824 fugans
522 1786 704 1825 daemones,
730 1788 838 1818 tutans

137 1833 301 1869 homines;
331 1833 387 1861 aut
416 1832 504 1861 certe
529 1832 632 1863 virtus
663 1834 837 1872 vegetans,

135 1877 248 1908 umbra
262 1876 466 1914 refrigerans.

177 1924 226 1953 10.
236 1923 384 1952 Vivimus
395 1922 531 1960 proinde
542 1923 575 1952 in
585 1922 698 1953 umbra
706 1923 836 1962 Christi,

134 1969 190 2008 qui
207 1977 265 2007 per
279 1969 375 1998 Iidem
389 1968 591 1999 ambulamus
605 1990 614 2006 ,
628 1970 661 1999 et
676 1977 771 2000 carne
787 1970 838 2008 ip-

135 2014 202 2043 sius
223 2013 386 2051 pascimur
407 2013 444 2042 ut
465 2013 626 2043 vivamus.
650 2014 728 2044 Garo
749 2016 836 2045 enim

135 2059 253 2089 Christi
266 2066 343 2089 vere
358 2058 407 2088 est
421 2058 525 2089 cibus.
542 2060 580 2088 Et
595 2059 670 2090 vide
688 2068 729 2090 ne
742 2069 837 2099 prop-

135 2107 226 2134 terea
242 2104 340 2134 etiam
361 2111 448 2133 nunc
463 2103 666 2135 describatur
686 2105 748 2136 hoc
766 2106 835 2136 loco

135 2158 311 2189 apparens,
325 2150 491 2188 tamquam
505 2149 540 2179 in
549 2150 715 2181 schemate
727 2153 836 2190 pasto-

134 2196 213 2233 rali,
238 2196 295 2225 ubi
324 2195 418 2225 illum
442 2203 579 2233 sponsa,
609 2197 701 2234 quasi
732 2205 834 2227 unum

135 2241 321 2279 quempiam
341 2240 381 2270 de
400 2240 582 2278 pastoribus
602 2241 735 2271 videtur
755 2242 835 2272 allo-

136 2286 210 2325 qui,
225 2285 338 2315 dicens
351 2287 475 2316 :Indica
488 2286 567 2316 mihi
575 2286 629 2316 ubi
641 2296 768 2326 pascas,
782 2289 836 2319 ubi

136 2332 224 2362 cubes
239 2333 271 2360 in
286 2332 420 2360 meridie.
435 2332 543 2362 Bonus
556 2332 683 2372 Pastor,
699 2336 752 2372 qui
765 2337 835 2365 ani·—

136 2386 221 2407 mam
234 2384 322 2406 suam
337 2377 390 2405 dat
401 2385 457 2414 pro
470 2377 573 2407 ovibus
590 2379 652 2408 suis
668 2388 678 2409 .·
693 2379 833 2410 animam

136 2431 194 2462 pro
204 2422 281 2459 illis,
294 2430 423 2452 carnem
436 2422 519 2460 illis;
533 2423 621 2452 illam
634 2424 669 2454 in
678 2426 832 2466 pretium,

138 2470 231 2500 istam
248 2467 281 2496 in
298 2467 417 2497 cibum.
435 2469 498 2498 Res
512 2469 612 2498 mira!
628 2469 698 2508 ipse
713 2472 832 2512 pastor,

137 2516 206 2553 ipsc
222 2521 340 2552 pascua
354 2514 414 2551 est,
425 2514 492 2551 ipse
507 2514 701 2553 redemptio.
714 2518 832 2549 Verum

137 2568 241 2592 sermo
255 2561 288 2590 in
303 2560 433 2597 longum
443 2560 548 2598 pergit
557 2582 566 2598 ,
578 2562 730 2599 quoniam
742 2563 832 2595 locus

138 2607 264 2645 amplus
283 2606 347 2643 est,
371 2606 404 2635 et
427 2606 559 2644 grandia
583 2607 769 2647 continens,
800 2612 833 2641 et

137 2660 202 2683 non
225 2651 443 2690 explicabitur
472 2652 584 2690 paucis
609 2661 617 2681 τ
646 2654 741 2692 atque
771 2655 831 2686 hac

1513 230 1571 263 2553

877 283 1071 315 necessitate
1089 283 1220 314 videtur
1238 284 1321 314 mihi
1335 286 1401 322 jam
1421 295 1574 326 rumpen-

878 330 936 361 dus
955 329 1083 369 potius,
1112 337 1209 367 quam
1236 329 1410 360 finiendus.
1441 332 1576 370 Oportet

877 376 1080 414 autem‚1ut,
1107 374 1260 414 quoniam
1281 375 1417 404 materia
1437 378 1576 414 pendet,

877 421 1033 451 memoria
1049 421 1164 458 vigilet
1180 429 1188 449 :
1204 420 1365 458 quatenus
1379 421 1436 449 11111
1461 430 1578 459 pausa-

876 468 944 496 tum
962 467 1026 497 erit
1037 488 1047 505 ,
1068 467 1146 496 inde
1162 474 1240 495 mox
1261 466 1446 495 resumatur
1460 468 1492 496 et
1506 476 1579 505 per·

875 513 1033 542 tractetur
1045 535 1054 551 ,
1070 512 1167 550 prout
1177 511 1335 541 Dominus
1351 510 1464 549 dabit,
1483 512 1578 542 Jesus

876 558 1020 588 Christus
1037 566 1173 596 sponsus
1193 557 1344 587 Ecclesiae
1358 579 1366 595 ,
1385 558 1441 596 qui
1458 559 1507 588 est
1527 567 1579 588 su·

875 611 934 640 per
947 603 1059 634 onmia
1073 604 1162 634 Deus
1175 603 1369 634 benedictus
1388 603 1425 633 in
1439 603 1554 634 saecula
1567 622 1577 642 ‚

874 657 981 680 amen.

1039 734 1211 768 SERMO
1235 734 1404 768 XXXII·

872 802 1001 836 Qualiter
1014 803 1143 829 Christus
1153 805 1306 836 suscipitur
1319 806 1354 830 ab
1373 806 1469 831 anima
1485 809 1579 831 sancta

902 843 1050 871 tamquam
1064 849 1180 871 sponsus,
1189 844 1217 865 et
1229 842 1262 865 ab
1275 843 1369 866 anima
1380 843 1496 866 infirma
1509 845 1580 866 tarn-

899 882 987 906 quam
1005 876 1124 900 medicus.
1145 876 1217 899 Item
1235 876 1269 900 de
1288 877 1452 901 differentia
1469 878 1579 908 cogita-

900 911 1012 934 tionum
1022 927 1029 940 ,
1042 911 1119 934 unde
1133 912 1276 937 oriantur.

912 966 943 996 4.
959 967 1066 996 Indica
1079 967 1157 997 mihi
1174 967 1360 1006 ubipascas,
1375 969 1430 999 ubi
1441 970 1531 1000 cubes
1546 971 1579 999 in

871 1013 1007 1042 meridie.
1020 1013 1081 1042 Hic
1096 1020 1208 1043 sumus
1219 1035 1229 1051 ,
1245 1013 1322 1043 hinc
1336 1015 1577 1052 progredimur.

871 1056 935 1086 Sed
961 1058 1136 1095 antequam
1168 1059 1300 1088 tractari
1331 1059 1469 1097 incipiat
1494 1060 1579 1090 visio

871 1102 934 1132 ista
957 1104 990 1133 et
1005 1103 1160 1133 allocutio
1173 1125 1182 1141 ,
1198 1104 1482 1142 recapitulandum
1501 1105 1579 1135 bre-

872 1148 958 1178 viter
977 1149 1117 1178 arbitror
1139 1149 1178 1179 de
1202 1150 1275 1179 aliis
1294 1150 1477 1180 visionibus
1503 1160 1576 1190 quae

871 1195 1128 1232 praecesserunt,
1161 1196 1321 1233 quomodo
1354 1195 1448 1226 nobis
1473 1197 1578 1234 aptari

871 1240 1086 1278 spiritualiter
1098 1241 1221 1279 possint
1237 1250 1294 1279 pro
1309 1242 1394 1272 votis
1406 1243 1440 1272 et
1450 1243 1578 1272 meritis

871 1286 1092 1324 singulorum,
1120 1287 1158 1316 ut
1187 1288 1401 1325 apprehensis
1429 1288 1496 1318 illis
1523 1287 1575 1328 (si

871 1332 981 1361 tamen
995 1331 1056 1361 hoc
1072 1331 1183 1361 datum
1198 1332 1321 1372 fuerit)
1338 1333 1465 1363 facilior
1488 1335 1522 1364 et
1542 1334 1578 1364 in

871 1376 969 1413 hujus
998 1377 1197 1407 discussione
1222 1378 1350 1408 eluceat
1376 1379 1575 1409 intellectus.

871 1423 991 1451 Verum
1013 1423 1048 1452 id
1069 1423 1312 1453 difficillimum.
1334 1424 1413 1453 Nam
1437 1425 1499 1454 etsi
1522 1426 1577 1455 illa

872 1468 969 1497 verba
979 1489 989 1504 ,
1005 1468 1122 1506 quibus
1137 1468 1215 1506 ipsae
1229 1468 1371 1499 visiones
1386 1471 1577 1500 seu‘simili-

870 1513 1001 1544 tudines
1025 1513 1278 1552 describuntur,
1302 1523 1417 1546 sonare
1441 1525 1575 1555 corpora

870 1559 967 1597 atque
993 1567 1148 1597 corporea
1176 1560 1372 1598 videantur3
1391 1562 1576 1600 spiritualia

872 1605 981 1634 lamen
996 1606 1074 1635 sunt
1091 1614 1165 1643 quae
1180 1605 1274 1635 nobis
1295 1607 1526 1638 ministrantur
1542 1608 1576 1637 in

871 1649 939 1688 his,
956 1658 992 1679 ac
1007 1659 1067 1688 per
1081 1651 1142 1680 hoc
1159 1651 1193 1680 in
1208 1651 1328 1689 spiritu
1340 1661 1469 1690 quoque
1494 1662 1574 1683 cau·

870 1703 919 1724 sas
936 1696 969 1726 et
986 1697 1128 1726 rationes
1152 1704 1264 1726 earum
1286 1697 1415 1735 oportet
1435 1697 1572 1735 inquiri.
1604 1733 1605 1736 Ἰ

870 1741 908 1770 Et
932 1740 1005 1779 quis
1029 1741 1167 1771 idoneus
1192 1742 1390 1780 investigare
1419 1743 1453 1772 et
1482 1751 1572 1773 com-

871 1786 1073 1824 prehendere
1086 1787 1152 1816 tam
1161 1788 1281 1817 multos
1298 1788 1416 1818 animae
1435 1788 1573 1819 affectus

870 1831 1116 1870 profectusque,
1129 1833 1326 1870 quibushaec
1343 1833 1382 1863 de
1397 1835 1573 1872 praesentia

870 1878 977 1915 sponsi
999 1878 1067 1908 tam
1087 1878 1297 1908 multiformis
1318 1879 1421 1917 gratia
1442 1879 1575 1918 dispen-

870 1923 981 1953 satur?
1002 1925 1125 1954 Tamen
1142 1924 1169 1954 si
1195 1924 1354 1955 intremus
1378 1925 1419 1954 ad
1438 1933 1516 1964 nos,
1541 1929 1574 1957 et

869 1969 1010 2007 Spiritus
1022 1971 1152 2000 sanctus
1167 1970 1201 2000 in
1213 1971 1337 2000 lumine
1349 1979 1406 2001 suo
1419 1971 1574 2011 dignetur

869 2015 1039 2046 ostendere
1059 2016 1170 2055 nobis,
1192 2017 1278 2055 quod
1303 2025 1402 2055 opere
1424 2025 1482 2048 suo
1507 2027 1573 2048 non

869 2061 1060 2100 dedignatur
1080 2063 1207 2093 assidue
1232 2063 1370 2093 actitare
1394 2063 1429 2093 in
1454 2064 1572 2102 nobis,

867 2108 945 2145 puto
960 2116 1026 2138 non
1041 2108 1172 2138 omnino
1185 2117 1244 2139 nos
1259 2109 1294 2138 in
1316 2108 1368 2139 1115
1382 2109 1452 2139 51116
1476 2110 1573 2141 intel-

867 2152 957 2183 lectu
984 2162 1202 2185 remansuros.
1229 2154 1358 2184 Confido
1390 2155 1479 2184 enim
1507 2164 1572 2187 uon

866 2198 1029 2237 accepisse
1050 2208 1107 2229 nos
1135 2200 1286 2238 spiritum
1308 2199 1406 2237 huius
1434 2202 1571 2240 mundi,

866 2243 923 2274 sed
937 2244 1093 2283 Spiritum
1105 2245 1160 2283 qui
1173 2253 1216 2275 ex
1225 2246 1294 2275 Deo
1306 2245 1373 2283 est,
1386 2246 1424 2276 ut
1433 2246 1572 2282 sciamus

866 2299 937 2329 quae
953 2299 969 2320 a
986 2291 1053 2321 Deo
1070 2291 1188 2322 donata
1203 2292 1279 2321 sunt
1292 2291 1398 2321 nobis.

905 2336 936 2366 2.
962 2337 1042 2375 Ergo
1065 2337 1092 2367 si
1114 2337 1167 2366 cui
1192 2338 1339 2367 nostrum
1361 2346 1436 2367 cum
1459 2341 1568 2370 sancto

865 2381 1027 2420 Propheta
1042 2381 1209 2413 adhaerere
1224 2383 1293 2412 Deo
1308 2382 1430 2413 bonum
1450 2385 1498 2413 est
1511 2406 1519 2421 ,
1537 2387 1570 2414 et

868 2425 925 2466 (ut
939 2427 1288 2467 loquarmanifestius)
1306 2428 1332 2458 si
1344 2428 1416 2466 quis
1428 2428 1461 2457 in
1476 2430 1569 2459 nobis

866 2473 916 2503 est
931 2473 977 2502 ita
992 2473 1148 2504 desiderii
1170 2474 1223 2503 vir
1234 2496 1244 2511 ‚
1260 2474 1296 2504 ut
1312 2473 1421 2511 cupiat
1436 2473 1568 2504 dissolvi

866 2519 980 2550 etcum
989 2519 1113 2549 Christo
1123 2528 1193 2550 esse
1203 2543 1211 2557 ,
1223 2520 1333 2558 cupiat
1346 2521 1453 2549 autem
1467 2521 1567 2551 vehe-

866 2566 1011 2603 menter,
1034 2566 1187 2596 ardenter
1210 2566 1317 2603 sitiat,
1344 2565 1472 2594 assidue
1499 2574 1567 2597 me-

866 2612 1006 2649 ditetur3
1024 2611 1051 2641 is
1065 2611 1211 2650 profecto
1228 2619 1290 2640 non
1308 2618 1401 2640 secus
1414 2619 1511 2647 quam
1532 2613 1563 2642 in

866 2655 967 2687 forma
983 2657 1089 2696 sponsi
1106 2656 1261 2694 suscipiet
1277 2655 1414 2723 verbim}
1432 2655 1466 2686 in
1481 2657 1565 2688 tem-

1401 2703 1427 2722 J.
