1810 3073
476 251 519 279 IN
546 249 748 278 CANTICA
768 246 918 275 §ER-mo
939 246 1104 274 XXVIII.

79 315 190 338 manus
219 304 400 338 similitudo
424 303 556 342 decepit
582 304 627 334 te.
650 303 713 333 Nec
738 301 772 331 in

80 354 174 389 gustu
200 351 340 388 veritas,
366 349 427 380 etsi
451 349 594 380 suavitas
614 349 672 379 est.
694 348 773 377 Nam

80 409 96 435 ¹2.
102 398 234 428 uomodo
249 396 345 426 habet
357 395 528 426 veritatem
538 417 546 433 ,
562 394 618 433 qui
634 402 668 424 se
682 392 773 432 putat

80 444 176 473 edere
186 441 391 473 venationem
403 463 411 478 ,
422 449 496 471 cum
507 437 691 471 domesticis
702 446 775 468 ves-

79 488 168 517 catur
181 487 349 516 haedorum
371 485 540 516 carnibus?
554 485 652 529 Multo
667 483 774 513 minus

78 533 187 562 oculus
201 531 256 570 qui
277 531 373 561 nihil·
382 531 484 561 videt.
502 531 570 560 Non
587 530 636 559 est
650 528 774 558 veritas

78 578 111 606 in
127 577 236 614 oculo,
251 584 317 606 non
332 577 502 615 sapientia.
517 577 548 606 V
546 584 572 605 ae
587 575 640 613 qui
653 574 775 613 sapien-

78 625 119 652 tes
133 624 221 658 estis,
234 623 279 652 ait
291 644 300 660 ,
313 623 346 652 in
364 623 458 652 oculis
476 622 593 651 vestris.
605 620 673 649 Non
691 618 774 648 bona

77 668 254 706 sapientia,
266 667 319 697 cui
343 666 560 696 maledicitur.
576 663 688 694 Mundi
705 663 771 701 est,

77 720 113 742 ac
128 721 187 751 per
200 714 259 743 hoc
273 713 400 744 stultitia
407 713 488 750 apud
502 712 614 741 Deum.

94 769 97 771 ·
117 758 148 788 8.
162 759 246 788 Bona
264 759 297 788 et
315 764 393 787 vera
416 757 564 794 sapientia
587 754 722 785 trahitur
740 754 775 783 de

78 804 217 840 occultis,
238 804 274 832 ut
288 802 371 840 sapit
384 801 498 831 beatus
512 800 582 829 Job.
599 799 683 837 Quid
698 799 775 829 foris

79 856 149 877 eam
170 848 285 886 quaeris
309 847 345 876 in
368 847 511 884 corporis
533 845 650 876 sensu?
675 845 776 883 Sapor

78 894 112 922 111
134 894 259 931 palato,
275 893 309 922 in
333 892 430 922 corde
449 891 607 930 sapientia
622 892 682 921 est.
707 891 775 921 Non

78 946 199 976 quaeras
210 937 401 976 sapientiam
414 937 448 966 in
463 937 555 966 oculo
568 936 672 966 carnis
683 958 691 974 ‚
700 936 775 977 quia

78 992 151 1014 earo
177 985 210 1014 et
234 984 362 1021 sanguis
377 991 442 1012 non
465 983 591 1013 revelat
615 991 687 1013 eam
697 987 710 1020 ,’
720 981 776 1012 sed

78 1029 221 1067 spiritus.
242 1030 311 1059 Non
328 1029 360 1058 in
381 1028 476 1067 gustu
496 1028 583 1058 oris:
600 1036 661 1058 nec
689 1027 776 1057 enim

78 1076 228 1105 invenitur
260 1076 293 1104 in
323 1076 407 1104 terra
440 1075 571 1104 suacitet-
600 1075 774 1104 viventium.

78 1121 145 1150 Non
161 1121 194 1150 in
205 1119 293 1150 tactu
303 1127 417 1149 manus
426 1141 435 1157 ,
444 1127 518 1150 cum
529 1119 657 1149 sanctus
670 1119 756 1149 dicat
768 1128 775 1148 :

79 1167 114 1194 Si
127 1167 278 1196 osculatus
289 1174 357 1195 sum
370 1174 499 1195 manum
515 1173 617 1194 meam
627 1173 679 1194 ore
690 1173 755 1195 meo
765 1186 775 1201 ,

79 1212 158 1248 quod
169 1212 211 1241 est
228 1211 372 1248 iniquitas
389 1212 553 1246 mamma,
566 1212 594 1239 et
606 1211 727 1248 neqatio
745 1212 775 1240 in

79 1257 189 1285 Deum.
204 1256 294 1292 Quod
308 1256 386 1285 tunc
399 1256 468 1285 fieri
484 1255 622 1284 arbitror
633 1263 708 1284 cum
721 1255 777 1284 do—

79 1309 157 1330 num
172 1301 250 1338 Dei,
263 1301 348 1339 quod
364 1301 412 1330 est
425 1300 585 1338 sapientia
595 1321 605 1337 ,
620 1308 686 1329 11011
697 1301 775 1338 Deo,

79 1347 136 1376 sed
159 1346 284 1376 meritis
308 1346 502 1376 adscribitur
521 1345 695 1375 actionum.
721 1346 778 1375 Sa-

80 1392 172 1429 piens
186 1391 248 1422 fuit
270 1392 375 1428 Isaac,
392 1391 450 1421 sed
471 1392 583 1421 tamen
607 1391 728 1421 erravit
744 1391 776 1421 in

80 1436 237 1467 sensibus.
260 1437 352 1467 Solus
378 1437 478 1466 habet
493 1430 626 1466 auditus'
641 1445 775 1474 verum,

79 1482 135 1520 qui
160 1482 300 1520 percipit
326 1482 473 1512 verbum.
498 1481 611 1512 Merito
647 1489 776 1512 carnem

79 1527 259 1557 redivivam
293 1527 392 1557 Verbi
422 1528 555 1565 tangere
584 1527 777 1565 prohibetur

82 1573 200 1603 mulier
214 1573 386 1603 carnaliter
403 1573 550 1611 sapiens,
569 1574 643 1611 plus
657 1573 776 1612 quippe

82 1618 227 1648 tribuens
251 1619 362 1656 oculo,
387 1626 483 1657 quam
508 1619 655 1656 oraculo,
673 1619 706 1648 id
731 1620 777 1649 est

80 1663 183 1692 carnis
206 1663 334 1700 sensui,
349 1671 446 1701 quam
467 1663 567 1692 verbo
587 1663 660 1692 Dei.
676 1664 778 1700 Quem

81 1708 167 1737 enim
179 1709 342 1738 mortuum
356 1708 458 1746 vidit,
474 1708 700 1738 resuscitatum
714 1717 778 1739 non

81 1752 229 1790 credidit,
252 1762 325 1783 cum
358 1753 468 1783 tamen
501 1753 562 1783 hoc
592 1754 780 1791 promiserit

81 1800 162 1836 ipse.
178 1799 324 1836 Denique
339 1807 402 1828 non
424 1798 553 1836 quievit
577 1799 709 1836 oculus,
726 1808 780 1830 us-

80 1852 143 1881 que
164 1844 240 1874 dum
265 1844 398 1874 satiatus
425 1845 473 1874 est
499 1844 586 1874 visus
603 1853 610 1873 :
627 1845 779 1882 quoniam

81 1898 145 1918 non
161 1891 229 1919 erat
244 1890 421 1920 consolatio
441 1889 537 1927 fidei,
552 1898 613 1920 nec
627 1890 687 1919 Dei
711 1892 780 1920 rata

82 1935 258 1971 promissio.
286 1935 396 1964 Nonne
422 1936 540 1965 coelum
566 1936 599 1964 et
621 1936 727 1973 terra,
747 1936 780 1966 et

80 1980 234 2018 quicquid
257 1980 387 2010 omnino
412 1981 518 2010 carnis
546 1981 659 2010 oculus
684 1981 780 2011 attin-

80 2033 156 2060 gere
183 2026 308 2064 potest,
325 2027 400 2055 aute
426 2025 552 2055 habent
582 2026 721 2056 transire
747 2027 779 2056 et

80 2071 187 2108 perire
199 2092 207 2107 ,
224 2079 319 2109 quam
331 2070 396 2100 iota
411 2079 512 2100 unum
527 2072 584 2101 aut
597 2079 681 2101 unus
696 2080 779 2109 apex

81 2123 124 2144 cx
148 2116 296 2146 omnibus
319 2125 392 2154 quae
408 2116 534 2146 locutus
549 2117 598 2147 est
622 2116 729 2146 Deus?
742 2118 778 2147 Et

80 2162 188 2190 tamen
201 2162 336 2191 cessavit
347 2169 364 2190 a
377 2161 455 2191 ssetu
466 2161 500 2190 in
514 2161 585 2191 visu
597 2162 682 2192 oculi
691 2171 778 2200 ,quae

81 2206 184 2236 noluit
198 2207 354 2237 consolari
374 2207 407 2236 in
428 2208 529 2237 verbo
544 2208 691 2245 Domini3
707 2209 778 2246 plu-

82 2251 125 2280 ris
138 2251 259 2281 habens
274 2253 534 2290 experimentum
560 2262 656 2292 quam
667 2253 774 2284 fidem.

82 2297 120 2326 At
138 2297 397 2334 experimentum
412 2298 521 2327 fallax.

121 2341 151 2371 9.
168 2342 308 2372 Mittitur
333 2351 407 2380 ergo
436 2343 476 2372 ad
504 2344 676 2374 certiorem
702 2344 777 2375 fidei

82 2387 315 2425 ‹·ognitionem;
329 2396 400 2425 quae
426 2388 538 2426 utique
564 2389 779 2427 apprehendit

82 2432 167 2468 quod
183 2440 293 2462 sensus
305 2433 427 2471 nescit,
440 2434 704 2471 experimentum
716 2443 778 2465 non

85 2476 217 2505 invenit.
230 2473 301 2506 Νοῖῐ
313 2486 356 2506 me
370 2479 504 2515 tanqere,
517 2477 633 2516 inquit.
643 2479 709 2509 Hoc
719 2480 777 2518 est,

84 2522 250 2552 liis-suesce
266 2522 342 2552 huic
355 2523 530 2553 seducibili
542 2524 652 2554 sensui
668 2534 675 2552 :
693 2525 780 2554 inni-

83 2570 150 2597 tvi-c
168 2568 284 2606 verbo,
301 2568 375 2598 fidei
388 2576 549 2600 assuesce.
566 2569 659 2601 Fides
671 2571 779 2601 nescia

86 2612 168 2650 mli,
185 2613 262 2643 fides
278 2614 454 2644 invisibilia
483 2616 778 2655 comprehendens,

86 2666 193 2688 sensus
211 2660 379 2698 penuriam
411 2669 474 2690 non
500 2662 597 2692 sentit
614 2671 620 2690 :
638 2662 778 2701 denique

1443 251 1505 280 243

805 299 1038 339 transgreditur
1048 299 1128 329 fines
1143 299 1241 329 etiam
1251 295 1382 331 rationis
1390 303 1507 333 huma-

805 355 871 384 nae,
886 345 1010 375 naturae
1032 353 1144 382 usum,
1159 345 1368 382 experientiae
1395 349 1506 378 termi-

806 400 872 422 nos.
884 391 966 429 Quid
975 390 1151 428 interrogas
1163 390 1292 419 oculum
1303 390 1342 420 ad
1349 393 1432 429 quod
1441 401 1504 423 non

806 436 942 467 sufficit?
955 436 994 466 Et
1004 444 1116 466 manus
1128 435 1207 474 quid
1223 435 1394 473 explorare
1410 445 1506 466 cona-

807 483 857 512 tur
873 482 957 520 quod
979 489 1075 520 supra
1103 480 1207 520 ipsam
1236 480 1304 510 est?
1326 480 1432 511 Minus
1457 485 1507 513 est

806 528 959 566 quIcquid
979 527 1052 565 ille,
1067 526 1121 556 vel
1142 526 1198 555 illa
1213 525 1392 556 renuntiet.
1424 525 1506 556 Sane

806 572 884 602 fides
905 572 1095 611 pronuntiet
1106 572 1146 602 de
1161 579 1214 601 me
1224 593 1233 608 ‚
1256 579 1328 609 quae
1342 569 1507 606 majestati

807 618 890 647 nihil
905 618 1041 648 minuat.
1060 618 1154 647 Disce
1170 617 1204 647 id
1218 617 1340 646 habere
1365 617 1507 655 certius,

808 663 840 693 id
854 663 954 694 tutius
969 663 1079 702 sequi,
1094 663 1179 702 quod
1194 663 1250 692 illa
1268 661 1416 692 suaserit.
1434 663 1508 692 ΝοΙὶ

808 717 852 738 me
880 710 1004 747 tanqere
1012 730 1023 746 ,
1048 709 1186 738 nondum
1210 709 1291 738 enim
1323 708 1446 738 ascendi
1469 707 1509 737 ad

807 755 933 784 Patrem
953 763 1068 784 meum.
1085 753 1181 790 Quasi
1196 761 1275 784 vero
1290 761 1363 783 cum
1377 753 1443 789 jam
1456 760 1507 783 as-

807 797 972 837 cenderit,
997 800 1076 829 tunc
1102 799 1192 836 tangi
1214 798 1255 827 ab
1283 806 1322 828 ea
1337 797 1437 835 velit,
1453 798 1509 827 aut

807 844 919 882 possit,
944 845 983 874 Et
996 845 1109 883 utique
1128 844 1268 883 poterit,
1287 843 1345 873 sed
1370 843 1508 880 affectu,

807 898 869 919 non
894 898 1009 928 manu3
1025 891 1118 929 voto,
1140 898 1205 920 non
1221 889 1314 919 oculo
1325 897 1334 926 ;
1346 887 1429 926 fide,
1444 896 1509 918 non

807 935 964 966 sensibus.
981 935 1068 973 Quid
1084 936 1123 966 tu
1147 943 1219 973 me,
1243 935 1309 972 ait,
1323 934 1418 964 modo
1440 935 1510 964 tan-

807 989 882 1018 gere
894 981 1011 1019 quaeris
1021 990 1107 1020 ,quae
1116 989 1213 1011 sensu
1224 979 1366 1018 corporis
1374 980 1509 1017 gloriam

808 1027 946 1057 aestimas
979 1025 1246 1057 resurrectionis?
1275 1025 1385 1055 Nescis
1422 1025 1509 1063 quod

809 1073 953 1110 tempore
969 1073 1073 1103 adhuc
1084 1081 1166 1103 meae
1185 1071 1392 1102 mortalitatis
1405 1070 1510 1101 trans·

809 1118 935 1157 figurati
945 1118 985 1148 ad
999 1118 1112 1148 horam
1127 1117 1276 1148 morituri
1289 1116 1430 1154 corporis
1440 1117 1510 1155 glo-

809 1164 889 1192 riam
913 1163 998 1193 oculi
1012 1163 1253 1202 Discipulorum
1277 1161 1437 1192 sustinere
1451 1169 1511 1191 ne-

809 1207 992 1246 quiverint?
1005 1209 1118 1238 Adhuc
1133 1208 1267 1247 quidem
1282 1207 1348 1237 tuis
1362 1206 1512 1237 sensibus

809 1261 884 1290 gero
899 1261 1042 1291 morem,
1061 1253 1196 1283 formam
1211 1251 1389 1290 ingerendo
1406 1252 1513 1281 servi-

809 1298 885 1336 lem,
895 1306 990 1336 quam
1000 1298 1039 1328 de
1049 1297 1283 1328 consuetudine
1290 1304 1510 1335 recognoscas.

809 1344 966 1373 Caeterum
981 1344 1140 1374 mirabilis
1154 1343 1240 1374 facta
1257 1344 1307 1373 est
1322 1343 1422 1381 gloria
1438 1351 1511 1372 mea

810 1397 852 1418 ex
867 1389 918 1427 te,
935 1389 1112 1419 confortata
1127 1389 1194 1426 est,
1210 1389 1244 1419 et
1255 1396 1321 1418 non
1331 1387 1455 1427 poteris
1470 1388 1511 1417 ad

810 1443 892 1465 eam.
918 1434 1022 1464 Differ
1047 1443 1123 1473 ergo
1147 1434 1326 1472 judicium,
1351 1433 1512 1471 suspende

809 1480 1022 1518 sententiam,
1048 1482 1082 1511 et
1095 1481 1192 1510 tantae
1211 1480 1260 1509 rei
1282 1479 1512 1509 diffinitionem

809 1534 849 1556 ne
874 1526 985 1556 credas
1005 1526 1133 1564 sensui,
1154 1525 1232 1555 fidei
1252 1525 1428 1556 reservato.
1454 1525 1512 1554 llla

809 1572 957 1611 dignius,
970 1572 1026 1602 illa
1038 1572 1179 1602 diffiniet
1193 1570 1315 1601 certius
1325 1593 1334 1609 ,
1349 1578 1422 1610 quae
1439 1571 1513 1609 ple-

809 1619 883 1649 nius
904 1617 1169 1656 comprehendet.
1191 1616 1341 1655 Denique
1366 1624 1513 1655 compre-

809 1663 925 1693 hendit
937 1671 993 1692 suo
1005 1663 1061 1693 illo
1076 1661 1212 1700 mystico
1224 1670 1260 1692 ac
1271 1661 1429 1700 profundo
1440 1661 1514 1691 sinu

811 1720 882 1750 quae
891 1711 934 1741 sit
948 1711 1114 1749 longitudo
1123 1733 1132 1749 ,
1143 1710 1298 1748 latitudo,
1309 1709 1491 1741 sublimitas
1508 1732 1518 1746 ,

812 1758 845 1787 et
859 1755 1067 1795 profundum.
1083 1756 1174 1793 Quod
1195 1756 1308 1786 oculus
1324 1763 1390 1785 non
1410 1755 1514 1792 vidit,

812 1810 872 1832 nec
898 1801 985 1831 auris
1005 1801 1147 1839 audivit,
1167 1809 1228 1831 nec
1251 1801 1287 1831 in
1303 1809 1356 1831 cor
1370 1800 1513 1831 hominis

813 1845 974 1883 ascenditg
991 1845 1046 1875 illa
1062 1846 1095 1875 in
1110 1854 1144 1876 se
1159 1845 1250 1884 quasi
1264 1846 1404 1884 quodam
1419 1845 1511 1875 invo-

813 1893 901 1922 lucro
916 1893 1061 1922 clausum
1079 1891 1202 1929 portat,
1219 1891 1389 1929 servatque
1409 1891 1514 1929 signa-

812 1939 894 1968 tum.

853 1983 902 2013 10.
923 1983 981 2012 llla
1006 1982 1106 2020 igitur
1120 1981 1216 2020 digne
1231 1990 1284 2011 me
1298 1981 1428 2021 tanget,
1442 1991 1515 2021 quae

812 2028 899 2058 Patri
913 2028 1142 2058 consedentem
1168 2026 1340 2065 suscipiet,
1365 2035 1430 2057 non
1446 2028 1513 2065 iam

812 2073 846 2102 in
861 2072 978 2102 humili
990 2072 1106 2102 habitu
1116 2094 1124 2110 ,
1141 2071 1197 2102 sed
1208 2072 1244 2101 in
1259 2071 1400 2109 coelesti3
1418 2080 1515 2103 carne

812 2118 879 2156 ipsa
895 2117 949 2148 sed
972 2118 1074 2147 altera
1099 2116 1219 2154 specie.
1236 2116 1321 2153 Quid
1335 2116 1513 2147 deformem

812 2164 862 2194 vis
872 2163 1022 2201 tangere?
1036 2163 1195 2201 Exspecta
1206 2163 1243 2193 ut
1254 2162 1427 2192 formosum
1443 2163 1518 2193 tan-

811 2218 875 2248 gas.
891 2210 969 2239 Nam
984 2209 1039 2247 qui
1054 2208 1208 2239 deformis
1221 2208 1333 2246 111οᾱ0,
1348 2208 1427 2238 tunc
1446 2208 1514 2238 for-

811 2263 936 2292 mosusg
949 2254 1102 2284 deformis
1111 2253 1212 2284 tactui
1221 2276 1230 2292 ,
1239 2252 1392 2283 deformis
1403 2262 1515 2292 aspec-

812 2301 878 2338 tui·⁷
889 2300 1042 2330 deformis
1053 2299 1193 2338 denique
1203 2299 1339 2329 deformi
1351 2299 1412 2329 tibi
1422 2321 1432 2336 ,
1443 2308 1516 2338 quae

811 2346 959 2376 sensibus
969 2346 1042 2384 plus
1054 2345 1195 2376 inhaeres
1203 2367 1212 2383 ,
1221 2345 1298 2375 fidei
1310 2345 1428 2375 minus.
1439 2346 1513 2375 Esto

812 2391 966 2429 formosa,
983 2393 1016 2422 et
1039 2392 1136 2430 tange
1160 2399 1234 2421 me:
1249 2392 1316 2421 esto
1341 2390 1464 2427 fidelis,
1479 2391 1512 2419 et

813 2436 947 2467 formosa
963 2446 1007 2468 es.
1032 2438 1181 2467 Formosa
1198 2436 1372 2466 formosum
1398 2437 1431 2465 et
1446 2435 1515 2472 dig-

812 2481 885 2511 nius
910 2483 1039 2520 tanges,
1056 2483 1089 2513 et
1114 2482 1253 2512 felicius.
1268 2482 1390 2518 Tanges
1415 2487 1512 2509 manu

812 2527 905 2566 fidei,
930 2528 1083 2558 desiderii
1105 2527 1224 2566 digit0‚
1240 2525 1420 2557 devotionis
1442 2532 1511 2553 am-

812 2573 932 2611 plexu3
948 2575 1059 2612 tanges
1076 2574 1167 2603 oculo
1196 2572 1324 2602 mentis.
1354 2570 1392 2599 At
1417 2576 1521 2607 num-A

812 2619 889 2656 quid
929 2619 1034 2648 adhuc
1062 2618 1210 2656 nigrum?
1238 2616 1337 2646 Absit.
1370 2615 1513 2644 Dilectus

814 2665 887 2694 tuus
913 2666 1056 2695 candidus
1116 2664 1310 2694 rubicum!11.3‚
1344 2661 1511 2692 Formosus
