1846 3078
274 228 335 262 586

316 286 348 317 8.
364 285 523 317 Caeterum
536 286 616 325 quid
636 287 676 317 ad
691 287 799 324 illam,
824 296 896 326 quae
911 294 975 316 non

276 331 424 362 unitione
440 333 573 371 constat,
583 333 641 363 scd
655 334 759 363 exstat
774 332 975 363 aeternitate?

276 377 343 407 Non
356 378 452 416 plane
467 378 557 408 illam
572 379 713 417 quaedam
724 399 733 415 ,
749 379 850 408 instar
864 377 973 416 hujuS,

275 424 389 453 mutua
402 424 608 453 manducatio
623 424 718 460 facit,
745 423 820 461 quia
842 431 903 453 nec
926 423 972 453 fit.

273 469 329 499 Est
342 469 442 499 enirn.
459 470 521 499 Sed
532 478 592 499 nec
605 469 802 506 conjunctio,
816 469 869 498 vel
881 469 971 506 quasi

274 515 476 553 compositio,
492 516 544 544 vel
561 514 624 543 tale
633 514 767 551 aliquid,
781 515 867 552 quod
878 514 974 544 unius

273 567 338 590 non
354 562 412 591 est.
430 562 483 590 Est
499 561 604 589 autem
629 560 715 589 Patri
739 560 887 599 Pilioque
916 569 974 590 na-

273 608 345 635 tura
355 627 364 642 ,
382 606 518 635 essentia
528 627 536 642 ‚
550 605 700 635 voluntas
712 614 775 635 non
790 606 885 636 modo
896 615 971 645 una,

273 651 330 680 sed
351 659 463 680 unum.
490 650 556 679 Hoc
585 658 703 688 nempe
727 652 775 681 est
798 651 864 681 illis
885 659 972 689 esse,

272 696 356 734 quod
380 698 527 725 naturam
555 703 648 725 esse:
676 696 736 727 hoc
761 697 868 735 velle,
889 697 973 735 quod

273 749 359 777 esse,
376 740 428 769 vel
444 740 594 769 naturam
610 749 692 771 esse.
708 741 775 771 Non
798 742 847 772 est
862 742 972 780 itaque

271 785 356 823 quod
380 785 506 823 unitas,
531 794 595 824 qua
610 795 712 816 unum
736 788 810 817 sunt
833 789 926 818 Pater
941 789 972 818 et

270 831 388 868 Pium,
414 831 541 860 dicatur
558 831 629 861 fieri
650 832 690 862 (le
711 833 837 863 naturis
852 834 905 863 vel
922 842 973 864 es·

271 877 384 907 sentiis
401 898 411 914 ,
439 877 493 906 vel
520 878 748 909 voluntatibus
766 900 776 916 ,
804 879 880 916 quia
907 888 970 909 non

269 924 343 952 sunt
359 931 367 951 ε
385 930 450 952 non
473 923 522 953 est
546 923 633 961 quod
656 924 783 954 dicatur
799 925 850 954 vel
877 924 970 962 fieri,

269 968 344 1005 quia
361 969 421 997 est.
437 968 502 997 Nec
518 969 605 998 enim
619 968 745 998 factitia
759 970 827 1006 est,
845 970 901 999 sed
916 978 970 999 na-

269 1014 350 1043 tiva.
367 1014 447 1044 Sunt
471 1013 504 1043 in
523 1023 592 1044 sese
613 1015 709 1044 Pater
725 1017 757 1045 et
772 1016 892 1053 Filius,
907 1024 971 1046 non

268 1061 371 1089 solum
388 1060 565 1097 ineffabili,
581 1060 638 1090 sed
661 1061 760 1090 etiam
787 1061 972 1099 incompre-

269 1106 425 1135 hensibili
442 1106 536 1136 modo
562 1108 612 1136 sui
642 1106 785 1145 ipsorum
809 1109 972 1146 capabiles

268 1152 391 1189 pariter
407 1153 440 1182 et
454 1160 588 1190 capaces
605 1161 612 1180 :
631 1153 688 1182 sed
707 1161 783 1182 sane
808 1154 853 1183 ita
876 1162 971 1192 capa-

269 1198 350 1228 biles
364 1219 373 1235 ,
388 1200 505 1228 utnon
520 1198 705 1235 partibiles;
728 1198 771 1228 ita
787 1208 923 1237 capaces
937 1201 971 1230 ut

267 1251 333 1273 non
348 1244 623 1282 participes.Nam
635 1245 672 1273 ut
688 1245 719 1273 in
734 1245 852 1283 hymno
861 1246 972 1276 Eccle-

268 1289 315 1318 sia
330 1289 435 1318 canit:
453 1290 490 1318 In
506 1290 598 1319 Patre
614 1290 699 1319 totus
714 1291 825 1328 Filius,
840 1292 872 1320 et
887 1292 972 1322 totus

268 1336 304 1365 in
316 1336 423 1365 Verbo
444 1336 550 1365 Pater.
568 1336 622 1364 Est
637 1337 732 1365 Pater
756 1336 790 1365 in
815 1337 914 1374 Filio,
936 1338 969 1366 in

267 1389 332 1418 quo
358 1381 421 1410 sibi
446 1389 574 1418 semper
590 1381 674 1410 bene
690 1381 888 1419 complacuit
906 1391 913 1411 :
939 1384 971 1412 et

269 1428 319 1457 est
332 1428 434 1457 Filius
454 1428 487 1456 in
502 1428 596 1458 Patre
608 1450 617 1465 ,
633 1436 649 1456 a
666 1437 730 1466 quo
743 1431 779 1459 ut
792 1438 970 1468 numquam

266 1480 332 1503 non
343 1474 455 1510 natus,
470 1473 514 1502 ita
527 1481 703 1510 numquam
726 1475 776 1503 est
790 1477 968 1512 separatus.

266 1519 366 1548 Porro
387 1527 447 1556 per
467 1518 636 1547 caritatem
659 1518 754 1547 homo
771 1519 805 1548 in
831 1521 916 1558 Deo,
939 1522 971 1551 et

266 1565 355 1594 Deus
369 1565 403 1594 in
419 1564 551 1594 homine
567 1564 635 1600 est,
652 1564 782 1594 dicente
800 1565 946 1596 Johanne
961 1575 968 1596 :

265 1609 342 1646 quia
359 1611 412 1647 qui
426 1610 529 1638 manet
543 1609 573 1637 in
590 1609 719 1638 caritate
732 1630 741 1645 ‚
765 1610 884 1640 1‘n·Deo
903 1620 969 1641 ma-

267 1656 340 1691 net,
355 1656 384 1684 et
398 1656 479 1684 Deus
503 1655 535 1683 ιή
560 1662 605 1683 eo.
632 1654 806 1684 Consensio
822 1656 971 1693 quaedam

266 1698 335 1728 haec
349 1720 357 1736 ,
374 1699 411 1728 ut
426 1697 489 1727 sint
506 1697 568 1727 duo
585 1697 618 1726 in
636 1706 701 1726 uno
716 1698 852 1736 spiritu,
870 1701 971 1730 immo

266 1752 351 1774 unus
375 1744 508 1782 spiritus
533 1743 609 1773 sint.
634 1743 775 1773 Videsne
799 1745 971 1777 diversita-

266 1791 335 1820 tem
357 1789 370 1819 ἓ
392 1790 460 1820 Non
483 1790 532 1819 est
555 1789 643 1819 idem
664 1789 808 1827 profecto
834 1793 972 1822 consub-

267 1836 416 1866 stantiale
429 1858 438 1874 ,
453 1838 487 1866 et
502 1835 728 1866 consentibile.
748 1837 946 1875 Quamquam
961 1861 970 1877 ,

266 1882 293 1912 si
310 1882 490 1918 advertisti,
499 1881 575 1911 satis
587 1881 647 1911 tibi
656 1890 716 1920 per
727 1891 807 1913 unus
821 1885 848 1913 et
862 1893 969 1922 unum,

266 1928 410 1965 ipsarum
445 1936 573 1966 quoque
609 1927 759 1958 innuitur
787 1928 970 1960 differentia

265 1973 427 2003 unitatum
444 1983 452 2002 :
473 1973 626 2012 quoniam
641 1973 773 2011 quidem
801 1983 864 2004 nec
884 1976 970 2006 Patri

267 2019 300 2048 et
315 2020 395 2049 Filio
411 2028 509 2055 unus,
524 2028 585 2049 nec
602 2019 725 2049 homini
741 2020 774 2049 et
790 2021 857 2050 Deo
874 2030 970 2052 unum

267 2065 388 2102 poterit
416 2065 605 2094 convenire.
634 2065 703 2095 Non
732 2067 870 2104 possunt
905 2068 969 2098 dici

267 2118 350 2140 unus
366 2111 460 2140 Pater
476 2111 510 2139 et
534 2110 654 2147 Filius,
671 2110 747 2148 qnia
770 2111 826 2141 ille
855 2113 969 2150 Pater,

268 2157 300 2184 et
316 2156 372 2185 ille
387 2156 487 2185 Filius
503 2157 568 2185 est:
583 2164 684 2186 unum
700 2157 809 2186 tamen
819 2158 971 2188 dicuntur

268 2201 302 2229 et
316 2202 410 2239 sunt,
426 2202 512 2239 quod
526 2210 590 2231 una
605 2202 735 2231 omnino
752 2203 834 2240 illiS,
853 2204 886 2233 et
906 2212 969 2234 non

267 2246 386 2283 cuique
402 2256 457 2275 sua
483 2248 662 2277 substantia
686 2249 744 2277 est.
768 2249 836 2286 Quo
858 2251 969 2279 contra

267 2291 364 2321 homo
386 2294 418 2321 et
446 2293 550 2330 Deus,
576 2294 653 2331 quia
677 2294 774 2324 unius
803 2303 867 2324 non
897 2298 970 2326 sunt

270 2337 458 2367 substantiae
483 2340 535 2367 rel
558 2341 699 2378 naturae;
719 2349 820 2370 unum
835 2342 969 2379 quidem

268 2382 332 2412 dici
348 2391 412 2412 non
436 2384 593 2422 possunt,
610 2394 692 2415 unus
714 2387 970 2425 tamenspiritus

268 2427 359 2457 certa
374 2429 406 2457 et
418 2429 563 2458 absoluta
581 2431 718 2460 veritate
745 2432 898 2463 dicuntur
909 2455 917 2470 ,
943 2434 969 2463 si

269 2473 332 2502 sibi
358 2472 483 2510 glutino
509 2475 625 2503 amoris
654 2476 843 2506 inhaereant.
868 2479 970 2515 Quam

269 2518 403 2557 quidem
419 2518 579 2549 unitatem
594 2528 656 2549 non
672 2522 738 2549 tam
755 2524 969 2554 essentiarum

272 2563 470 2593 cohaerentia
498 2563 574 2594 facit
585 2586 594 2601 ‚
635 2573 731 2603 quam
762 2568 970 2599 conniventia

272 2610 487 2639 voluntatum.

313 2655 346 2686 9.
358 2656 448 2686 Patet
466 2655 522 2696 (ni
539 2656 631 2686 fallor
647 2655 658 2696 )
687 2658 763 2687 satis
787 2665 849 2688 non
877 2658 970 2688 modo

739 235 770 262 S.
792 231 1030 263 BERNARDI
1055 234 1250 265 ABBATIS

1011 285 1183 339 diversitas
1195 310 1206 327 ,
1221 290 1280 322 sed
1293 290 1328 322 et
1341 290 1511 332 disparitas
1525 291 1688 325 unitatum
1697 313 1709 335 ⁵

1010 340 1073 362 nna
1087 342 1122 362 in
1132 343 1208 372 una,
1224 336 1326 367 altera
1340 339 1374 368 in
1386 339 1522 370 diversis
1530 339 1708 371 exsistente

1010 379 1169 409 essentiis.
1185 381 1270 418 Quid
1283 383 1348 413 tam
1363 384 1484 416 distans
1500 394 1517 415 a
1532 394 1585 423 se,
1611 393 1706 424 quam

1010 422 1115 454 unitas
1127 425 1270 462 plurium
1287 428 1320 457 et
1335 429 1431 458 unius
1445 429 1458 458 ἓ
1473 430 1520 459 Ita
1535 430 1620 460 inter
1633 430 1723 459 uni-¹

1009 469 1092 499 tates
1108 468 1119 509 (
1138 471 1174 500 ut
1188 471 1258 501 dixi
1283 471 1294 512 )
1318 473 1544 505 disterminant
1568 483 1651 504 unus
1675 475 1710 505 et

1009 522 1106 544 unum
1117 537 1126 553 ,
1143 517 1227 554 quod
1240 526 1405 555 perunum
1421 520 1550 557 quidem
1565 520 1600 549 in
1614 520 1708 549 Patre

1009 561 1040 589 ot
1055 562 1136 592 Filio
1153 564 1302 594 essentiae
1319 565 1445 603 unitas,
1462 574 1521 604 per
1536 576 1616 597 unus
1630 574 1709 596 vero

1010 605 1094 637 inter
1108 609 1212 639 Deum
1230 611 1263 640 et
1277 610 1442 640 hominem
1458 619 1523 640 non
1538 611 1606 640 haec
1620 633 1629 649 ‚
1652 611 1709 641 sed

1008 655 1223 684 consentanea
1247 656 1393 694 quaedam
1416 656 1621 686 affectionum
1638 657 1711 694 pie-

1009 701 1054 728 tas
1071 700 1270 738 designatur.
1293 702 1372 731 Cum
1397 702 1579 738 adjectione
1599 702 1709 731 tamen

1008 746 1106 775 etiam
1120 746 1215 776 Pater
1231 748 1263 777 et
1278 748 1379 777 Filius
1404 748 1572 777 sanissime
1593 747 1710 777 dicun?

1009 792 1059 819 tur
1084 800 1169 821 unus
1180 814 1189 829 ,
1222 793 1314 822 verbi
1347 801 1441 822 causa
1455 815 1463 831 ,
1490 801 1576 822 unus
1602 793 1708 829 Deus,

1008 845 1089 865 unus
1104 838 1278 876 Dominus,
1303 839 1336 868 et
1358 838 1514 876 quicquid
1531 838 1620 867 aliud
1636 838 1684 867 est
1697 859 1707 876 ,

1006 882 1089 919 quod
1105 882 1145 911 ad
1159 891 1192 912 se
1205 884 1342 922 quisque
1353 905 1362 921 ,
1379 884 1411 912 et
1426 891 1490 913 non
1512 883 1553 912 ad
1567 883 1707 912 alterum

1006 927 1137 957 dicitur.
1155 928 1186 957 Si
1198 929 1331 966 quidem
1352 937 1417 958 non
1433 930 1481 958 est
1493 929 1559 958 illis
1578 928 1708 957 diversa

1006 973 1159 1003 divinitas
1170 974 1240 1003 sive
1253 974 1416 1011 majestas,
1428 982 1492 1004 non
1502 974 1603 1012 magis
1611 982 1708 1012 quam

1005 1019 1186 1048 substantia
1202 1041 1211 1057 ,
1238 1020 1292 1049 vel
1313 1020 1474 1057 essentia,
1502 1020 1556 1048 vel
1579 1020 1707 1048 natura.

1005 1065 1125 1102 Nempe
1140 1065 1207 1095 hoec
1223 1065 1290 1103 ipsa
1307 1066 1414 1094 omnia
1425 1087 1434 1102 ,
1452 1065 1478 1094 si
1493 1065 1547 1103 pie
1562 1064 1710 1094 conside-

1007 1118 1074 1147 res,
1091 1119 1155 1140 non
1171 1111 1298 1140 diversa
1310 1119 1368 1140 seu
1383 1111 1486 1140 divisa
1503 1110 1535 1139 in
1553 1109 1638 1147 illis,
1651 1109 1709 1139 sed

1006 1163 1105 1184 unum
1122 1157 1208 1185 sunt.
1229 1156 1333 1185 Minus
1355 1155 1423 1185 dixi
1438 1164 1445 1184 ε
1464 1163 1565 1184 unuin
1582 1155 1657 1184 sunt
1674 1156 1709 1184 et

1006 1209 1077 1230 cum
1095 1201 1172 1231 illis.
1194 1201 1279 1239 Quid
1303 1201 1357 1230 illa
1379 1202 1505 1238 unitas,
1527 1209 1590 1239 qua
1606 1201 1708 1230 multa

1006 1248 1098 1276 corda
1114 1256 1213 1277 unum
1225 1269 1233 1284 ,
1264 1247 1297 1277 et
1319 1247 1428 1276 multae
1442 1247 1559 1276 animae
1577 1255 1642 1276 una
1657 1247 1706 1275 le-

1005 1292 1216 1327 gunturmec,
1233 1292 1395 1328 censenda
1414 1291 1463 1330 (ut
1477 1291 1562 1331 reor)
1576 1291 1708 1321 nomine

1007 1339 1157 1377 unitatis,
1194 1338 1377 1375 comparata
1413 1338 1509 1375 huic,
1537 1346 1608 1376 quae
1642 1345 1707 1366 non

1006 1384 1105 1413 multa
1120 1382 1209 1420 unit,
1228 1383 1284 1412 sed
1305 1392 1405 1412 unum
1422 1383 1629 1420 singulariter
1643 1382 1708 1419 sig-

1006 1430 1070 1459 nat.
1087 1431 1166 1467 Ergo
1189 1429 1361 1467 singularis
1376 1437 1412 1458 ac
1434 1437 1559 1458 summa
1584 1428 1640 1457 illa
1659 1428 1709 1457 est

1005 1476 1128 1512 unitas,
1144 1484 1216 1513 quae
1231 1483 1295 1504 non
1317 1475 1465 1504 unitione
1482 1474 1626 1512 constat,
1651 1473 1709 1503 sed

1005 1520 1112 1550 exstat
1126 1519 1322 1550 aeternitate.
1338 1521 1402 1550 Nee
1419 1529 1495 1550 sane
1512 1520 1597 1549 hanc
1611 1520 1708 1557 spiri-

1007 1566 1100 1596 tualis
1128 1566 1184 1596 illa
1210 1565 1343 1604 praefata
1370 1561 1577 1595 manducatio
1606 1565 1708 1601 facit,

1004 1612 1080 1649 quia
1102 1620 1162 1641 nec
1185 1611 1231 1641 fit.
1262 1612 1316 1640 Est
1344 1611 1444 1640 enim.
1475 1610 1575 1640 Multo
1599 1611 1709 1640 minus

1005 1666 1075 1686 eam
1106 1657 1214 1686 facere
1244 1656 1389 1694 putanda
1418 1657 1467 1685 est
1492 1656 1708 1685 essentIarum

1004 1702 1249 1740 qualiscumque
1276 1701 1480 1738 conjunctio,
1497 1709 1556 1730 seu
1571 1709 1709 1730 consen-

1005 1749 1050 1777 sio
1075 1748 1280 1778 voluntatum
1291 1769 1300 1785 ,
1326 1746 1403 1785 quia
1434 1755 1499 1776 non
1525 1748 1612 1776 sunt.
1639 1747 1708 1776 Una

1005 1794 1093 1823 euim
1110 1794 1176 1823 illis
1193 1793 1203 1832 (
1219 1794 1256 1823 ut
1271 1793 1394 1823 dictum
1411 1793 1459 1822 est
1475 1790 1484 1831 )
1504 1792 1538 1822 et
1550 1792 1707 1831 essentia,

1005 1841 1039 1869 et
1052 1840 1202 1869 voluntas
1217 1847 1225 1867 :
1242 1838 1300 1868 uni
1316 1845 1395 1868 vero
1410 1846 1476 1867 non
1501 1837 1551 1867 est
1571 1845 1710 1867 consen-

1004 1892 1074 1921 sus,
1090 1892 1153 1913 non
1168 1882 1376 1920 compositio,
1392 1890 1456 1911 non
1466 1881 1641 1919 copulatio,
1654 1883 1710 1912 aut

1005 1930 1067 1959 tale
1085 1929 1219 1967 aliquid.
1236 1929 1325 1958 Duas
1341 1935 1412 1958 esse
1437 1928 1567 1965 oportet
1587 1927 1628 1956 ad
1643 1927 1708 1956 mi-

1005 1983 1064 2005 nus
1078 1975 1280 2011 voluntates,
1296 1974 1333 2003 ut
1347 1974 1390 2004 sit
1411 1980 1603 2010 consensus;
1629 1972 1709 2002 duas

1004 2029 1096 2059 aeque
1112 2020 1271 2051 essentias
1285 2042 1294 2058 ,
1314 2019 1352 2049 ut
1372 2019 1415 2050 sit
1435 2017 1621 2055 conjunctio
1637 2018 1708 2048 sive

1006 2067 1109 2096 unitio
1125 2074 1185 2104 per
1201 2073 1407 2096 consensum.
1424 2065 1548 2094 Horum
1573 2064 1658 2093 nihil
1674 2064 1709 2093 in

1005 2114 1097 2142 Patre
1125 2114 1158 2143 et
1185 2112 1268 2141 Filio
1282 2134 1291 2149 ‚
1317 2111 1439 2149 quippe
1463 2118 1524 2140 nec
1549 2110 1709 2140 essentias

1005 2159 1102 2196 duas,
1118 2166 1179 2188 nec
1195 2158 1272 2187 duas
1287 2156 1486 2186 habentibus
1508 2156 1705 2186 voluntates.

1006 2205 1072 2233 Una
1096 2205 1144 2233 est
1169 2205 1308 2240 utraque
1330 2211 1382 2232 res
1404 2202 1470 2231 illis
1490 2210 1498 2230 ε
1523 2201 1577 2231 vel
1598 2201 1708 2238 potius

1005 2248 1015 2289 (
1032 2251 1067 2279 ut
1088 2249 1258 2288 praefatum
1275 2256 1326 2278 me
1348 2247 1483 2277 memini
1500 2245 1510 2286 )
1527 2255 1628 2276 unum
1643 2246 1709 2276 duo

1004 2295 1064 2325 ista
1080 2295 1114 2324 in
1130 2295 1212 2331 illis,
1230 2302 1329 2323 unum
1348 2294 1381 2323 et
1397 2293 1549 2322 cumillis
1561 2293 1657 2329 sunt,
1671 2300 1708 2321 ac

1004 2349 1061 2379 per
1073 2341 1133 2370 hoc
1145 2341 1206 2378 ipsi
1221 2340 1303 2369 sieut
1315 2337 1706 2377 incomprehensibiliter,

1004 2388 1048 2417 ita
1061 2385 1372 2416 incommutabiliter
1384 2385 1528 2414 invicem
1546 2384 1579 2414 in
1595 2392 1629 2414 se
1641 2392 1709 2413 ma-

1004 2434 1131 2471 nentes,
1144 2440 1220 2461 vere
1236 2432 1269 2461 et
1283 2430 1603 2469 singulariter-unum
1616 2431 1706 2459 sunt.

1004 2479 1037 2509 Si
1062 2478 1134 2517 quis
1152 2478 1264 2507 tamen
1280 2477 1365 2506 inter
1380 2477 1509 2506 Patrem
1534 2475 1568 2504 et
1587 2475 1707 2504 Filium

1005 2524 1091 2554 dicat
1116 2531 1186 2552 esse
1211 2529 1421 2559 consensum3
1437 2529 1502 2550 non
1524 2520 1706 2557 contendo,

1005 2568 1177 2602 dummodo
1201 2576 1266 2597 non
1298 2567 1504 2597 voluntatum
1532 2566 1706 2602 unionem,

1005 2615 1061 2644 sed
1076 2614 1235 2644 unitatem
1250 2613 1414 2652 intelligat
1426 2611 1615 2642 voluntatis.

1046 2659 1095 2689 10.
1114 2660 1211 2698 Atqui
1236 2659 1341 2689 Deum
1363 2660 1396 2689 et
1419 2657 1604 2695 hominem,
1629 2655 1707 2695 quia
