1846 3078
726 216 1004 247 SENTENTIAE.

144 275 247 308 *ficare
267 272 403 306 Domino
424 273 492 305 Deo
516 274 626 305 nostro
653 273 846 305 sacrificium

146 322 282 361 justitiae
297 322 330 351 et
351 321 505 352 caritatis.
521 320 595 350 Ideo
612 320 849 359 proficiscimur

151 368 185 397 in
200 367 382 404 desertum,
394 366 428 396 id
443 367 491 396 est
505 366 539 395 in
554 365 763 396 solitudinem
779 373 851 394 cor-

150 412 217 450 dis,
234 414 286 442 via
311 413 406 442 triam
438 413 569 442 diermn.
597 412 645 441 De
669 411 774 449 prima
796 410 849 440 die

149 456 229 486 dicit
249 464 384 495 sponsus
406 465 552 495 sponsae:
572 457 651 487 Veni
671 458 703 486 in
725 456 850 486 hortum

148 511 268 540 meum,
296 512 386 534 soror
411 512 481 533 mea
505 511 638 541 sponsa,-
657 502 716 531 hoc
739 502 788 531 est
817 501 851 530 in

148 548 307 585 plantaria
330 548 489 578 honarum
516 541 692 577 v‘irtutum.
718 548 766 577 De
800 555 851 576 se-

149 594 254 623 cunda
275 595 394 633 gaudet
414 601 548 632 sponsa,
565 594 599 623 et
622 593 725 623 dicit:
748 595 852 623 Intro-

149 641 238 670 duxit
252 649 300 670 me
314 642 382 670 Rea:
393 641 426 669 in
441 640 547 669 cellam
560 640 733 677 vinariamg
745 639 778 668 id
790 638 850 675 est,

150 685 235 715 inter
249 685 385 715 delicias
399 685 643 723 scripturarum.
660 684 769 713 Tertia
782 684 851 713 dies

149 731 198 760 est
212 730 390 767 thalamus,
405 730 576 768 plenitudo
592 730 726 766 amoris,
743 729 775 758 in
788 738 850 767 quo

149 782 183 804 se
198 775 346 805 invicem
357 775 509 805 fruuntur
522 783 657 813 sponsus
672 775 704 803 et
721 782 848 812 sponsa.

149 820 187 851 Et
208 821 284 850 nota
310 821 423 851 contra
438 820 633 857 vanitatem,
653 819 851 849 soliditatem

148 867 306 896 virtutum
319 875 328 905 ς
341 867 451 896 contra
467 866 693 896 curiositatem
703 887 712 903 ,
728 866 851 895 variam

149 912 399 942 delectationem
408 912 658 949 scripturarum,
672 912 783 941 contra
795 919 852 940 vo-

149 958 323 996 luptatem,
351 957 470 988 summi
495 957 586 987 illius
610 956 729 987 amoris
749 957 852 986 thala-

148 1010 251 1034 mum.

186 1049 239 1078 5¹.
256 1049 325 1078 Duo
340 1048 416 1078 sunt
426 1047 525 1078 ubera
538 1047 694 1086 caritatis,
707 1055 853 1085 compas-

148 1094 195 1124 sio
224 1094 257 1124 et
278 1094 525 1131 congratulatio.
552 1094 600 1122 Ex
629 1094 851 1131 compassione

149 1140 199 1170 lac
229 1139 355 1177 sugitur
380 1138 635 1169 consolationis:
654 1147 695 1168 ex
718 1146 852 1176 congra-

149 1184 308 1214 tulatione
323 1184 372 1213 lae
391 1183 516 1222 sugitur
532 1184 781 1214 exhortationis.

188 1230 240 1260 52.
257 1230 329 1259 Tria
342 1230 416 1260 sunt
430 1229 549 1268 quihus
564 1230 714 1259 servatur
724 1229 850 1259 unitas:

148 1274 320 1312 patIentia,
333 1274 520 1312 humilitas,
537 1274 569 1303 et
585 1274 712 1304 caritas.
729 1274 787 1304 His
801 1283 852 1304 ar-

150 1319 232 1349 mari
262 1320 361 1349 debet
387 1320 482 1350 miles
502 1319 640 1356 Christi,
657 1320 851 1357 patientiam

148 1365 273 1396 habens
287 1366 376 1404 quasi
393 1366 531 1403 scutum,
548 1366 633 1403 quod
649 1366 730 1395 ferat
747 1366 780 1395 et
791 1365 852 1395 cir-

149 1411 310 1441 cumferat
325 1412 434 1441 contra
450 1412 557 1441 onmia
570 1411 703 1441 adversa
720 1419 728 1440 ε
744 1411 852 1440 humi-

149 1457 277 1487 litatem
297 1457 390 1496 quasi
415 1457 568 1494 loricam,
589 1466 660 1495 quae
682 1458 852 1486 conservet

150 1503 308 1532 interiora
339 1503 517 1541 praecordia
533 1511 540 1531 :
558 1502 728 1532 caritatem
760 1503 850 1539 quasi

148 1549 309 1586 lanceam,
325 1556 384 1586 per
399 1556 509 1586 quam,
525 1548 609 1577 sicut
622 1548 703 1577 dicit
719 1548 852 1585 Aposto-

146 1593 217 1629 lus,
234 1601 345 1623 omnes
374 1593 536 1631 impetens
564 1593 598 1622 in
621 1593 851 1631 provocatione

149 1639 314 1677 caritatis,
332 1639 366 1669 et
381 1639 530 1669 omnibus
547 1639 656 1668 omnia
679 1646 712 1668 se
728 1638 852 1667 faciens

147 1684 361 1722 belligeratur
393 1684 516 1714 bellum
548 1684 690 1713 Domini.
722 1684 852 1721 Oportet

149 1730 248 1759 etiam
264 1730 300 1759 ut
312 1729 429 1759 habeat
443 1730 566 1768 galeam
577 1729 704 1767 salutis,
720 1738 791 1768 quae
805 1730 852 1759 est

149 1783 241 1813 speS,
256 1776 369 1814 caput,
385 1775 419 1805 id
441 1777 490 1805 est
512 1775 694 1814 principale
720 1775 851 1813 mentis,

149 1821 300 1850 muniens
316 1821 349 1850 et
372 1829 575 1850 conservans.
604 1820 731 1850 Habeat
754 1821 852 1850 etiam

148 1866 291 1903 gladium
306 1866 399 1896 verbi
410 1866 483 1903 Dei,
500 1868 533 1896 et
549 1875 668 1904 equum
680 1866 755 1896 boni
766 1867 853 1896 desi-

149 1912 245 1942 derii.
256 1912 369 1942 Goliad
384 1921 441 1942 suo
457 1912 562 1949 gladio
575 1912 770 1942 occidendus
786 1913 851 1950 est,

148 1965 234 1987 vana
248 1958 350 1996 gloria
372 1957 629 1988 consideratione
645 1957 748 1996 ipsius
761 1966 852 1988 vanae

148 2003 272 2041 gloriae.

188 2049 239 2079 55.
255 2049 326 2079 Duo
338 2049 413 2079 sunt
421 2049 607 2087 novissima,
618 2057 715 2087 mors,
729 2050 762 2079 et
771 2049 850 2079 vita.

149 2094 196 2125 Ad
211 2095 280 2125 haec
294 2095 441 2125 volamus
453 2095 578 2125 duabus
590 2096 649 2124 alis
659 2117 667 2132 ,
682 2095 798 2124 timore
820 2097 853 2126 et

148 2149 217 2177 spe.
232 2141 364 2170 Duabus
390 2142 537 2170 velamus
552 2140 669 2178 pedes,
685 2140 851 2178 poeniten-

148 2186 195 2216 tia
211 2186 336 2225 cordis,
353 2187 386 2217 et
415 2186 615 2216 confessione
637 2186 702 2215 oris
713 2208 721 2224 ,
735 2195 853 2216 secun-

148 2232 226 2262 dum
238 2232 322 2270 illud
337 2240 344 2261 :
359 2233 455 2263 Corde
479 2233 612 2262 creditur
626 2233 850 2270 adjustitiam,

148 2287 201 2307 ore
216 2279 318 2307 autem
340 2279 486 2319 confessio
507 2278 541 2315 fit
553 2279 594 2308 ad
607 2279 750 2308 satutem.
766 2278 853 2307 Dua-

150 2323 210 2352 bus
225 2323 372 2353 velamus
395 2323 510 2361 caput,
535 2323 710 2353 dilectione
737 2324 798 2353 Dei
820 2324 853 2353 et

149 2367 303 2406 proximi.
328 2367 420 2398 Unde
446 2368 640 2406 Apostolus:
658 2370 724 2399 Sive
753 2372 852 2399 mente

149 2414 335 2451 excedimus,
350 2415 433 2453 De03
444 2415 503 2444 sive
514 2413 610 2444 sobrii
622 2423 739 2450 sumus,
755 2415 850 2445 vobis.

191 2458 242 2488 54.
257 2459 354 2497 Nota,
370 2459 455 2498 quod
476 2468 518 2489 ex
533 2459 650 2489 timore
676 2468 852 2498 compunc-

149 2505 217 2543 tio,
233 2513 276 2535 ex
298 2505 548 2543 compunctione
572 2506 718 2535 onmium
740 2514 851 2536 rerum

150 2551 411 2588 abrenuntiatio,
428 2559 469 2581 ex
491 2560 554 2589 qua
574 2560 652 2581 vera
669 2552 851 2592 humilitas,

151 2604 193 2626 ex
207 2605 270 2635 qua
289 2605 366 2627 vera
386 2597 547 2628 consessio
557 2620 566 2636 ,
579 2597 613 2627 in
627 2606 690 2636 qua
704 2598 852 2628 omnium

151 2641 304 2674 vitiorum
321 2643 481 2681 purgatio.
500 2643 545 2674 Ex
571 2643 770 2675 consessione
789 2644 852 2675 vir-

1514 226 1568 255 Mol

882 271 989 302 tutum
1005 271 1178 310 pullulatio
1192 279 1199 301 :
1217 276 1370 306 couerci-„e
1386 278 1522 309 virtutes
1534 280 1579 309 fa-

883 317 976 348 ciunt
988 317 1092 347 cordis
1104 316 1280 354 puritatem
1291 340 1300 355 ,
1316 321 1348 350 in
1369 331 1430 359 qua
1446 333 1519 354 vem
1532 334 1580 354 53.

883 363 1007 401 pientia
1018 364 1050 393 et
1059 361 1203 400 perfecta
1213 363 1338 393 caritas.
1352 366 1461 397 Adhoc
1474 370 1579 399 scien-

884 410 960 438 dum
989 409 1075 447 quod
1097 408 1230 446 spiritus
1258 408 1383 438 timoris
1409 412 1462 441 (lat
1488 415 1584 444 timo-

885 463 953 484 rem
967 477 976 492 ,
991 454 1124 492 spiritus
1138 453 1270 492 pietatis
1287 458 1580 496 compunctionem,

885 501 1017 538 spiritus
1035 500 1181 530 scientiae
1199 499 1410 537 praesentium
1424 501 1583 532 abrenun-

886 547 1057 577 tiationem
1071 568 1080 584 ,
1093 547 1225 585 spiritus
1250 545 1451 576 fortitudinis
1475 555 1585 578 veram

886 592 1119 622 humilitatem.
1156 591 1330 621 Humilitas
1366 591 1453 620 enim
1484 592 1586 622 vincit

885 638 1013 675 omnia,
1028 638 1162 675 spiritus
1188 637 1315 666 consilii
1338 636 1586 673 confessionem,

885 683 1016 721 spiritus
1033 681 1258 720 intelligentiae
1274 682 1434 711 virtutum
1449 681 1590 719 acquisi-

885 729 1006 758 tionem
1017 750 1027 766 ,
1055 728 1188 765 spiritus
1218 727 1386 765 sapientiae
1408 727 1587 765 perfectam

886 773 990 803 cordis
1005 773 1182 810 puritatem
1198 775 1229 802 et
1243 781 1398 802 amorem.

924 819 975 848 55.
998 819 1143 855 Quatuor
1167 819 1244 848 sunt
1277 818 1408 848 ordines
1433 818 1468 847 in
1493 818 1590 848 domo

886 864 1027 894 Domini.
1056 864 1194 900 Quidam
1227 864 1315 893 enim
1345 864 1518 902 procidunt
1549 863 1590 893 ad

886 909 985 947 pedes
1000 910 1090 946 Jesu,
1102 909 1187 938 sicut
1199 909 1373 946 AEthiopes,
1391 908 1475 938 sicut
1490 908 1590 937 Maria

887 955 1051 992 poenitens
1067 954 1100 984 et
1126 955 1281 984 confitens
1295 963 1302 983 :
1316 954 1448 992 quidam
1474 954 1590 984 sedent

887 999 927 1029 ad
939 1000 1039 1037 pedes
1061 999 1132 1036 ejus
1142 1021 1151 1037 ,
1165 1000 1201 1030 ut
1217 1000 1329 1029 eadem
1341 999 1438 1029 Maria
1452 999 1589 1028 audiens

886 1046 1022 1075 verbum
1048 1045 1118 1082 ejus
1134 1054 1142 1074 ε
1159 1045 1289 1083 quidam
1314 1045 1425 1081 jacent
1453 1044 1487 1073 in
1515 1044 1588 1074 sinu

887 1090 957 1127 ejus
973 1100 981 1120 ι
997 1091 1130 1129 quidam
1145 1091 1258 1120 sedent
1270 1091 1310 1120 ad
1325 1091 1409 1121 latus
1421 1090 1503 1128 ejus.
1517 1091 1588 1120 Duo

887 1136 1016 1166 ordines
1031 1137 1126 1175 primi
1153 1137 1214 1167 sibi
1238 1136 1374 1173 vivunt,
1391 1136 1508 1166 tertius
1525 1135 1588 1165 sibi

887 1184 920 1212 et
934 1183 1084 1221 proximo
1098 1205 1106 1220 ,
1123 1184 1159 1213 ut
1184 1183 1350 1212 Johannes
1372 1181 1587 1220 Evangelista,

886 1229 1065 1267 suscipiens
1094 1229 1128 1259 et
1153 1237 1270 1267 sugens
1301 1236 1415 1267 pacem
1444 1229 1484 1258 de
1513 1228 1588 1258 sinu

889 1275 1026 1313 Domini,
1043 1276 1076 1305 et
1091 1275 1244 1305 nuntIans
1255 1283 1326 1304 eam
1342 1275 1472 1313 populo.
1488 1274 1590 1312 Quar-

887 1322 938 1351 tus
952 1321 1100 1359 proximo
1112 1343 1120 1359 ,
1136 1320 1221 1350 sicut
1236 1321 1421 1359 Apostolus,
1446 1321 1501 1358 qui
1516 1320 1563 1349 ait
1579 1328 1588 1348 ε

886 1368 1008 1395 Bonum
1033 1368 1188 1395 certamen
1215 1366 1347 1402 certavi,
1369 1374 1493 1395 cursum
1518 1373 1589 1394 con-

886 1412 1158 1450 summavi,ficlem
1186 1412 1315 1441 servavi.
1338 1410 1430 1440 Unde
1454 1418 1588 1440 securus

886 1456 1072 1495 subjungit:
1091 1457 1233 1494 Reposita
1248 1458 1291 1485 est
1308 1456 1384 1485 milti
1394 1456 1586 1493 coronajus-

888 1503 971 1532 lilioe.
988 1502 1026 1531 Et
1045 1502 1120 1531 ideo
1146 1502 1233 1540 cupio
1255 1501 1378 1531 dissolvi
1392 1502 1420 1531 et
1444 1509 1504 1530 csse
1519 1509 1589 1529 cum

888 1548 1019 1579 Christo.
1035 1550 1222 1578 Permanere
1235 1549 1337 1577 autcm
1353 1548 1384 1576 in
1407 1555 1500 1576 carne
1510 1568 1519 1583 ,
1531 1555 1588 1576 nc—

887 1595 1053 1623 cessarz'um
1080 1595 1205 1631 propter
1231 1602 1296 1623 vos.
1328 1593 1384 1622 Isti
1415 1600 1476 1622 nec
1506 1593 1587 1622 mori

886 1638 1020 1675 timent,
1036 1646 1096 1667 nec
1108 1639 1221 1667 vivere
1237 1639 1399 1667 recusant.

925 1683 977 1713 56.
995 1683 1153 1721 Superbia
1163 1683 1226 1712 alia
1243 1683 1292 1713 est
1305 1691 1401 1720 caeca,
1417 1683 1480 1712 alia
1489 1691 1587 1721 vana,

886 1728 950 1758 alia
967 1737 1050 1758 caeca
1066 1729 1164 1758 simul
1181 1729 1214 1758 et
1225 1736 1319 1759 vana.
1337 1729 1444 1766 Caeca,
1459 1729 1588 1766 quando

887 1775 982 1803 homo
1006 1774 1099 1812 putat
1125 1774 1159 1803 in
1181 1782 1215 1804 se
1241 1782 1310 1804 esse
1332 1773 1417 1812 quod
1440 1782 1505 1803 non
1525 1774 1586 1805 est.

887 1821 986 1859 Vana,
1001 1820 1129 1859 quaudo
1142 1820 1300 1858 gloriatur
1315 1820 1348 1850 in
1359 1821 1419 1850 hoc
1431 1820 1516 1858 quod
1532 1821 1588 1850 ho-

887 1866 989 1895 mines
1011 1866 1127 1903 putant
1142 1874 1218 1894 eum
1244 1873 1314 1896 esse
1339 1865 1424 1903 quod
1439 1873 1503 1894 non
1524 1866 1585 1895 est.

886 1912 972 1941 Caeca
989 1912 1086 1942 simul
1102 1913 1134 1941 et
1148 1919 1228 1941 vana
1242 1912 1302 1949 est,
1316 1911 1442 1950 quaudo
1452 1911 1491 1941 de
1504 1912 1588 1941 bono

886 1958 972 1995 quod
984 1966 1049 1987 non
1064 1958 1182 1995 habet,
1195 1959 1228 1987 et
1242 1957 1398 1996 gloriatur
1416 1957 1448 1986 in
1470 1959 1588 1988 semet-

888 2004 968 2042 ipso,
986 2006 1017 2034 et
1029 2004 1165 2033 aliorum
1187 2004 1322 2042 gloriam
1338 2003 1467 2041 quaerit.

925 2050 977 2079 57.
1006 2050 1199 2086 Humilitas,
1225 2050 1287 2079 alia
1314 2049 1478 2079 sufficiens
1491 2071 1500 2087 ,
1525 2049 1587 2078 alia

886 2096 1071 2134 abundans,
1097 2097 1159 2125 alia
1184 2095 1462 2134 superabundans.
1492 2095 1588 2125 Suffi-

887 2142 995 2180 ciens,
1020 2141 1113 2171 subdi
1137 2141 1270 2178 majori,
1286 2149 1347 2171 nec
1377 2141 1532 2179 praeterre
1553 2149 1589 2172 se

886 2187 967 2224 pari.
984 2186 1177 2223 Abundans,
1191 2186 1284 2216 subdi
1310 2186 1404 2224 pari,
1427 2194 1487 2215 nec
1506 2194 1589 2223 prae-

887 2233 969 2262 ferre
986 2241 1020 2262 se
1035 2232 1166 2261 minori.
1184 2232 1478 2269 superabundans,
1494 2231 1589 2260 subdi

886 2278 1016 2308 minori.
1042 2278 1120 2307 Inde
1136 2278 1294 2307 Dominus
1319 2277 1359 2307 ad
1382 2277 1588 2307 Johannem:

887 2326 957 2355 Sine
976 2325 1065 2354 modo
1079 2346 1087 2362 ,
1103 2326 1145 2354 sic
1173 2325 1255 2353 enim
1281 2325 1363 2354 decet
1385 2333 1441 2355 nos
1467 2325 1588 2362 implere

886 2365 1181 2408 omnemjuslz'tiam.

926 2416 978 2445 58.
995 2416 1196 2453 Quicumque
1213 2414 1328 2445 volunt
1347 2410 1490 2452 perfecte
1514 2414 1586 2450 pla-

886 2470 959 2491 cere
975 2462 1061 2499 Deo,
1077 2462 1143 2491 tam
1159 2461 1305 2491 castitate
1318 2482 1327 2498 ,
1343 2467 1436 2498 quam
1453 2458 1585 2488 caritate

886 2507 1058 2544 splendere
1071 2507 1203 2537 debent.
1221 2506 1352 2535 castitas
1367 2505 1473 2533 autem
1491 2503 1585 2540 quin-

885 2553 1071 2591 quepertita
1085 2552 1145 2590 est,
1161 2551 1315 2582 videlicet
1338 2550 1369 2579 in
1384 2548 1514 2578 auribus
1525 2569 1533 2583 ,
1551 2549 1583 2578 in

886 2599 999 2637 oculiS,
1012 2599 1046 2629 in
1062 2598 1208 2634 odoratu,
1221 2596 1253 2625 in
1266 2596 1372 2633 gustu,
1390 2594 1467 2624 etin
1486 2594 1582 2622 tactu.

885 2645 1007 2676 Caritas
1032 2645 1137 2674 autem
1156 2640 1350 2680 quadrifaria
1368 2640 1413 2670 est
1428 2648 1515 2678 qtae,
1532 2647 1585 2668 se-
