1810 3073
492 191 539 218 IN
563 188 766 218 CANTICA
787 188 937 216 sERMo
962 190 1089 219 XXVI.

82 243 277 276 imitatorem
296 243 356 276 tui.
379 243 445 274 Hoc
468 243 536 281 iam
565 241 779 274 beatitudinis

84 298 200 320 munus
215 290 352 321 formosa
365 288 423 318 tua
437 288 599 326 primitias
615 297 681 319 suae
696 287 778 317 dotis

81 335 225 373 occepit3
247 342 308 364 nec
330 333 417 372 quod
436 334 612 364 formosum
639 333 688 364 est
709 332 776 370 tui,

82 381 202 410 imitari
216 380 326 418 pigi-³3
341 387 403 409 nec
429 378 515 417 quod
530 380 660 417 nigrum
680 377 778 408 susti-

80 433 159 456 nere
178 425 322 455 confusa.
336 425 431 455 Unde
456 426 489 455 et
511 425 662 455 dicebat:
679 424 777 462 Niqra

78 479 165 507 snm,
190 471 241 501 sed
263 471 401 508 formosa
425 471 496 507 filice
526 469 708 500 Jerusalem.
739 468 776 497 Et

79 515 202 545 addidit
214 515 462 545 similitudinem
471 537 480 553 ,
489 516 565 546 sicat
578 513 775 544 tabernacula

80 562 195 597 cedar,
222 561 298 590 sicut
311 561 402 599 pelles
427 560 610 590 Salomonis.
626 558 666 588 At
687 557 776 588 istud

80 606 249 636 obscurum
260 606 327 643 est,
340 613 401 635 nec
413 604 636 642 attingendum
646 602 776 633 omnino

79 651 233 689 fatigatis.
260 650 396 680 Habetis
419 650 548 688 tempus
576 648 616 678 ad
643 648 776 687 pulsan-

79 697 167 726 dum.
183 696 217 725 Si
241 703 307 726 non
332 695 559 732 dissimulatis,
584 693 691 723 aderit
719 693 776 732 qui

78 741 204 771 revelat
218 740 372 779 mysteria
385 749 393 769 :
408 748 469 770 nec
481 739 688 769 cunctabitur
698 747 776 777 ape-

77 787 159 823 rire,
173 786 227 824 qui
250 787 283 816 et
297 785 336 815 ad
351 784 545 823 pulsandum
560 784 690 815 invitat.
704 784 775 822 Ipse

77 832 125 861 cst
145 831 232 861 enim
254 830 310 869 qui
336 830 461 868 aperit,
476 829 509 859 et
520 837 617 859 nemo
632 829 774 868 claudit,

74 884 209 914 sponsus
222 875 371 905 Ecclesiae
392 875 485 905 Jesus
505 875 651 905 Christus
663 875 775 905 Domi-

75 929 135 951 nus
148 922 268 959 noster,
278 920 335 959 qui
349 920 397 950 est
408 920 600 951 benedictus
611 920 646 951 in
659 920 775 951 saecula

75 967 264 998 saeculorum
278 986 287 1005 ,
304 973 412 995 amen.

254 1082 423 1116 SERMO
450 1083 585 1116 XXVI
596 1107 606 1123 ,

75 1151 109 1174 In
124 1156 181 1182 quo
199 1149 297 1174 beatus
313 1150 474 1174 Bernardus
490 1150 601 1174 obitum
621 1150 716 1175 fratris
732 1151 774 1175 sui

315 1185 432 1209 Girardi
446 1186 534 1216 luget.
544 1185 557 1197 ⁴²

114 1242 144 1272 l.
160 1243 244 1272 Sicut
255 1240 456 1272 tabernacula
471 1241 587 1277 Cedar,
598 1242 773 1279 sz‘cutpelles

73 1289 256 1318 Salomonis.
271 1286 352 1316 Hinc
373 1286 595 1324 incipiendum
606 1308 615 1323 ,
631 1286 707 1324 quia
720 1286 772 1316 hic

74 1333 171 1363 desiit
188 1340 293 1362 sermo
308 1332 470 1370 superior.
486 1332 554 1360 Hoc
576 1331 773 1369 exspectatis

73 1378 186 1408 audire
210 1378 290 1416 quid
315 1377 374 1415 sit,
401 1377 434 1407 et
462 1377 603 1415 qualiter
632 1377 663 1406 ei
687 1377 772 1415 quod

73 1424 221 1462 proximo
233 1423 406 1453 tractatum
423 1422 471 1452 est
485 1422 627 1460 capitulo
644 1423 773 1460 coapte-

73 1472 146 1507 tur,
172 1469 249 1507 quia
272 1468 451 1498 similitudo
477 1468 536 1498 est.
552 1468 660 1497 Potest
684 1468 770 1498 enim

71 1516 132 1545 hoc
151 1515 195 1544 ita
218 1514 426 1551 subjunctum
449 1513 566 1550 fuisse,
581 1513 619 1543 ut
634 1512 771 1552 utraque

72 1569 144 1598 pars
160 1560 387 1590 similitudinis
399 1559 439 1589 ad
454 1559 488 1589 id
507 1559 611 1589 solum
636 1567 772 1597 respon—

71 1607 144 1636 deat
156 1629 165 1644 ,
181 1606 265 1644 quod
277 1605 321 1635 ibi
337 1605 565 1643 praecesserat,
578 1606 677 1643 Νἱῃνα
691 1614 770 1635 sum.

72 1653 178 1682 Potest
204 1653 237 1682 et
251 1651 314 1689 ita,
327 1651 365 1680 ut
384 1650 510 1680 duobus
526 1649 592 1679 illis
606 1650 670 1679 duo
692 1650 770 1687 ista,

70 1697 104 1726 id
121 1698 170 1726 est
191 1697 317 1734 singula
338 1696 476 1733 singulis
500 1695 697 1725 referantur.
714 1696 771 1725 Ille

70 1751 182 1772 sensus
207 1741 405 1779 simplicior,
430 1741 492 1770 iste
517 1740 683 1770 ohscurior
710 1741 770 1771 est.

71 1787 133 1817 Sed
149 1788 313 1817 tentemus
327 1786 503 1823 utrumque
527 1793 535 1815 ε
550 1786 582 1815 et
600 1785 690 1823 prius
700 1785 773 1823 qui-

71 1832 144 1861 dem
161 1831 245 1861 hunc
259 1853 268 1868 ,
284 1830 339 1869 qui
355 1830 520 1860 difficilior
542 1830 688 1868 apparet.
705 1831 772 1859 Non

70 1878 179 1907 autem
193 1877 227 1906 in
243 1876 367 1906 duobus
381 1875 514 1913 primis,
527 1875 583 1905 sed
599 1875 632 1904 in
648 1875 772 1905 duobus

70 1922 241 1952 dumtaxat
257 1921 414 1951 extremis
431 1921 606 1951 difficultas
618 1921 678 1951 est.
694 1921 771 1951 Nam

71 1970 169 1999 Cedan-
190 1967 322 2005 quidem
340 1965 451 2006 (quod
466 1966 702 2005 interpretatur
722 1967 773 1997 te-

70 2012 197 2053 nebrae)
209 2013 320 2051 aperte
333 2012 409 2042 satis
421 2021 494 2042 cum
509 2012 680 2051 nigredine
696 2020 772 2042 con-

69 2059 182 2087 venire
207 2057 337 2088 videtur
360 2066 368 2087 :
395 2058 454 2087 sed
481 2059 572 2097 pelles
599 2059 772 2089 Salomonis

69 2111 143 2133 cuin
156 2103 352 2133 formositate
366 2111 429 2132 non
445 2103 501 2133 ita.
514 2104 610 2133 Porro
622 2103 773 2133 taberna-

70 2149 141 2178 cula
156 2149 189 2178 in
199 2149 346 2178 eamdem
353 2148 569 2179 nihilominus
578 2156 770 2180 concurrere

70 2195 332 2225 convenientiam
347 2194 421 2233 quis
440 2203 506 2225 non
531 2194 663 2226 videat?
687 2196 771 2233 Quid

71 2239 158 2270 enim
171 2240 379 2270 tabernacula
388 2262 397 2279 ,
413 2241 476 2271 nisi
488 2241 597 2271 nostra
612 2242 689 2272 sunt
700 2250 771 2272 cor—

69 2293 165 2323 pora,
197 2286 232 2315 in
259 2286 378 2323 quibus
411 2286 678 2325 peregrinamur?
706 2288 770 2318 Nec

69 2329 160 2358 enim
179 2329 337 2360 habemus
357 2330 412 2361 hic
437 2332 626 2362 manentem
653 2331 770 2362 civita-

70 2375 135 2403 tem
149 2396 157 2411 ,
177 2374 234 2403 sed
258 2374 401 2404 futuram
425 2375 632 2414 inquirimus.
649 2376 713 2407 Sed
739 2378 771 2408 et

72 2419 248 2449 militamus
264 2419 299 2450 in
314 2420 378 2458 eis,
389 2420 554 2459 tamquam
568 2422 604 2452 in
618 2422 771 2453 taberna—

72 2465 174 2503 culis;
190 2474 319 2504 prorsus
339 2466 477 2496 violenti
493 2467 533 2497 ad
546 2476 691 2506 regnum.
707 2470 771 2501 De-

71 2510 168 2548 nique
195 2511 315 2540 militia
344 2511 392 2541 est
416 2511 484 2541 vita
512 2512 651 2544 hominis
673 2522 771 2552 super

71 2556 188 2585 terram
206 2565 213 2585 :
238 2556 271 2585 et
283 2556 438 2595 quamdiu
461 2557 640 2589 militamus
661 2559 694 2589 in
709 2560 770 2590 hoc

73 2608 220 2640 corpore,
246 2602 492 2642 peregrinamur
516 2611 533 2634 a
554 2605 710 2644 Domino,
738 2606 769 2635 id

814 241 862 272 est
876 250 894 272 a
909 242 995 274 luce.
1010 244 1089 273 Nam
1103 243 1258 276 Dominus
1269 247 1327 279 lux
1343 250 1391 282 est
1406 260 1415 281 ι
1431 253 1510 283 etin

813 288 969 326 quantum
993 289 1130 328 quisque
1152 298 1226 321 cum
1242 300 1279 322 eo
1300 302 1366 325 non
1391 297 1460 335 est,
1476 298 1510 328 iu

813 334 937 364 tantum
954 335 988 365 in
1003 335 1150 366 tenebris
1163 336 1231 374 est,
1246 337 1308 368 hoc
1328 340 1378 371 est
1401 341 1435 371 in
1451 344 1510 373 Ce-

812 378 879 408 dar.
911 379 1070 410 Flebilem
1101 379 1238 418 proinde
1266 390 1381 412 vocem
1420 385 1508 415 illam

812 424 960 461 agnoscat
974 432 1064 454 suam
1081 433 1088 453 :
1102 426 1170 454 Heu
1183 425 1262 455 mihi
1275 427 1348 464 qnia
1362 428 1511 459 incolatus

810 477 894 498 meus
906 469 1105 507 prolonqalus
1131 470 1191 500 est!
1210 470 1348 502 habitavi
1361 480 1430 502 cum
1454 473 1512 503 lia-

812 513 979 545 bitanlibas
1005 516 1124 552 Cedar,
1148 517 1282 547 mullum
1315 518 1418 548 incola
1453 519 1512 556 fuit

811 560 918 589 anima
931 569 1013 591 mea.
1029 560 1084 591 Est
1105 568 1181 599 ergo
1201 561 1263 591 hoc
1287 561 1510 593 habitaculum

811 604 910 634 nostri
931 606 1096 644 corporis,
1111 615 1177 637 non
1202 606 1284 637 civis
1298 607 1441 645 mansio,
1457 609 1513 638 aut

811 649 924 681 domus
938 650 1100 688 indigenae
1109 659 1118 689 3
1127 650 1184 681 sed
1196 651 1251 682 aut
1265 652 1512 682 tabernaculum

810 695 1000 734 militantis,
1015 696 1072 726 aut
1091 696 1258 727 stabulum
1272 697 1419 728 viatoris.
1439 698 1510 734 Est,

811 740 959 779 inquam,
975 741 1037 772 hoc
1051 750 1167 780 corpus
1191 742 1457 781 tabernaculum,
1477 743 1512 773 et

811 785 1056 817 tabernaculum
1084 787 1203 826 Cedar,
1241 788 1328 827 quod
1354 788 1511 818 nimirum

809 832 966 870 animam,
989 832 1080 870 quasi
1096 832 1229 871 objectu
1244 833 1313 871 sui,
1338 833 1512 863 incircum-

810 877 922 916 scripti
947 878 1082 909 lumiuis
1106 879 1240 909 interim
1267 886 1355 909 nunc
1379 878 1509 909 fraudat

810 923 942 961 aspectu
954 932 963 962 3
975 932 1036 954 nec
1051 924 1129 955 sinit
1143 925 1274 955 omnino
1288 925 1402 955 videre
1416 926 1510 963 illud,

810 968 872 998 nisi
892 978 951 1008 per
970 971 1124 1008 speculum
1146 970 1279 1009 quidem
1302 971 1335 1000 et
1361 971 1394 1000 in
1413 973 1511 1011 oeniq-

809 1015 890 1043 male
899 1035 908 1050 ,
921 1022 985 1043 non
999 1015 1108 1044 autem
1123 1015 1201 1052 facie
1215 1015 1256 1044 ad
1266 1015 1388 1053 faciem.

848 1059 879 1088 9..
896 1059 1036 1089 Videsne
1062 1059 1150 1089 unde
1180 1059 1333 1090 Ecclesiae
1356 1060 1510 1099 nigredo,

811 1105 895 1134 unde
925 1105 1155 1143 pulcherrimis
1182 1113 1311 1143 quoque
1340 1106 1510 1137 animabus

810 1150 961 1179 nonnulla
977 1150 1091 1187 rubigo
1103 1150 1291 1180 inhaeserit?
1302 1151 1349 1180 De
1362 1151 1512 1181 taberna—

808 1195 880 1224 culo
895 1194 1039 1233 profecto
1055 1195 1173 1233 Cedar,
1188 1195 1227 1225 de
1244 1196 1403 1226 exercitio
1418 1197 1510 1227 labo-

808 1241 898 1270 riosae
919 1240 1065 1279 militiae,
1088 1241 1129 1270 de
1156 1241 1372 1272 diuturnitate
1397 1242 1510 1273 miseri

808 1285 984 1323 incolatus,
1002 1286 1041 1316 de
1058 1286 1218 1324 angustiis
1233 1287 1405 1317 aerumnosi
1421 1287 1509 1318 exsi-

807 1331 862 1370 lii,
875 1332 915 1361 de
930 1340 1063 1370 corpore
1076 1332 1216 1370 denique
1232 1332 1339 1370 fragili
1352 1333 1385 1362 et
1395 1333 1484 1370 gravi
1499 1342 1508 1362 τ

806 1377 881 1415 quia
897 1378 1013 1416 Corpus
1032 1378 1111 1416 quod
1123 1378 1346 1415 corrumpitur,
1360 1381 1509 1416 aqqravat

806 1423 964 1460 animam,
980 1425 1007 1452 el
1022 1423 1164 1461 deprimit
1189 1425 1312 1453 terrena
1325 1423 1509 1454 inhabitatio

805 1477 925 1498 sensam
946 1469 1045 1498 mulla
1066 1469 1261 1507 cogitantem.
1283 1468 1458 1506 Propterea
1477 1471 1511 1499 et

806 1513 941 1551 cupiunt
965 1513 1098 1544 dissolvi
1121 1522 1130 1543 τ
1154 1514 1191 1543 ut
1215 1521 1349 1552 corpore
1373 1515 1509 1552 levatae‚

805 1559 922 1589 Christi
945 1560 1076 1590 avolent
1102 1559 1137 1589 in
1152 1560 1337 1597 amplexus.
1360 1559 1451 1590 Unde
1474 1563 1508 1591 et

805 1613 939 1643 gemens
953 1613 1018 1635 una
1033 1605 1072 1634 de
1087 1605 1216 1636 miseris
1243 1605 1353 1635 aiebat
1369 1614 1378 1635 ι
1394 1606 1508 1644 Infelix

805 1660 856 1689 eqo
876 1651 985 1681 homo!
1008 1652 1075 1689 quis
1089 1660 1137 1680 me
1160 1651 1302 1681 liberabit
1326 1652 1361 1681 de
1383 1660 1509 1690 corpore

804 1697 911 1727 mortis
925 1696 1016 1735 hujus
1028 1696 1041 1726 ἓ
1052 1696 1120 1726 Scit
1133 1696 1289 1726 nimirum
1303 1705 1376 1734 quae
1391 1696 1508 1734 hujus-

805 1740 891 1770 modi
907 1741 975 1779 est,
990 1741 1076 1779 quod
1089 1749 1154 1771 non
1175 1741 1277 1779 possit
1298 1741 1333 1771 iu
1357 1742 1509 1772 taberna-

806 1787 878 1816 culo
890 1786 990 1816 Cedar
1005 1795 1116 1816 carere
1133 1787 1171 1816 ad
1183 1795 1303 1824 purum
1314 1788 1441 1817 macula
1452 1790 1509 1818 aut

805 1839 883 1869 ruga
893 1853 902 1869 ,
914 1839 980 1861 non
993 1831 1294 1869 quantulacumque
1309 1831 1482 1869 nigredine
1498 1841 1506 1861 ι

805 1877 838 1907 et
854 1876 944 1915 cupit
965 1877 1077 1914 exire,
1092 1878 1130 1907 ut
1143 1885 1178 1907 se
1194 1877 1296 1915 possit
1317 1885 1453 1908 exuere.
1468 1878 1508 1907 Et

805 1923 873 1952 haec
887 1922 969 1952 ratio
978 1944 988 1960 ,
1003 1930 1061 1952 cur
1073 1930 1188 1960 sponsa
1202 1922 1328 1960 nigram
1339 1931 1373 1953 se
1385 1923 1509 1954 dixerit

803 1970 880 1998 sicut
894 1968 1095 1998 tabernacula
1107 1969 1218 1998 Cedar.
1234 1968 1299 1998 Sed
1321 1969 1410 1998 enim
1426 1978 1507 2007 quo-

805 2013 898 2043 modo
923 2013 1062 2043 formosa
1076 2035 1085 2051 ,
1100 2015 1179 2044 sicat
1203 2015 1295 2053 pelles
1311 2015 1509 2047 Salomonis?

804 2060 843 2090 At
857 2059 968 2090 nescio
986 2059 1066 2098 quid
1081 2060 1220 2090 sublime
1237 2068 1273 2089 ac
1289 2068 1416 2091 sacrum
1430 2069 1508 2091 sen-

804 2105 849 2135 tio
875 2105 911 2135 in
934 2105 986 2136 his
1014 2105 1158 2143 pellibus
1188 2106 1372 2136 involutum
1383 2128 1392 2144 ‚
1420 2107 1506 2146 quod

805 2150 938 2181 minime
951 2152 1057 2182 ausim
1071 2151 1202 2181 omnino
1219 2151 1427 2190 contingere,
1442 2153 1508 2183 nisi

803 2197 843 2226 ad
856 2198 972 2227 nutum
993 2205 1070 2227 sane
1092 2197 1214 2235 ipsius,
1229 2197 1285 2236 qui
1312 2198 1459 2237 reposuit
1475 2199 1508 2230 et

803 2243 952 2280 signavit.
974 2242 1052 2282 Legi
1072 2242 1229 2273 nimirum
1248 2252 1256 2272 :
1273 2244 1334 2283 Qui
1351 2246 1508 2275 scrutator

802 2291 844 2320 est
858 2289 1047 2327 majestatis,
1061 2290 1251 2328 opprimetur
1271 2299 1292 2319 a·
1317 2290 1428 2328 aloria.
1445 2290 1507 2320 Su-

803 2334 957 2373 persedeo
970 2334 1070 2373 igitur
1085 2335 1118 2364 et
1129 2334 1254 2364 differo.
1264 2334 1363 2364 Vobis
1372 2335 1505 2365 interim

803 2389 888 2411 curae
925 2380 990 2411 erit
1023 2380 1119 2411 solito
1157 2380 1334 2419 impetrare
1362 2380 1505 2411 favorem

804 2426 921 2457 vestris
936 2425 1088 2464 precibus
1104 2434 1112 2454 z
1129 2425 1167 2456 ut
1182 2434 1219 2456 eo
1236 2425 1426 2463 alacriores,
1441 2433 1506 2464 quo

803 2470 989 2502 fidentiores
1003 2470 1174 2501 redeamus
1186 2470 1272 2501 adid
1285 2492 1294 2507 ,
1307 2470 1392 2509 quod
1402 2470 1506 2500 atten-

804 2516 941 2547 tioribus
956 2517 1030 2556 eget
1044 2516 1172 2547 animis.
1193 2516 1232 2546 Et
1246 2515 1389 2546 fortassis
1412 2515 1506 2545 inve-

804 2561 873 2591 niet
896 2561 970 2600 pius
998 2561 1163 2599 pulsator,
1195 2559 1282 2600 quod
1310 2557 1504 2589 temerarius

805 2607 963 2637 scrutator
994 2615 1058 2636 non
1087 2606 1204 2645 posset.
1233 2605 1433 2643 Quamquam
1472 2603 1506 2632 et
