1846 3078
540 221 585 249 IN
611 220 812 251 CANTICA

100 275 213 316 aperta
227 276 364 309 veritate
382 273 459 307 satis
471 283 531 315 per
545 276 686 315 seipsum
709 274 797 304 reni—

100 324 190 361 teat,
215 332 277 353 non
296 322 420 361 indiget
438 323 645 360 ornamento3
669 321 725 351 sed
745 320 797 358 ip-

101 375 172 396 sum
198 368 317 405 magis,
339 367 502 405 tamquam
526 366 705 405 pretiosum
726 372 797 394 mo—

101 411 186 450 nile,
222 412 362 441 animam
393 412 550 442 decenter
578 411 731 448 exornat,
759 417 797 440 ac

99 457 235 494 proinde
256 457 363 488 simile
379 458 556 488 monilibus
576 457 654 496 ipsis
674 454 797 485 descri-

99 501 198 531 biiur.
222 503 345 533 Bonum
367 504 489 534 monile
508 504 652 541 veritas,
675 502 796 531 bonum

98 546 220 584 puritas
236 549 305 579 sive
322 549 531 588 simplicitas,
557 549 677 578 bonum
699 547 813 597 planeff

98 592 220 623 monile
235 601 347 631 sapere
363 595 403 624 ad
417 595 637 625 sobrietatem.
653 593 812 621 Philoso-:

97 636 235 674 phorum
263 640 319 669 vel
354 640 581 670 haereticorum
609 620 812 668 intellectusf

97 689 162 712 non
177 684 275 715 habet
289 685 374 715 hunc
388 685 423 714 in
438 693 472 715 se
483 684 635 724 puritatis
647 705 656 721 ,
673 683 796 713 verita-

95 727 203 767 tisque
215 730 355 760 nitorem
371 740 379 760 :
396 732 430 761 et
441 731 514 760 ideo
528 730 663 760 multam
684 737 795 758 curam

97 775 213 811 gerunt
227 775 333 813 ipsum
348 777 490 806 colorare
506 775 539 805 et
555 775 664 804 fucare
679 775 795 813 phale-
809 753 812 796 ff

96 819 141 848 ris
155 820 327 850 verborum
340 842 350 858 ,
373 822 406 851 et
420 821 572 852 versutiis
595 821 795 859 syllogismo·
808 799 811 838 Ι

95 870 167 892 rum
180 885 189 901 ,
228 872 270 894 ne
283 886 292 902 ,
330 865 356 895 si
390 866 496 896 nudus
521 867 693 904 appareat,
720 865 793 895 falsi

95 908 192 938 etiam
207 912 361 949 appareat
372 912 552 950 turpitudo.

134 952 166 984 2.
179 955 349 995 Sequitur,
366 958 556 987 Illurcenulas
575 966 688 987 aureas
701 957 795 995 facie-

93 1007 162 1030 mus
183 1001 253 1040 tibi,
275 1004 494 1034 vermiculatas
515 1005 651 1041 arqento.
675 1002 726 1040 Si,
746 1002 796 1032 fa·-

95 1045 178 1075 ciam
191 1067 201 1084 ,
224 1047 448 1086 singulariter,
465 1050 499 1078 et
520 1056 586 1077 non
603 1048 793 1086 pluraliter,

93 1091 257 1130 faciemus,
277 1094 431 1132 dixisset,
454 1095 600 1125 absolute
616 1094 649 1124 et
664 1095 811 1151 indum-¹

94 1138 201 1168 tanter
221 1139 281 1169 hoc
302 1140 400 1169 etiam
423 1141 511 1178 loqui
537 1149 688 1178 sponsum
718 1149 795 1178 pro-

92 1184 304 1214 nuntiassem.
329 1186 418 1215 Nunc
434 1187 542 1215 autem
563 1186 640 1216 vide
654 1195 696 1215 ne
711 1186 793 1217 forte
807 1154 811 1217 l

94 1229 195 1267 magis
218 1231 382 1260 sodalibus
406 1230 476 1267 ejus
502 1232 792 1270 congruentiusque

93 1274 293 1311 assignemus
305 1297 314 1312 ,
330 1284 478 1313 sponsam
493 1276 583 1314 quasi
599 1278 793 1307 consolanti-

94 1318 154 1349 bus
177 1321 233 1350 tali
250 1322 479 1359 promissione,
500 1322 584 1360 quod
600 1322 701 1352 donec
718 1332 794 1360 per—

92 1365 203 1395 veniat
213 1365 253 1395 ad
261 1367 420 1396 visionem
433 1367 515 1404 ejus,
526 1367 616 1403 cujus
626 1368 670 1397 sic
680 1368 792 1407 flagrat

93 1410 272 1448 desiderio,
295 1411 413 1442 facturi
436 1413 501 1442 sint
527 1413 574 1442 illi
598 1415 792 1444 muraenulas

91 1457 220 1494 pulcras
242 1458 275 1486 et
288 1458 466 1496 pretiosas,
483 1467 552 1496 quae
573 1460 646 1488 sunt
664 1460 790 1490 aurium

90 1502 292 1531 ornamenta.
302 1503 405 1540 Atque
416 1503 474 1532 hoc
482 1504 666 1542 propterea,
675 1504 711 1534 ut
720 1506 791 1543 opi-

90 1554 167 1585 nor,
186 1547 261 1585 quia
276 1547 355 1577 tides
370 1557 412 1577 ex
435 1549 546 1578 auditu
564 1557 571 1577 ε
590 1550 623 1579 et
636 1551 791 1588 quamdiu

90 1601 148 1631 per
156 1593 252 1623 fidem
259 1594 442 1623 ambulatur
450 1594 482 1624 et
491 1603 554 1624 non
563 1604 623 1633 per
633 1597 789 1635 speciem,

90 1638 194 1668 danda
209 1647 306 1677 opera
320 1639 428 1677 potius
441 1639 632 1670 instruendo
648 1642 788 1680 auditui⁷

89 1692 187 1722 quam
199 1685 285 1714 visui
296 1685 487 1715 exserendo.
504 1686 631 1715 Frustra
650 1695 789 1726 namque

88 1729 271 1760 intenditur
281 1731 393 1760 oculus
401 1752 410 1768 ,
426 1730 481 1769 qui
493 1739 556 1760 non
569 1731 610 1761 sit
621 1731 684 1762 fide
695 1741 791 1762 mun·
805 1706 809 1756 Ι

90 1775 185 1806 datus
208 1783 216 1803 ι
244 1784 317 1805 cum
343 1776 441 1813 solis,
469 1777 526 1814 qui
553 1778 673 1806 mundo
694 1758 809 2163 corde?

806 1587 809 1594 l

88 1821 183 1859 sunt,
198 1821 329 1851 videndi
346 1822 436 1859 copia
450 1822 669 1860 promittatur.
683 1824 791 1863 Scrip-

89 1866 157 1897 tum
165 1875 241 1898 vero
253 1869 318 1897 est:
329 1869 402 1898 Fide
410 1869 563 1898 vitandans
572 1871 664 1899 corda
671 1879 788 1900 eorum.

88 1913 168 1950 Quia
194 1921 269 1951 ergo
292 1913 373 1943 fides
388 1922 431 1943 ex
453 1914 588 1952 auditu,
614 1916 646 1944 et
670 1923 711 1945 ex
733 1917 790 1946 illa

89 1959 178 1989 visus
191 1959 341 1997 purgatio
358 1960 406 1989 est
418 1968 427 1996 ς
440 1960 557 1990 merito
575 1961 623 1990 illi
639 1963 789 1993 ornandis

88 2005 220 2035 auribus
257 2005 487 2043 intendebant,
525 2006 601 2036 (lum
635 2008 766 2038 audItus
779 2031 787 2047 ,

87 2050 172 2080 sicut
185 2050 268 2079 ratio
283 2049 408 2088 docuit,
421 2051 508 2080 visus
523 2051 565 2080 sit
583 2054 786 2090 praeparatio.

86 2095 153 2132 Tu,
169 2094 342 2133 inquiunt,
361 2103 379 2124 o
399 2103 515 2132 sponsa
529 2117 537 2132 ,
556 2096 720 2128 intuendae
741 2099 788 2128 di-

86 2139 165 2170 lecti
184 2139 293 2169 inhias
314 2140 455 2170 claritati
475 2149 483 2168 τ
500 2141 555 2170 sed
572 2141 632 2171 hoc
654 2143 788 2174 alterius

86 2185 243 2224 temporis
258 2186 318 2216 est.
335 2187 456 2217 Damus
473 2187 581 2217 autem
599 2187 788 2227 impraesen-

86 2231 204 2260 tiarum
225 2232 415 2261 ornamenta
433 2232 566 2262 auribus
590 2233 673 2271 tuis,
702 2236 786 2273 quod

87 2275 149 2306 erit
160 2275 220 2305 tihi
235 2277 367 2306 interim
379 2278 553 2308 consolatio
564 2301 573 2316 ,
589 2280 650 2310 erit
663 2280 695 2310 et
707 2289 786 2318 prae-

85 2321 211 2360 paratio
221 2321 262 2351 ad
273 2322 333 2351 hoc
344 2322 450 2360 ipsum
457 2324 543 2361 quod
554 2326 705 2362 postulas.
716 2328 786 2358 Acsi

85 2367 168 2397 illud
182 2367 351 2406 Prophetae
367 2367 397 2397 ei
411 2368 521 2398 dicant
535 2372 647 2408 :Au‹11‘,
658 2372 721 2408 filia
732 2394 742 2408 ,
759 2376 786 2403 et

85 2414 163 2444 vide.
178 2413 298 2443 Videre
315 2412 498 2451 desideraS,
514 2415 571 2444 sed
591 2416 666 2445 audi
683 2417 784 2454 prius.

87 2458 211 2489 Gradus
238 2459 287 2488 est
307 2458 437 2488 auditus
452 2459 493 2488 ad
507 2460 624 2490 visum.
649 2462 785 2494 Proinde

85 2504 181 2542 audi,
197 2505 229 2534 et
243 2504 366 2534 inclina
381 2513 493 2535 aurem
509 2505 596 2535 tuam
613 2515 786 2538 ornamen-

833 220 984 249 SERMO
1011 221 1098 249 XLI.
1464 227 1522 257 287

829 273 987 305 laetitiam.
1018 276 1095 305 Nam
1115 275 1201 307 visui
1224 283 1289 306 non
1313 278 1362 307 cst
1381 280 1524 310 nostrum

830 319 925 358 dare,
943 319 998 361 (in
1016 330 1080 360 quo
1095 321 1204 359 gaudii
1220 321 1406 360 plenitudo,
1426 326 1459 354 et
1476 327 1523 355 tui

829 364 981 395 desiderii
1008 366 1198 405 adimpletio
1226 367 1276 397 est
1291 375 1299 395 :
1317 364 1328 406 )
1355 367 1413 396 sed
1438 368 1525 398 illius

828 418 924 447 quem
944 412 1052 451 diligit
1076 413 1185 443 anima
1213 413 1280 443 tua.
1304 413 1374 450 Ipse
1394 413 1431 442 ut
1450 421 1526 450 gau-

829 455 918 485 dium
930 457 1022 487 tuum
1035 458 1170 497 plenum
1184 458 1242 496 sit,
1269 457 1418 488 ostendet
1441 458 1527 496 seip-

827 509 898 530 sum
921 503 1007 541 tibi3
1036 504 1106 542 ipse
1130 504 1323 543 adimplebit
1349 503 1383 534 te
1411 503 1526 533 laetitia

828 554 900 575 cum
920 549 1013 578 vultu
1036 557 1106 579 suo.
1129 550 1178 580 Tu
1201 550 1335 579 interim
1356 549 1466 587 accipe
1487 549 1526 578 ad

827 593 1077 624 consolationem
1091 586 1287 626 muraenulas
1302 596 1358 625 has
1374 595 1413 624 de
1429 602 1527 624 manu

826 638 934 667 nostra
952 648 959 667 :
979 641 1132 670 caeterum
1149 642 1382 671 delectationes
1396 640 1432 671 in
1447 640 1527 669 dex-

826 682 895 712 tera
907 683 979 720 ejus
992 693 1096 723 usque
1111 686 1146 715 in
1162 686 1271 715 finem.

865 729 896 758 5.
912 730 1156 761 Advertondum
1169 731 1347 769 qu'usmodi
1363 730 1394 760 ei
1409 737 1528 761 murae-

825 774 918 804 nulas
938 776 1094 807 offerunt:
1110 779 1250 814 Aureas,
1266 777 1372 815 inquit
1385 797 1394 813 ,
1414 778 1441 806 et
1458 784 1529 805 ver·

824 822 988 853 miculatas
1014 825 1155 861 argento.
1185 824 1308 853 Aurum
1343 820 1526 852 divinitatis

825 866 874 896 est
885 866 988 904 fulgor
999 890 1009 906 ,
1023 876 1138 898 aurum
1153 869 1310 908 sapientia
1325 876 1396 907 quae
1413 867 1528 896 desur-

825 920 895 942 sum
918 914 979 943 est.
1002 914 1069 944 Hoc
1091 922 1169 945 auro
1193 914 1353 953 fulgentia
1377 912 1525 951 quaedam

825 957 915 994 quasi
933 959 1083 989 veritatis
1113 960 1280 997 signacula
1307 957 1468 997 spondent
1490 963 1526 986 se

826 1002 1016 1040 figuraturos
1030 1004 1085 1042 hi,
1099 1006 1216 1043 quibus
1228 1005 1262 1035 id
1277 1003 1450 1034 ministerii
1463 1001 1524 1038 est,

825 1048 957 1085 superni
970 1049 1119 1079 aurifices
1128 1071 1137 1087 ,
1147 1051 1244 1088 atque
1260 1050 1398 1079 internis
1409 1047 1525 1078 animae

825 1093 957 1122 auribus
972 1093 1159 1124 inserturos.
1176 1094 1266 1131 Quod
1287 1102 1345 1132 ego
1360 1101 1425 1123 non
1446 1091 1526 1130 puto

826 1145 895 1167 esse
930 1139 1036 1177 aliud,
1061 1148 1159 1177 quam
1193 1141 1308 1169 texere
1338 1138 1526 1177 spirituales

824 1183 977 1219 quasdam
998 1184 1248 1222 similitudines,
1271 1185 1304 1214 et
1319 1185 1353 1214 in
1370 1184 1449 1222 ipsis
1464 1191 1526 1221 pu-

824 1227 951 1258 rissima
966 1229 1086 1260 divinae
1110 1231 1279 1268 sapientiae
1299 1238 1392 1260 sensa
1409 1229 1525 1259 animae

825 1275 1077 1313 contemplantis
1098 1276 1325 1314 conspectibus
1338 1275 1524 1314 importare,

823 1320 861 1349 ut
876 1321 1010 1359 videat,
1035 1322 1149 1352 saltem
1168 1330 1227 1360 per
1251 1323 1419 1360 speculum
1439 1321 1472 1350 et
1490 1319 1524 1348 in

824 1367 1013 1405 aenigmate,
1034 1368 1120 1406 quod
1142 1368 1286 1397 nondum
1304 1367 1388 1397 facie
1413 1366 1455 1395 ad
1476 1365 1526 1394 fa-

824 1413 910 1443 ciem
936 1413 1025 1443 valet
1049 1414 1213 1443 ullatenus
1242 1413 1375 1443 intueri.
1404 1410 1525 1441 Divina

823 1460 898 1489 sunt
911 1481 920 1497 ,
934 1459 967 1489 et
981 1459 1044 1488 nisi
1058 1460 1203 1497 expertis
1216 1467 1344 1498 prorsus
1360 1457 1524 1496 incognita

823 1513 894 1543 quae
909 1505 1061 1542 effamur,
1073 1505 1232 1543 quomodo
1243 1504 1399 1534 videlicet
1415 1503 1449 1532 in
1464 1503 1525 1532 hoc

821 1550 952 1581 mortali
980 1558 1133 1588 corpore,
1160 1550 1221 1580 fide
1247 1550 1353 1580 adhuc
1381 1549 1524 1579 habente

821 1596 940 1627 statum
950 1619 959 1635 ,
976 1597 1008 1627 et
1022 1596 1163 1626 necdum
1177 1597 1343 1634 propalata
1357 1595 1523 1634 perspicui

821 1642 999 1672 substantia
1023 1642 1177 1678 luminis,
1200 1641 1267 1678 jam
1295 1642 1406 1670 tamen
1433 1648 1523 1678 purae

822 1686 989 1716 interdum
1005 1686 1236 1723 contemplatio
1251 1685 1400 1716 veritatis
1414 1685 1523 1723 partes

822 1740 895 1761 suas
910 1740 1005 1769 agere
1022 1732 1108 1761 intra
1122 1740 1180 1761 nos
1197 1732 1251 1762 vel
1268 1740 1311 1762 ex
1325 1731 1416 1770 parte
1438 1738 1524 1768 prae-

822 1777 939 1815 sumit,
954 1778 998 1807 ita
1013 1778 1050 1806 ut
1060 1777 1159 1806 liceat
1170 1785 1327 1814 usurpare
1349 1777 1446 1806 etiam
1461 1776 1523 1805 ali-

823 1823 875 1853 cui
899 1824 1063 1860 nostrum,
1084 1822 1136 1852 cui
1163 1822 1225 1852 hoc
1250 1822 1361 1852 datum
1383 1822 1524 1859 desuper

822 1868 939 1907 suerit,
959 1868 1042 1898 illud
1062 1868 1204 1906 Apostoli
1233 1876 1243 1897 t
1266 1869 1358 1898 Nunc
1378 1874 1524 1906 coquosco

821 1924 860 1944 ex
873 1916 974 1953 parte.
987 1915 1067 1944 Item
1078 1935 1086 1951 ,
1102 1915 1250 1952 Exparte
1263 1915 1483 1952 coqnoscimus,
1494 1915 1524 1942 et

821 1970 859 1990 ex
873 1963 959 1998 parte
969 1960 1198 1999 prophetamus.
1219 1960 1295 1990 Cum
1310 1960 1419 1989 autem
1437 1959 1523 1989 divi-

821 2005 894 2035 nius
909 2005 1032 2043 aliquid
1048 2005 1166 2042 raptim
1183 2005 1216 2034 et
1229 2004 1333 2034 veluti
1350 2004 1384 2033 in
1399 2003 1522 2033 veloci-

822 2053 887 2082 tate
904 2053 1029 2083 corusci
1043 2053 1177 2082 luminis
1193 2052 1405 2082 interluxerit
1419 2051 1521 2081 menti

820 2098 936 2135 spiritu
950 2097 1139 2135 excedenti,
1152 2098 1221 2128 sive
1233 2098 1273 2127 ad
1285 2099 1524 2135 temperamen-

819 2145 888 2174 tum
903 2144 996 2173 nimii
1013 2144 1192 2182 splendoris
1204 2166 1213 2181 ,
1229 2144 1297 2174 sive
1313 2143 1353 2173 ad
1369 2143 1523 2173 doctrinae

819 2197 913 2220 usum
931 2198 938 2218 ε
957 2189 1108 2219 continuo
1125 2190 1255 2228 (nescio
1270 2188 1378 2228 unde)
1404 2189 1523 2219 adsunt

819 2234 1052 2273 imaginatoriae
1074 2235 1219 2273 quaedam
1248 2243 1357 2264 rerum
1387 2235 1523 2264 inferio-

818 2289 890 2310 rum
928 2281 1182 2318 similitudines,
1211 2280 1328 2310 insusis
1364 2281 1523 2311 divinitus

818 2326 920 2356 sensis
935 2326 1170 2356 convenienter
1178 2326 1439 2364 accommodatae,
1451 2327 1523 2365 qui-

819 2372 878 2402 bus
890 2372 1028 2410 quodam
1050 2372 1145 2402 modo
1161 2373 1372 2403 adumbratus
1387 2374 1521 2410 purissi-

819 2426 891 2447 mus
903 2418 958 2448 ille
971 2427 1007 2448 ac
1021 2418 1299 2457 splendidissimus
1311 2419 1457 2449 veritatis
1468 2426 1520 2446 ra-

819 2464 909 2502 dius,
927 2465 960 2494 et
974 2463 1036 2502 ipsi
1052 2464 1167 2494 animae
1182 2464 1384 2494 tolerabilior
1398 2464 1468 2500 liat,
1486 2462 1519 2491 et

819 2509 937 2547 quihus
948 2510 1187 2540 communicare
1198 2510 1290 2540 illum
1303 2509 1454 2544 volucrit,
1467 2515 1519 2536 ca-

84 2549 128 2580 tis
153 2558 226 2588 quae
250 2550 310 2580 tibi
338 2549 494 2589 facimus,
519 2552 556 2581 ut
578 2560 636 2590 per
657 2554 786 2585 auditus
819 2555 968 2592 pabilior.
987 2555 1146 2586 Existimo
1161 2556 1271 2585 tamen
1288 2556 1371 2592 ipsas
1386 2551 1516 2582 formari

86 2594 304 2626 obedientiam
312 2595 352 2626 ad
364 2595 498 2635 gloriam
507 2598 677 2635 pervenias
690 2599 787 2629 visio·
822 2601 853 2629 in
867 2601 961 2631 nobis
977 2602 1159 2631 sanctorum
1174 2598 1431 2638 suggestionibus
1450 2598 1519 2626 An-

87 2639 149 2671 nis.
166 2640 228 2671 Nos
243 2641 368 2672 auditui
387 2643 443 2673 tuo
460 2642 573 2673 damus
588 2644 737 2682 gaudium
752 2645 785 2675 et
820 2647 962 2685 gelorum
974 2669 983 2685 ,
1006 2647 1091 2677 sicut
1116 2656 1133 2676 e
1162 2644 1318 2676 contrario
1343 2642 1519 2673 contrarias
