<?xml version="1.0" encoding="UTF-8"?>
<!DOCTYPE html PUBLIC "-//W3C//DTD XHTML 1.0 Transitional//EN"
    "http://www.w3.org/TR/xhtml1/DTD/xhtml1-transitional.dtd">
<html xmlns="http://www.w3.org/1999/xhtml" xml:lang="en" lang="en">
 <head>
  <title>
</title>
<meta http-equiv="Content-Type" content="text/html;charset=utf-8" />
  <meta name='ocr-system' content='tesseract 3.04.00' />
  <meta name='ocr-capabilities' content='ocr_page ocr_carea ocr_par ocr_line ocrx_word'/>
</head>
<body>
  <div class='ocr_page' id='page_1' title='image "./operagenuinajuxt03bernuoft/operagenuinajuxt03bernuoft_0386.png"; bbox 0 0 1846 3078; ppageno 0'>
   <div class='ocr_carea' id='block_1_1' title="bbox 272 229 980 2696">
    <p class='ocr_par' dir='ltr' id='par_1_1' title="bbox 276 229 977 510">
     <span class='ocr_line' id='line_1_1' title="bbox 281 229 389 262; baseline 0 0"><span class='ocrx_word' id='word_1_1' title='bbox 281 233 341 262; x_wconf 67' lang='lat'>575</span> <span class='ocrx_word' id='word_1_2' title='bbox 382 229 389 232; x_wconf 49' lang='grc'><strong>“</strong></span> 
     </span>
     <span class='ocr_line' id='line_1_2' title="bbox 276 288 975 325; baseline 0 -9"><span class='ocrx_word' id='word_1_3' title='bbox 276 288 364 318; x_wconf 70' lang='lat' dir='ltr'>nobis</span> <span class='ocrx_word' id='word_1_4' title='bbox 386 291 682 320; x_wconf 74' lang='lat' dir='ltr'>consummarentur.</span> <span class='ocrx_word' id='word_1_5' title='bbox 709 289 797 319; x_wconf 82' lang='lat' dir='ltr'>Tolle</span> <span class='ocrx_word' id='word_1_6' title='bbox 819 289 924 325; x_wconf 87' lang='lat' dir='ltr'>hanc,</span> <span class='ocrx_word' id='word_1_7' title='bbox 943 288 975 316; x_wconf 87' lang='lat' dir='ltr'>et</span> 
     </span>
     <span class='ocr_line' id='line_1_3' title="bbox 278 333 977 373; baseline -0.001 -10"><span class='ocrx_word' id='word_1_8' title='bbox 278 335 348 372; x_wconf 87' lang='lat' dir='ltr'>ipsa</span> <span class='ocrx_word' id='word_1_9' title='bbox 361 333 550 365; x_wconf 82' lang='lat' dir='ltr'>Sanctorum</span> <span class='ocrx_word' id='word_1_10' title='bbox 571 335 762 373; x_wconf 76' lang='lat' dir='ltr'>Angelorum</span> <span class='ocrx_word' id='word_1_11' title='bbox 780 342 838 372; x_wconf 87' lang='lat' dir='ltr'>pro</span> <span class='ocrx_word' id='word_1_12' title='bbox 855 334 977 371; x_wconf 85' lang='lat' dir='ltr'>imper-</span> 
     </span>
     <span class='ocr_line' id='line_1_4' title="bbox 278 378 977 418; baseline -0.001 -10"><span class='ocrx_word' id='word_1_13' title='bbox 278 378 419 410; x_wconf 79' lang='lat' dir='ltr'>sectione</span> <span class='ocrx_word' id='word_1_14' title='bbox 457 380 508 410; x_wconf 88' lang='lat' dir='ltr'>sui</span> <span class='ocrx_word' id='word_1_15' title='bbox 536 381 666 410; x_wconf 89' lang='lat' dir='ltr'>numeri</span> <span class='ocrx_word' id='word_1_16' title='bbox 686 380 787 418; x_wconf 80' lang='lat' dir='ltr'>gloria</span> <span class='ocrx_word' id='word_1_17' title='bbox 815 378 977 408; x_wconf 88' lang='lat' dir='ltr'>claudica-</span> 
     </span>
     <span class='ocr_line' id='line_1_5' title="bbox 279 424 976 464; baseline -0.003 -8"><span class='ocrx_word' id='word_1_18' title='bbox 279 426 348 464; x_wconf 89' lang='lat' dir='ltr'>bit,</span> <span class='ocrx_word' id='word_1_19' title='bbox 362 434 424 456; x_wconf 87' lang='lat' dir='ltr'>nec</span> <span class='ocrx_word' id='word_1_20' title='bbox 445 426 507 457; x_wconf 92' lang='lat' dir='ltr'>Dei</span> <span class='ocrx_word' id='word_1_21' title='bbox 522 426 637 457; x_wconf 70' lang='lat' dir='ltr'>civitas</span> <span class='ocrx_word' id='word_1_22' title='bbox 653 425 693 455; x_wconf 90' lang='lat' dir='ltr'>de</span> <span class='ocrx_word' id='word_1_23' title='bbox 713 425 763 454; x_wconf 89' lang='lat' dir='ltr'>sui</span> <span class='ocrx_word' id='word_1_24' title='bbox 789 424 976 462; x_wconf 83' lang='lat' dir='ltr'>integritate</span> 
     </span>
     <span class='ocr_line' id='line_1_6' title="bbox 277 471 443 510; baseline 0.006 -9"><span class='ocrx_word' id='word_1_25' title='bbox 277 471 443 510; x_wconf 76' lang='lat' dir='ltr'>gaudebit.</span> 
     </span>
    </p>

    <p class='ocr_par' dir='ltr' id='par_1_2' title="bbox 272 514 980 2330">
     <span class='ocr_line' id='line_1_7' title="bbox 313 514 976 555; baseline -0.005 -8"><span class='ocrx_word' id='word_1_26' title='bbox 313 517 344 547; x_wconf 79' lang='lat'>5.</span> <span class='ocrx_word' id='word_1_27' title='bbox 356 517 448 547; x_wconf 88' lang='lat' dir='ltr'>Unde</span> <span class='ocrx_word' id='word_1_28' title='bbox 468 525 543 555; x_wconf 79' lang='lat' dir='ltr'>ergo</span> <span class='ocrx_word' id='word_1_29' title='bbox 566 515 756 553; x_wconf 76' lang='lat' dir='ltr'>implebitur</span> <span class='ocrx_word' id='word_1_30' title='bbox 778 514 976 553; x_wconf 87' lang='lat' dir='ltr'>propositum</span> 
     </span>
     <span class='ocr_line' id='line_1_8' title="bbox 275 561 977 601; baseline -0.001 -10"><span class='ocrx_word' id='word_1_31' title='bbox 275 562 354 600; x_wconf 85' lang='lat' dir='ltr'>Dei,</span> <span class='ocrx_word' id='word_1_32' title='bbox 371 564 405 593; x_wconf 84' lang='lat' dir='ltr'>et</span> <span class='ocrx_word' id='word_1_33' title='bbox 418 562 610 601; x_wconf 72' lang='lat' dir='ltr'>mysterium</span> <span class='ocrx_word' id='word_1_34' title='bbox 623 561 799 591; x_wconf 85' lang='lat' dir='ltr'>voluntatis</span> <span class='ocrx_word' id='word_1_35' title='bbox 810 561 881 598; x_wconf 76' lang='lat' dir='ltr'>eJus</span> <span class='ocrx_word' id='word_1_36' title='bbox 890 569 977 599; x_wconf 83' lang='lat' dir='ltr'>mag-</span> 
     </span>
     <span class='ocr_line' id='line_1_9' title="bbox 274 605 978 646; baseline -0.003 -9"><span class='ocrx_word' id='word_1_37' title='bbox 274 616 418 646; x_wconf 87' lang='lat' dir='ltr'>numque</span> <span class='ocrx_word' id='word_1_38' title='bbox 450 606 533 636; x_wconf 89' lang='lat' dir='ltr'>illud</span> <span class='ocrx_word' id='word_1_39' title='bbox 557 605 693 644; x_wconf 87' lang='lat' dir='ltr'>pietatis</span> <span class='ocrx_word' id='word_1_40' title='bbox 722 606 978 636; x_wconf 81' lang='lat' dir='ltr'>sacramentum?</span> 
     </span>
     <span class='ocr_line' id='line_1_10' title="bbox 275 651 978 691; baseline -0.003 -8"><span class='ocrx_word' id='word_1_41' title='bbox 275 654 367 683; x_wconf 81' lang='lat' dir='ltr'>Unde</span> <span class='ocrx_word' id='word_1_42' title='bbox 388 653 549 691; x_wconf 84' lang='lat' dir='ltr'>postremo</span> <span class='ocrx_word' id='word_1_43' title='bbox 572 651 663 681; x_wconf 88' lang='lat' dir='ltr'>dabis</span> <span class='ocrx_word' id='word_1_44' title='bbox 684 651 766 681; x_wconf 83' lang='lat' dir='ltr'>milii</span> <span class='ocrx_word' id='word_1_45' title='bbox 786 652 926 682; x_wconf 80' lang='lat' dir='ltr'>infantes</span> <span class='ocrx_word' id='word_1_46' title='bbox 945 652 978 683; x_wconf 87' lang='lat' dir='ltr'>et</span> 
     </span>
     <span class='ocr_line' id='line_1_11' title="bbox 274 696 976 736; baseline -0.003 -7"><span class='ocrx_word' id='word_1_47' title='bbox 274 700 446 735; x_wconf 82' lang='lat' dir='ltr'>lactentes,</span> <span class='ocrx_word' id='word_1_48' title='bbox 461 705 599 736; x_wconf 88' lang='lat' dir='ltr'>quorum</span> <span class='ocrx_word' id='word_1_49' title='bbox 616 705 656 727; x_wconf 88' lang='lat' dir='ltr'>ex</span> <span class='ocrx_word' id='word_1_50' title='bbox 671 706 724 727; x_wconf 90' lang='lat' dir='ltr'>ore</span> <span class='ocrx_word' id='word_1_51' title='bbox 738 696 870 727; x_wconf 86' lang='lat' dir='ltr'>laudem</span> <span class='ocrx_word' id='word_1_52' title='bbox 885 706 976 728; x_wconf 90' lang='lat' dir='ltr'>suam</span> 
     </span>
     <span class='ocr_line' id='line_1_12' title="bbox 274 741 978 782; baseline 0.003 -10"><span class='ocrx_word' id='word_1_53' title='bbox 274 744 421 782; x_wconf 66' lang='lat' dir='ltr'>perficiat</span> <span class='ocrx_word' id='word_1_54' title='bbox 444 741 552 772; x_wconf 77' lang='lat' dir='ltr'>Deus?</span> <span class='ocrx_word' id='word_1_55' title='bbox 575 743 698 772; x_wconf 85' lang='lat' dir='ltr'>Coelum</span> <span class='ocrx_word' id='word_1_56' title='bbox 721 751 785 773; x_wconf 90' lang='lat' dir='ltr'>non</span> <span class='ocrx_word' id='word_1_57' title='bbox 808 743 908 774; x_wconf 80' lang='lat' dir='ltr'>habet</span> <span class='ocrx_word' id='word_1_58' title='bbox 929 744 978 773; x_wconf 85' lang='lat' dir='ltr'>in-</span> 
     </span>
     <span class='ocr_line' id='line_1_13' title="bbox 274 788 974 828; baseline 0 -10"><span class='ocrx_word' id='word_1_59' title='bbox 274 790 390 826; x_wconf 79' lang='lat' dir='ltr'>sanies,</span> <span class='ocrx_word' id='word_1_60' title='bbox 408 788 506 818; x_wconf 80' lang='lat' dir='ltr'>habet</span> <span class='ocrx_word' id='word_1_61' title='bbox 517 788 661 818; x_wconf 81' lang='lat' dir='ltr'>Ecclesia</span> <span class='ocrx_word' id='word_1_62' title='bbox 672 811 682 826; x_wconf 93' lang='lat'>,</span> <span class='ocrx_word' id='word_1_63' title='bbox 694 789 812 828; x_wconf 85' lang='lat' dir='ltr'>quibus</span> <span class='ocrx_word' id='word_1_64' title='bbox 823 790 857 819; x_wconf 84' lang='lat' dir='ltr'>et</span> <span class='ocrx_word' id='word_1_65' title='bbox 871 788 951 819; x_wconf 85' lang='lat' dir='ltr'>dicit</span> <span class='ocrx_word' id='word_1_66' title='bbox 967 798 974 818; x_wconf 73' lang='grc' dir='ltr'>ε</span> 
     </span>
     <span class='ocr_line' id='line_1_14' title="bbox 274 834 976 872; baseline 0 -8"><span class='ocrx_word' id='word_1_67' title='bbox 274 837 338 865; x_wconf 80' lang='lat' dir='ltr'>Lac</span> <span class='ocrx_word' id='word_1_68' title='bbox 358 834 442 864; x_wconf 73' lang='lat' dir='ltr'>vobis</span> <span class='ocrx_word' id='word_1_69' title='bbox 457 835 563 872; x_wconf 79' lang='lat' dir='ltr'>potum</span> <span class='ocrx_word' id='word_1_70' title='bbox 579 834 664 871; x_wconf 76' lang='lat' dir='ltr'>dedi,</span> <span class='ocrx_word' id='word_1_71' title='bbox 678 843 741 864; x_wconf 72' lang='lat' dir='ltr'>‘non</span> <span class='ocrx_word' id='word_1_72' title='bbox 762 844 873 865; x_wconf 79' lang='lat' dir='ltr'>escam.</span> <span class='ocrx_word' id='word_1_73' title='bbox 890 835 928 864; x_wconf 89' lang='lat' dir='ltr'>Et</span> <span class='ocrx_word' id='word_1_74' title='bbox 942 835 976 864; x_wconf 88' lang='lat' dir='ltr'>hi</span> 
     </span>
     <span class='ocr_line' id='line_1_15' title="bbox 276 878 977 918; baseline 0.004 -11"><span class='ocrx_word' id='word_1_75' title='bbox 276 879 315 908; x_wconf 85' lang='lat' dir='ltr'>ad</span> <span class='ocrx_word' id='word_1_76' title='bbox 344 878 474 908; x_wconf 85' lang='lat' dir='ltr'>laudem</span> <span class='ocrx_word' id='word_1_77' title='bbox 501 879 593 917; x_wconf 83' lang='lat' dir='ltr'>quasi</span> <span class='ocrx_word' id='word_1_78' title='bbox 619 880 844 918; x_wconf 82' lang='lat' dir='ltr'>complendam</span> <span class='ocrx_word' id='word_1_79' title='bbox 864 888 882 909; x_wconf 90' lang='lat' dir='ltr'>a</span> <span class='ocrx_word' id='word_1_80' title='bbox 901 880 977 910; x_wconf 90' lang='lat' dir='ltr'>Pro-</span> 
     </span>
     <span class='ocr_line' id='line_1_16' title="bbox 272 924 979 964; baseline 0.004 -11"><span class='ocrx_word' id='word_1_81' title='bbox 272 924 371 963; x_wconf 80' lang='lat' dir='ltr'>pheta</span> <span class='ocrx_word' id='word_1_82' title='bbox 380 924 572 961; x_wconf 76' lang='lat' dir='ltr'><strong>invitantur,</strong></span> <span class='ocrx_word' id='word_1_83' title='bbox 582 924 730 954; x_wconf 82' lang='lat' dir='ltr'>dicente:</span> <span class='ocrx_word' id='word_1_84' title='bbox 740 926 879 955; x_wconf 71' lang='lat' dir='ltr'>Laudato</span> <span class='ocrx_word' id='word_1_85' title='bbox 889 928 979 964; x_wconf 79' lang='lat' dir='ltr'>pueri</span> 
     </span>
     <span class='ocr_line' id='line_1_17' title="bbox 273 970 978 1008; baseline 0 -7"><span class='ocrx_word' id='word_1_86' title='bbox 273 972 454 1001; x_wconf 78' lang='lat' dir='ltr'>Dominum.</span> <span class='ocrx_word' id='word_1_87' title='bbox 470 971 518 1000; x_wconf 93' lang='lat' dir='ltr'>Tu</span> <span class='ocrx_word' id='word_1_88' title='bbox 538 970 636 1008; x_wconf 88' lang='lat' dir='ltr'>putas</span> <span class='ocrx_word' id='word_1_89' title='bbox 649 971 754 1001; x_wconf 91' lang='lat' dir='ltr'>Deum</span> <span class='ocrx_word' id='word_1_90' title='bbox 769 973 918 1001; x_wconf 86' lang='lat' dir='ltr'>nostrum</span> <span class='ocrx_word' id='word_1_91' title='bbox 931 972 978 1002; x_wconf 93' lang='lat' dir='ltr'>to-</span> 
     </span>
     <span class='ocr_line' id='line_1_18' title="bbox 272 1016 976 1055; baseline 0.001 -10"><span class='ocrx_word' id='word_1_92' title='bbox 272 1017 339 1045; x_wconf 70' lang='lat' dir='ltr'>tam</span> <span class='ocrx_word' id='word_1_93' title='bbox 373 1016 563 1046; x_wconf 84' lang='lat' dir='ltr'>habiturum</span> <span class='ocrx_word' id='word_1_94' title='bbox 591 1024 660 1046; x_wconf 85' lang='lat' dir='ltr'>suae</span> <span class='ocrx_word' id='word_1_95' title='bbox 688 1016 801 1055; x_wconf 79' lang='lat' dir='ltr'>gloriae</span> <span class='ocrx_word' id='word_1_96' title='bbox 828 1017 956 1047; x_wconf 90' lang='lat' dir='ltr'>laudem</span> <span class='ocrx_word' id='word_1_97' title='bbox 967 1039 976 1055; x_wconf 94' lang='lat'>,</span> 
     </span>
     <span class='ocr_line' id='line_1_19' title="bbox 273 1061 976 1101; baseline 0.004 -11"><span class='ocrx_word' id='word_1_98' title='bbox 273 1062 380 1090; x_wconf 88' lang='lat' dir='ltr'>donec</span> <span class='ocrx_word' id='word_1_99' title='bbox 393 1061 530 1091; x_wconf 80' lang='lat' dir='ltr'>veniant</span> <span class='ocrx_word' id='word_1_100' title='bbox 549 1061 607 1100; x_wconf 88' lang='lat' dir='ltr'>qui</span> <span class='ocrx_word' id='word_1_101' title='bbox 631 1061 666 1092; x_wconf 89' lang='lat' dir='ltr'>in</span> <span class='ocrx_word' id='word_1_102' title='bbox 683 1061 862 1100; x_wconf 77' lang='lat' dir='ltr'>conspectu</span> <span class='ocrx_word' id='word_1_103' title='bbox 876 1063 976 1101; x_wconf 79' lang='lat' dir='ltr'>Ange-</span> 
     </span>
     <span class='ocr_line' id='line_1_20' title="bbox 272 1107 977 1148; baseline 0.004 -12"><span class='ocrx_word' id='word_1_104' title='bbox 272 1108 378 1136; x_wconf 83' lang='lat' dir='ltr'>lorum</span> <span class='ocrx_word' id='word_1_105' title='bbox 404 1107 546 1145; x_wconf 80' lang='lat' dir='ltr'>psallant</span> <span class='ocrx_word' id='word_1_106' title='bbox 567 1107 653 1137; x_wconf 87' lang='lat' dir='ltr'>sibi:</span> <span class='ocrx_word' id='word_1_107' title='bbox 670 1109 785 1138; x_wconf 80' lang='lat' dir='ltr'>Loetali</span> <span class='ocrx_word' id='word_1_108' title='bbox 801 1117 907 1139; x_wconf 76' lang='lat' dir='ltr'>sumus</span> <span class='ocrx_word' id='word_1_109' title='bbox 919 1118 977 1148; x_wconf 77' lang='lat' dir='ltr'>pro</span> 
     </span>
     <span class='ocr_line' id='line_1_21' title="bbox 273 1153 978 1193; baseline 0.004 -12"><span class='ocrx_word' id='word_1_110' title='bbox 273 1153 377 1183; x_wconf 77' lang='lat' dir='ltr'>&lt;liebus</span> <span class='ocrx_word' id='word_1_111' title='bbox 392 1153 501 1191; x_wconf 72' lang='lat' dir='ltr'>quibus</span> <span class='ocrx_word' id='word_1_112' title='bbox 523 1162 581 1184; x_wconf 79' lang='lat' dir='ltr'>‘nos</span> <span class='ocrx_word' id='word_1_113' title='bbox 604 1153 787 1191; x_wconf 65' lang='lat' dir='ltr'>humiliasti,</span> <span class='ocrx_word' id='word_1_114' title='bbox 804 1156 895 1185; x_wconf 74' lang='lat' dir='ltr'>annis</span> <span class='ocrx_word' id='word_1_115' title='bbox 910 1156 978 1193; x_wconf 79' lang='lat' dir='ltr'>qui-</span> 
     </span>
     <span class='ocr_line' id='line_1_22' title="bbox 275 1199 978 1238; baseline 0.004 -11"><span class='ocrx_word' id='word_1_116' title='bbox 275 1199 329 1228; x_wconf 54' lang='lat' dir='ltr'>lius</span> <span class='ocrx_word' id='word_1_117' title='bbox 352 1199 484 1229; x_wconf 73' lang='lat' dir='ltr'>vidimus</span> <span class='ocrx_word' id='word_1_118' title='bbox 510 1200 597 1230; x_wconf 78' lang='lat' dir='ltr'>mala</span> <span class='ocrx_word' id='word_1_119' title='bbox 612 1199 625 1228; x_wconf 82' lang='lat'><em>?</em></span> <span class='ocrx_word' id='word_1_120' title='bbox 639 1200 705 1229; x_wconf 88' lang='lat' dir='ltr'>Hoc</span> <span class='ocrx_word' id='word_1_121' title='bbox 732 1208 834 1238; x_wconf 81' lang='lat' dir='ltr'>genus</span> <span class='ocrx_word' id='word_1_122' title='bbox 855 1200 978 1230; x_wconf 80' lang='lat' dir='ltr'>laetitiae</span> 
     </span>
     <span class='ocr_line' id='line_1_23' title="bbox 275 1244 976 1283; baseline 0.006 -11"><span class='ocrx_word' id='word_1_123' title='bbox 275 1244 350 1273; x_wconf 73' lang='lat' dir='ltr'>eoeli</span> <span class='ocrx_word' id='word_1_124' title='bbox 360 1244 562 1282; x_wconf 82' lang='lat' dir='ltr'>nescierunt,</span> <span class='ocrx_word' id='word_1_125' title='bbox 572 1245 635 1275; x_wconf 83' lang='lat' dir='ltr'>nisi</span> <span class='ocrx_word' id='word_1_126' title='bbox 646 1253 707 1283; x_wconf 88' lang='lat' dir='ltr'>per</span> <span class='ocrx_word' id='word_1_127' title='bbox 716 1245 868 1276; x_wconf 82' lang='lat' dir='ltr'>Ecclesiae</span> <span class='ocrx_word' id='word_1_128' title='bbox 876 1246 976 1277; x_wconf 87' lang='lat' dir='ltr'>filios:</span> 
     </span>
     <span class='ocr_line' id='line_1_24' title="bbox 276 1292 979 1330; baseline 0.003 -10"><span class='ocrx_word' id='word_1_129' title='bbox 276 1292 338 1320; x_wconf 75' lang='lat' dir='ltr'>hoc</span> <span class='ocrx_word' id='word_1_130' title='bbox 350 1299 447 1321; x_wconf 91' lang='lat' dir='ltr'>nemo</span> <span class='ocrx_word' id='word_1_131' title='bbox 472 1298 628 1329; x_wconf 88' lang='lat' dir='ltr'>umquam</span> <span class='ocrx_word' id='word_1_132' title='bbox 649 1292 791 1330; x_wconf 83' lang='lat' dir='ltr'>laetatur,</span> <span class='ocrx_word' id='word_1_133' title='bbox 813 1292 869 1330; x_wconf 88' lang='lat' dir='ltr'>qui</span> <span class='ocrx_word' id='word_1_134' title='bbox 884 1301 979 1322; x_wconf 89' lang='lat' dir='ltr'>num-</span> 
     </span>
     <span class='ocr_line' id='line_1_25' title="bbox 273 1337 979 1376; baseline 0.006 -11"><span class='ocrx_word' id='word_1_135' title='bbox 273 1345 370 1374; x_wconf 77' lang='lat' dir='ltr'>quam</span> <span class='ocrx_word' id='word_1_136' title='bbox 385 1345 450 1366; x_wconf 92' lang='lat' dir='ltr'>non</span> <span class='ocrx_word' id='word_1_137' title='bbox 465 1337 605 1367; x_wconf 83' lang='lat' dir='ltr'>laetatur.</span> <span class='ocrx_word' id='word_1_138' title='bbox 622 1337 892 1376; x_wconf 83' lang='lat' dir='ltr'>Opportunepost</span> <span class='ocrx_word' id='word_1_139' title='bbox 905 1339 979 1369; x_wconf 88' lang='lat' dir='ltr'>tris-</span> 
     </span>
     <span class='ocr_line' id='line_1_26' title="bbox 275 1382 978 1421; baseline 0.003 -10"><span class='ocrx_word' id='word_1_140' title='bbox 275 1383 382 1412; x_wconf 81' lang='lat' dir='ltr'>titiam</span> <span class='ocrx_word' id='word_1_141' title='bbox 412 1382 566 1420; x_wconf 77' lang='lat' dir='ltr'>gaudium</span> <span class='ocrx_word' id='word_1_142' title='bbox 602 1383 691 1413; x_wconf 86' lang='lat' dir='ltr'>subit</span> <span class='ocrx_word' id='word_1_143' title='bbox 704 1405 713 1421; x_wconf 96' lang='lat'>,</span> <span class='ocrx_word' id='word_1_144' title='bbox 738 1384 811 1421; x_wconf 86' lang='lat' dir='ltr'>post</span> <span class='ocrx_word' id='word_1_145' title='bbox 836 1384 978 1414; x_wconf 88' lang='lat' dir='ltr'>laborem</span> 
     </span>
     <span class='ocr_line' id='line_1_27' title="bbox 274 1427 979 1466; baseline 0.007 -11"><span class='ocrx_word' id='word_1_146' title='bbox 274 1428 385 1465; x_wconf 81' lang='lat' dir='ltr'>quies,</span> <span class='ocrx_word' id='word_1_147' title='bbox 401 1428 474 1465; x_wconf 89' lang='lat' dir='ltr'>post</span> <span class='ocrx_word' id='word_1_148' title='bbox 493 1427 700 1466; x_wconf 80' lang='lat' dir='ltr'>naufragium</span> <span class='ocrx_word' id='word_1_149' title='bbox 722 1429 846 1466; x_wconf 83' lang='lat' dir='ltr'>portus.</span> <span class='ocrx_word' id='word_1_150' title='bbox 868 1430 979 1460; x_wconf 82' lang='lat' dir='ltr'>Placet</span> 
     </span>
     <span class='ocr_line' id='line_1_28' title="bbox 275 1473 980 1513; baseline 0.006 -12"><span class='ocrx_word' id='word_1_151' title='bbox 275 1473 401 1502; x_wconf 77' lang='lat' dir='ltr'>cunctis</span> <span class='ocrx_word' id='word_1_152' title='bbox 421 1473 598 1511; x_wconf 73' lang='lat' dir='ltr'>securitas,</span> <span class='ocrx_word' id='word_1_153' title='bbox 614 1474 674 1503; x_wconf 84' lang='lat' dir='ltr'>sed</span> <span class='ocrx_word' id='word_1_154' title='bbox 690 1474 723 1503; x_wconf 92' lang='lat' dir='ltr'>ei</span> <span class='ocrx_word' id='word_1_155' title='bbox 743 1474 846 1512; x_wconf 80' lang='lat' dir='ltr'>magis</span> <span class='ocrx_word' id='word_1_156' title='bbox 864 1475 921 1513; x_wconf 89' lang='lat' dir='ltr'>qui</span> <span class='ocrx_word' id='word_1_157' title='bbox 936 1476 980 1505; x_wconf 91' lang='lat' dir='ltr'>ti—</span> 
     </span>
     <span class='ocr_line' id='line_1_29' title="bbox 273 1517 979 1556; baseline 0.004 -10"><span class='ocrx_word' id='word_1_158' title='bbox 273 1518 370 1547; x_wconf 82' lang='lat' dir='ltr'>muit.</span> <span class='ocrx_word' id='word_1_159' title='bbox 385 1517 531 1547; x_wconf 70' lang='lat' dir='ltr'>,Iucunda</span> <span class='ocrx_word' id='word_1_160' title='bbox 558 1518 709 1548; x_wconf 89' lang='lat' dir='ltr'>omnibus</span> <span class='ocrx_word' id='word_1_161' title='bbox 732 1518 809 1556; x_wconf 83' lang='lat' dir='ltr'>lux,</span> <span class='ocrx_word' id='word_1_162' title='bbox 830 1520 887 1549; x_wconf 90' lang='lat' dir='ltr'>sed</span> <span class='ocrx_word' id='word_1_163' title='bbox 903 1528 979 1549; x_wconf 78' lang='lat' dir='ltr'>eva-</span> 
     </span>
     <span class='ocr_line' id='line_1_30' title="bbox 273 1562 979 1602; baseline 0.006 -11"><span class='ocrx_word' id='word_1_164' title='bbox 273 1563 365 1593; x_wconf 80' lang='lat' dir='ltr'>denti</span> <span class='ocrx_word' id='word_1_165' title='bbox 381 1562 421 1592; x_wconf 87' lang='lat' dir='ltr'>de</span> <span class='ocrx_word' id='word_1_166' title='bbox 443 1563 604 1601; x_wconf 75' lang='lat' dir='ltr'>potestate</span> <span class='ocrx_word' id='word_1_167' title='bbox 624 1563 835 1593; x_wconf 85' lang='lat' dir='ltr'>tenebrarum</span> <span class='ocrx_word' id='word_1_168' title='bbox 859 1564 979 1602; x_wconf 85' lang='lat' dir='ltr'>jucun-</span> 
     </span>
     <span class='ocr_line' id='line_1_31' title="bbox 274 1608 978 1648; baseline 0.004 -11"><span class='ocrx_word' id='word_1_169' title='bbox 274 1608 356 1638; x_wconf 87' lang='lat' dir='ltr'>dior.</span> <span class='ocrx_word' id='word_1_170' title='bbox 369 1608 534 1638; x_wconf 75' lang='lat' dir='ltr'>Transisse</span> <span class='ocrx_word' id='word_1_171' title='bbox 550 1608 591 1638; x_wconf 85' lang='lat' dir='ltr'>de</span> <span class='ocrx_word' id='word_1_172' title='bbox 603 1610 705 1638; x_wconf 84' lang='lat' dir='ltr'>morte</span> <span class='ocrx_word' id='word_1_173' title='bbox 720 1609 760 1638; x_wconf 87' lang='lat' dir='ltr'>ad</span> <span class='ocrx_word' id='word_1_174' title='bbox 772 1609 886 1648; x_wconf 80' lang='lat' dir='ltr'>vitam,</span> <span class='ocrx_word' id='word_1_175' title='bbox 902 1611 978 1640; x_wconf 84' lang='lat' dir='ltr'>vitae</span> 
     </span>
     <span class='ocr_line' id='line_1_32' title="bbox 273 1653 980 1692; baseline 0.006 -11"><span class='ocrx_word' id='word_1_176' title='bbox 273 1653 409 1690; x_wconf 77' lang='lat' dir='ltr'>gratiam</span> <span class='ocrx_word' id='word_1_177' title='bbox 422 1653 578 1692; x_wconf 80' lang='lat' dir='ltr'>duplicat.</span> <span class='ocrx_word' id='word_1_178' title='bbox 593 1655 670 1683; x_wconf 88' lang='lat' dir='ltr'>Pars</span> <span class='ocrx_word' id='word_1_179' title='bbox 686 1662 759 1683; x_wconf 89' lang='lat' dir='ltr'>mea</span> <span class='ocrx_word' id='word_1_180' title='bbox 777 1654 847 1684; x_wconf 83' lang='lat' dir='ltr'>haec</span> <span class='ocrx_word' id='word_1_181' title='bbox 864 1656 897 1684; x_wconf 90' lang='lat' dir='ltr'>in</span> <span class='ocrx_word' id='word_1_182' title='bbox 913 1664 980 1685; x_wconf 83' lang='lat' dir='ltr'>coe-</span> 
     </span>
     <span class='ocr_line' id='line_1_33' title="bbox 275 1697 979 1739; baseline 0.006 -13"><span class='ocrx_word' id='word_1_183' title='bbox 275 1698 348 1727; x_wconf 81' lang='lat' dir='ltr'>lesti</span> <span class='ocrx_word' id='word_1_184' title='bbox 364 1697 532 1736; x_wconf 80' lang='lat' dir='ltr'>convivio,</span> <span class='ocrx_word' id='word_1_185' title='bbox 548 1700 582 1729; x_wconf 90' lang='lat' dir='ltr'>et</span> <span class='ocrx_word' id='word_1_186' title='bbox 596 1707 740 1728; x_wconf 88' lang='lat' dir='ltr'>seorsum</span> <span class='ocrx_word' id='word_1_187' title='bbox 758 1699 798 1729; x_wconf 84' lang='lat' dir='ltr'>ab</span> <span class='ocrx_word' id='word_1_188' title='bbox 818 1699 897 1738; x_wconf 90' lang='lat' dir='ltr'>ipsis</span> <span class='ocrx_word' id='word_1_189' title='bbox 912 1700 979 1739; x_wconf 90' lang='lat' dir='ltr'>spi-</span> 
     </span>
     <span class='ocr_line' id='line_1_34' title="bbox 273 1743 978 1784; baseline 0.006 -12"><span class='ocrx_word' id='word_1_190' title='bbox 273 1743 391 1773; x_wconf 79' lang='lat' dir='ltr'>ritibus</span> <span class='ocrx_word' id='word_1_191' title='bbox 416 1744 535 1774; x_wconf 85' lang='lat' dir='ltr'>beatis.</span> <span class='ocrx_word' id='word_1_192' title='bbox 552 1744 662 1774; x_wconf 86' lang='lat' dir='ltr'>Audeo</span> <span class='ocrx_word' id='word_1_193' title='bbox 678 1744 788 1774; x_wconf 83' lang='lat' dir='ltr'>dicere</span> <span class='ocrx_word' id='word_1_194' title='bbox 807 1747 978 1784; x_wconf 87' lang='lat' dir='ltr'>expertem</span> 
     </span>
     <span class='ocr_line' id='line_1_35' title="bbox 273 1789 977 1830; baseline 0.006 -13"><span class='ocrx_word' id='word_1_195' title='bbox 273 1797 355 1819; x_wconf 69' lang='lat' dir='ltr'>meze</span> <span class='ocrx_word' id='word_1_196' title='bbox 370 1789 584 1819; x_wconf 82' lang='lat' dir='ltr'>beatitudinis</span> <span class='ocrx_word' id='word_1_197' title='bbox 601 1790 704 1828; x_wconf 87' lang='lat' dir='ltr'>ipsam</span> <span class='ocrx_word' id='word_1_198' title='bbox 717 1790 847 1820; x_wconf 80' lang='lat' dir='ltr'>beatam</span> <span class='ocrx_word' id='word_1_199' title='bbox 863 1791 977 1830; x_wconf 87' lang='lat' dir='ltr'>vitam,</span> 
     </span>
     <span class='ocr_line' id='line_1_36' title="bbox 272 1835 979 1875; baseline 0.004 -11"><span class='ocrx_word' id='word_1_200' title='bbox 272 1835 335 1865; x_wconf 83' lang='lat' dir='ltr'>nisi</span> <span class='ocrx_word' id='word_1_201' title='bbox 352 1835 378 1864; x_wconf 88' lang='lat' dir='ltr'>si</span> <span class='ocrx_word' id='word_1_202' title='bbox 395 1835 548 1874; x_wconf 79' lang='lat' dir='ltr'>dignetur</span> <span class='ocrx_word' id='word_1_203' title='bbox 563 1835 678 1874; x_wconf 82' lang='lat' dir='ltr'>fateri,</span> <span class='ocrx_word' id='word_1_204' title='bbox 689 1836 775 1874; x_wconf 88' lang='lat' dir='ltr'>quod</span> <span class='ocrx_word' id='word_1_205' title='bbox 788 1845 847 1875; x_wconf 89' lang='lat' dir='ltr'>per</span> <span class='ocrx_word' id='word_1_206' title='bbox 862 1837 979 1868; x_wconf 89' lang='lat' dir='ltr'>carita-</span> 
     </span>
     <span class='ocr_line' id='line_1_37' title="bbox 273 1881 978 1921; baseline 0.006 -11"><span class='ocrx_word' id='word_1_207' title='bbox 273 1883 340 1911; x_wconf 85' lang='lat' dir='ltr'>tem</span> <span class='ocrx_word' id='word_1_208' title='bbox 354 1889 391 1911; x_wconf 88' lang='lat' dir='ltr'>ea</span> <span class='ocrx_word' id='word_1_209' title='bbox 416 1881 451 1911; x_wconf 92' lang='lat' dir='ltr'>in</span> <span class='ocrx_word' id='word_1_210' title='bbox 470 1890 522 1911; x_wconf 89' lang='lat' dir='ltr'>me</span> <span class='ocrx_word' id='word_1_211' title='bbox 538 1881 679 1920; x_wconf 79' lang='lat' dir='ltr'>fruitur,</span> <span class='ocrx_word' id='word_1_212' title='bbox 695 1883 729 1913; x_wconf 87' lang='lat' dir='ltr'>et</span> <span class='ocrx_word' id='word_1_213' title='bbox 749 1891 809 1921; x_wconf 92' lang='lat' dir='ltr'>per</span> <span class='ocrx_word' id='word_1_214' title='bbox 824 1891 889 1913; x_wconf 90' lang='lat' dir='ltr'>me.</span> <span class='ocrx_word' id='word_1_215' title='bbox 911 1884 978 1914; x_wconf 77' lang='lat' dir='ltr'>Ali-</span> 
     </span>
     <span class='ocr_line' id='line_1_38' title="bbox 275 1927 976 1966; baseline 0.007 -12"><span class='ocrx_word' id='word_1_216' title='bbox 275 1927 354 1965; x_wconf 79' lang='lat' dir='ltr'>quid</span> <span class='ocrx_word' id='word_1_217' title='bbox 369 1935 445 1958; x_wconf 82' lang='lat' dir='ltr'>sane</span> <span class='ocrx_word' id='word_1_218' title='bbox 457 1928 588 1957; x_wconf 71' lang='lat' dir='ltr'>videtur</span> <span class='ocrx_word' id='word_1_219' title='bbox 600 1928 700 1958; x_wconf 78' lang='lat' dir='ltr'>etIam</span> <span class='ocrx_word' id='word_1_220' title='bbox 716 1928 912 1966; x_wconf 72' lang='lat' dir='ltr'>perfectioni</span> <span class='ocrx_word' id='word_1_221' title='bbox 929 1930 976 1959; x_wconf 92' lang='lat' dir='ltr'>illi</span> 
     </span>
     <span class='ocr_line' id='line_1_39' title="bbox 274 1974 976 2014; baseline 0.006 -12"><span class='ocrx_word' id='word_1_222' title='bbox 274 1974 447 2003; x_wconf 81' lang='lat' dir='ltr'>accessisse</span> <span class='ocrx_word' id='word_1_223' title='bbox 470 1982 514 2003; x_wconf 81' lang='lat' dir='ltr'>ex</span> <span class='ocrx_word' id='word_1_224' title='bbox 539 1981 735 2012; x_wconf 87' lang='lat' dir='ltr'>me,neque</span> <span class='ocrx_word' id='word_1_225' title='bbox 760 1974 821 2005; x_wconf 90' lang='lat' dir='ltr'>hoc</span> <span class='ocrx_word' id='word_1_226' title='bbox 850 1984 976 2014; x_wconf 84' lang='lat' dir='ltr'>parum.</span> 
     </span>
     <span class='ocr_line' id='line_1_40' title="bbox 274 2019 979 2059; baseline 0.004 -11"><span class='ocrx_word' id='word_1_227' title='bbox 274 2019 422 2057; x_wconf 82' lang='lat' dir='ltr'>Denique</span> <span class='ocrx_word' id='word_1_228' title='bbox 444 2019 590 2057; x_wconf 83' lang='lat' dir='ltr'>gaudent</span> <span class='ocrx_word' id='word_1_229' title='bbox 609 2020 722 2057; x_wconf 81' lang='lat' dir='ltr'>Angeli</span> <span class='ocrx_word' id='word_1_230' title='bbox 748 2020 789 2050; x_wconf 89' lang='lat' dir='ltr'>ad</span> <span class='ocrx_word' id='word_1_231' title='bbox 814 2022 979 2059; x_wconf 65' lang='lat' dir='ltr'>poeniten-</span> 
     </span>
     <span class='ocr_line' id='line_1_41' title="bbox 273 2064 979 2106; baseline 0.004 -12"><span class='ocrx_word' id='word_1_232' title='bbox 273 2064 353 2094; x_wconf 83' lang='lat' dir='ltr'>tiam</span> <span class='ocrx_word' id='word_1_233' title='bbox 375 2065 566 2103; x_wconf 78' lang='lat' dir='ltr'>peccatoris.</span> <span class='ocrx_word' id='word_1_234' title='bbox 583 2065 676 2103; x_wconf 82' lang='lat' dir='ltr'>Quod</span> <span class='ocrx_word' id='word_1_235' title='bbox 687 2066 714 2096; x_wconf 90' lang='lat' dir='ltr'>si</span> <span class='ocrx_word' id='word_1_236' title='bbox 730 2065 856 2097; x_wconf 85' lang='lat' dir='ltr'>deliciae</span> <span class='ocrx_word' id='word_1_237' title='bbox 872 2068 979 2106; x_wconf 80' lang='lat' dir='ltr'>Ange-</span> 
     </span>
     <span class='ocr_line' id='line_1_42' title="bbox 274 2110 979 2150; baseline 0.007 -12"><span class='ocrx_word' id='word_1_238' title='bbox 274 2110 380 2140; x_wconf 81' lang='lat' dir='ltr'>lorum</span> <span class='ocrx_word' id='word_1_239' title='bbox 406 2111 558 2149; x_wconf 83' lang='lat' dir='ltr'>lacrymae</span> <span class='ocrx_word' id='word_1_240' title='bbox 588 2119 670 2141; x_wconf 87' lang='lat' dir='ltr'>meae</span> <span class='ocrx_word' id='word_1_241' title='bbox 681 2133 691 2150; x_wconf 89' lang='lat'>,</span> <span class='ocrx_word' id='word_1_242' title='bbox 719 2111 799 2150; x_wconf 86' lang='lat' dir='ltr'>quid</span> <span class='ocrx_word' id='word_1_243' title='bbox 827 2112 979 2143; x_wconf 79' lang='lat' dir='ltr'>deliciae?</span> 
     </span>
     <span class='ocr_line' id='line_1_43' title="bbox 272 2156 978 2195; baseline 0.006 -11"><span class='ocrx_word' id='word_1_244' title='bbox 272 2156 375 2185; x_wconf 85' lang='lat' dir='ltr'>Omne</span> <span class='ocrx_word' id='word_1_245' title='bbox 388 2164 468 2194; x_wconf 91' lang='lat' dir='ltr'>opus</span> <span class='ocrx_word' id='word_1_246' title='bbox 483 2157 626 2195; x_wconf 88' lang='lat' dir='ltr'>ipsorum</span> <span class='ocrx_word' id='word_1_247' title='bbox 643 2156 775 2187; x_wconf 87' lang='lat' dir='ltr'>laudare</span> <span class='ocrx_word' id='word_1_248' title='bbox 784 2157 889 2188; x_wconf 89' lang='lat' dir='ltr'>Deum</span> <span class='ocrx_word' id='word_1_249' title='bbox 903 2159 978 2189; x_wconf 87' lang='lat' dir='ltr'>:sed</span> 
     </span>
     <span class='ocr_line' id='line_1_44' title="bbox 275 2200 978 2241; baseline 0.009 -12"><span class='ocrx_word' id='word_1_250' title='bbox 275 2200 366 2231; x_wconf 82' lang='lat' dir='ltr'>deest</span> <span class='ocrx_word' id='word_1_251' title='bbox 380 2202 516 2240; x_wconf 86' lang='lat' dir='ltr'>laudi,si</span> <span class='ocrx_word' id='word_1_252' title='bbox 529 2202 638 2233; x_wconf 88' lang='lat' dir='ltr'>desint</span> <span class='ocrx_word' id='word_1_253' title='bbox 649 2203 706 2241; x_wconf 90' lang='lat' dir='ltr'>qui</span> <span class='ocrx_word' id='word_1_254' title='bbox 719 2203 846 2233; x_wconf 90' lang='lat' dir='ltr'>dicant:</span> <span class='ocrx_word' id='word_1_255' title='bbox 859 2205 978 2235; x_wconf 79' lang='lat' dir='ltr'>Trans-</span> 
     </span>
     <span class='ocr_line' id='line_1_45' title="bbox 273 2247 979 2287; baseline 0.007 -12"><span class='ocrx_word' id='word_1_256' title='bbox 273 2247 385 2276; x_wconf 66' lang='lat' dir='ltr'>irz&#39;mus</span> <span class='ocrx_word' id='word_1_257' title='bbox 401 2257 457 2284; x_wconf 78' lang='lat' dir='ltr'>per</span> <span class='ocrx_word' id='word_1_258' title='bbox 469 2249 567 2286; x_wconf 76' lang='lat' dir='ltr'>iqnem</span> <span class='ocrx_word' id='word_1_259' title='bbox 583 2250 611 2279; x_wconf 79' lang='lat' dir='ltr'>ct</span> <span class='ocrx_word' id='word_1_260' title='bbox 641 2257 775 2287; x_wconf 75' lang='lat' dir='ltr'>aquam,</span> <span class='ocrx_word' id='word_1_261' title='bbox 793 2251 822 2280; x_wconf 81' lang='lat' dir='ltr'>et</span> <span class='ocrx_word' id='word_1_262' title='bbox 845 2250 979 2281; x_wconf 75' lang='lat' dir='ltr'>eduxisti</span> 
     </span>
     <span class='ocr_line' id='line_1_46' title="bbox 273 2292 596 2330; baseline 0.009 -10"><span class='ocrx_word' id='word_1_263' title='bbox 273 2300 330 2322; x_wconf 72' lang='lat' dir='ltr'>nos</span> <span class='ocrx_word' id='word_1_264' title='bbox 344 2293 376 2321; x_wconf 83' lang='lat' dir='ltr'>in</span> <span class='ocrx_word' id='word_1_265' title='bbox 391 2292 596 2330; x_wconf 68' lang='lat' dir='ltr'>refrtqerium.</span> 
     </span>
    </p>

    <p class='ocr_par' dir='ltr' id='par_1_3' title="bbox 272 2336 977 2696">
     <span class='ocr_line' id='line_1_47' title="bbox 314 2336 975 2375; baseline 0.009 -10"><span class='ocrx_word' id='word_1_266' title='bbox 314 2336 346 2366; x_wconf 87' lang='lat'>6.</span> <span class='ocrx_word' id='word_1_267' title='bbox 362 2338 455 2366; x_wconf 80' lang='lat' dir='ltr'>Felix</span> <span class='ocrx_word' id='word_1_268' title='bbox 471 2339 606 2375; x_wconf 86' lang='lat' dir='ltr'>proinde</span> <span class='ocrx_word' id='word_1_269' title='bbox 628 2339 661 2369; x_wconf 91' lang='lat' dir='ltr'>in</span> <span class='ocrx_word' id='word_1_270' title='bbox 682 2348 738 2370; x_wconf 86' lang='lat' dir='ltr'>sua</span> <span class='ocrx_word' id='word_1_271' title='bbox 762 2339 975 2371; x_wconf 85' lang='lat' dir='ltr'>universitate</span> 
     </span>
     <span class='ocr_line' id='line_1_48' title="bbox 274 2382 977 2425; baseline 0.009 -14"><span class='ocrx_word' id='word_1_272' title='bbox 274 2382 417 2412; x_wconf 80' lang='lat' dir='ltr'>Ecclesia</span> <span class='ocrx_word' id='word_1_273' title='bbox 430 2403 440 2419; x_wconf 96' lang='lat'>,</span> <span class='ocrx_word' id='word_1_274' title='bbox 468 2383 561 2420; x_wconf 86' lang='lat' dir='ltr'>cujus</span> <span class='ocrx_word' id='word_1_275' title='bbox 581 2385 685 2415; x_wconf 90' lang='lat' dir='ltr'>omnis</span> <span class='ocrx_word' id='word_1_276' title='bbox 701 2387 850 2424; x_wconf 79' lang='lat' dir='ltr'>gloriatio</span> <span class='ocrx_word' id='word_1_277' title='bbox 872 2387 977 2425; x_wconf 84' lang='lat' dir='ltr'>impar</span> 
     </span>
     <span class='ocr_line' id='line_1_49' title="bbox 274 2428 975 2471; baseline 0.01 -15"><span class='ocrx_word' id='word_1_278' title='bbox 274 2428 325 2457; x_wconf 84' lang='lat' dir='ltr'>est</span> <span class='ocrx_word' id='word_1_279' title='bbox 343 2435 460 2466; x_wconf 81' lang='lat' dir='ltr'>causae,</span> <span class='ocrx_word' id='word_1_280' title='bbox 474 2436 540 2458; x_wconf 85' lang='lat' dir='ltr'>non</span> <span class='ocrx_word' id='word_1_281' title='bbox 554 2436 611 2466; x_wconf 85' lang='lat' dir='ltr'>pro</span> <span class='ocrx_word' id='word_1_282' title='bbox 623 2429 675 2459; x_wconf 85' lang='lat' dir='ltr'>his</span> <span class='ocrx_word' id='word_1_283' title='bbox 689 2431 816 2461; x_wconf 85' lang='lat' dir='ltr'>tantum</span> <span class='ocrx_word' id='word_1_284' title='bbox 831 2441 903 2471; x_wconf 85' lang='lat' dir='ltr'>quae</span> <span class='ocrx_word' id='word_1_285' title='bbox 926 2432 975 2462; x_wconf 92' lang='lat' dir='ltr'>illi</span> 
     </span>
     <span class='ocr_line' id='line_1_50' title="bbox 272 2472 976 2516; baseline 0.01 -15"><span class='ocrx_word' id='word_1_286' title='bbox 272 2472 341 2509; x_wconf 70' lang='lat' dir='ltr'>Jam</span> <span class='ocrx_word' id='word_1_287' title='bbox 369 2472 454 2502; x_wconf 82' lang='lat' dir='ltr'>facta</span> <span class='ocrx_word' id='word_1_288' title='bbox 481 2473 576 2510; x_wconf 87' lang='lat' dir='ltr'>sunt,</span> <span class='ocrx_word' id='word_1_289' title='bbox 602 2474 660 2503; x_wconf 87' lang='lat' dir='ltr'>sed</span> <span class='ocrx_word' id='word_1_290' title='bbox 686 2483 745 2512; x_wconf 89' lang='lat' dir='ltr'>pro</span> <span class='ocrx_word' id='word_1_291' title='bbox 772 2477 824 2506; x_wconf 88' lang='lat' dir='ltr'>his</span> <span class='ocrx_word' id='word_1_292' title='bbox 848 2486 976 2516; x_wconf 88' lang='lat' dir='ltr'>quoque</span> 
     </span>
     <span class='ocr_line' id='line_1_51' title="bbox 273 2518 977 2557; baseline 0.009 -10"><span class='ocrx_word' id='word_1_293' title='bbox 273 2526 347 2555; x_wconf 86' lang='lat' dir='ltr'>quae</span> <span class='ocrx_word' id='word_1_294' title='bbox 361 2518 402 2548; x_wconf 88' lang='lat' dir='ltr'>de</span> <span class='ocrx_word' id='word_1_295' title='bbox 417 2518 473 2548; x_wconf 90' lang='lat' dir='ltr'>illa</span> <span class='ocrx_word' id='word_1_296' title='bbox 483 2518 590 2548; x_wconf 86' lang='lat' dir='ltr'>adhuc</span> <span class='ocrx_word' id='word_1_297' title='bbox 604 2521 732 2557; x_wconf 87' lang='lat' dir='ltr'>oportet</span> <span class='ocrx_word' id='word_1_298' title='bbox 753 2521 835 2551; x_wconf 74' lang='lat' dir='ltr'>[ieri.</span> <span class='ocrx_word' id='word_1_299' title='bbox 848 2523 926 2552; x_wconf 85' lang='lat' dir='ltr'>Nam</span> <span class='ocrx_word' id='word_1_300' title='bbox 943 2524 977 2553; x_wconf 88' lang='lat' dir='ltr'>et</span> 
     </span>
     <span class='ocr_line' id='line_1_52' title="bbox 275 2563 976 2605; baseline 0.009 -13"><span class='ocrx_word' id='word_1_301' title='bbox 275 2564 315 2593; x_wconf 86' lang='lat' dir='ltr'>de</span> <span class='ocrx_word' id='word_1_302' title='bbox 330 2564 457 2593; x_wconf 83' lang='lat' dir='ltr'>meritis</span> <span class='ocrx_word' id='word_1_303' title='bbox 470 2563 547 2603; x_wconf 85' lang='lat' dir='ltr'>quid</span> <span class='ocrx_word' id='word_1_304' title='bbox 558 2564 697 2595; x_wconf 85' lang='lat' dir='ltr'>sollicita</span> <span class='ocrx_word' id='word_1_305' title='bbox 711 2565 764 2603; x_wconf 87' lang='lat' dir='ltr'>sit,</span> <span class='ocrx_word' id='word_1_306' title='bbox 780 2567 832 2596; x_wconf 86' lang='lat' dir='ltr'>cui</span> <span class='ocrx_word' id='word_1_307' title='bbox 847 2567 888 2597; x_wconf 89' lang='lat' dir='ltr'>de</span> <span class='ocrx_word' id='word_1_308' title='bbox 901 2577 976 2605; x_wconf 89' lang='lat' dir='ltr'>pro-</span> 
     </span>
     <span class='ocr_line' id='line_1_53' title="bbox 276 2609 974 2651; baseline 0.009 -13"><span class='ocrx_word' id='word_1_309' title='bbox 276 2609 380 2646; x_wconf 83' lang='lat' dir='ltr'>posito</span> <span class='ocrx_word' id='word_1_310' title='bbox 394 2609 456 2640; x_wconf 89' lang='lat' dir='ltr'>Dei</span> <span class='ocrx_word' id='word_1_311' title='bbox 470 2610 593 2640; x_wconf 88' lang='lat' dir='ltr'>firmior</span> <span class='ocrx_word' id='word_1_312' title='bbox 604 2611 749 2650; x_wconf 85' lang='lat' dir='ltr'>suppetit</span> <span class='ocrx_word' id='word_1_313' title='bbox 765 2613 974 2651; x_wconf 84' lang='lat' dir='ltr'>securiorque</span> 
     </span>
     <span class='ocr_line' id='line_1_54' title="bbox 277 2654 972 2696; baseline 0.007 -13"><span class='ocrx_word' id='word_1_314' title='bbox 277 2654 435 2695; x_wconf 59' lang='lat' dir='ltr'>gloriandi</span> <span class='ocrx_word' id='word_1_315' title='bbox 463 2655 570 2686; x_wconf 73' lang='lat' dir='ltr'>ratio?</span> <span class='ocrx_word' id='word_1_316' title='bbox 589 2656 655 2686; x_wconf 81' lang='lat' dir='ltr'>Non</span> <span class='ocrx_word' id='word_1_317' title='bbox 689 2658 796 2696; x_wconf 79' lang='lat' dir='ltr'>potest</span> <span class='ocrx_word' id='word_1_318' title='bbox 832 2659 972 2696; x_wconf 59' lang='lat' dir='ltr'>seipsum</span> 
     </span>
    </p>
   </div>
   <div class='ocr_carea' id='block_1_2' title="bbox 747 236 1256 264">
    <p class='ocr_par' dir='ltr' id='par_1_4' title="bbox 747 236 1256 264">
     <span class='ocr_line' id='line_1_55' title="bbox 747 236 1256 264; baseline 0.002 -1"><span class='ocrx_word' id='word_1_319' title='bbox 747 237 776 263; x_wconf 85' lang='lat' dir='ltr'>S.</span> <span class='ocrx_word' id='word_1_320' title='bbox 807 236 1041 263; x_wconf 58' lang='lat' dir='ltr'>BERNARDI</span> <span class='ocrx_word' id='word_1_321' title='bbox 1067 237 1256 264; x_wconf 63' lang='lat' dir='ltr'>AnssATis</span> 
     </span>
    </p>
   </div>
   <div class='ocr_carea' id='block_1_3' title="bbox 1008 289 1715 2196">
    <p class='ocr_par' dir='ltr' id='par_1_5' title="bbox 1008 289 1715 1966">
     <span class='ocr_line' id='line_1_56' title="bbox 1010 289 1706 330; baseline 0.009 -14"><span class='ocrx_word' id='word_1_322' title='bbox 1010 295 1128 326; x_wconf 83' lang='lat' dir='ltr'>negare</span> <span class='ocrx_word' id='word_1_323' title='bbox 1155 289 1263 327; x_wconf 86' lang='lat' dir='ltr'>Deus,</span> <span class='ocrx_word' id='word_1_324' title='bbox 1288 297 1393 329; x_wconf 81' lang='lat' dir='ltr'>neque</span> <span class='ocrx_word' id='word_1_325' title='bbox 1417 299 1479 321; x_wconf 88' lang='lat' dir='ltr'>non</span> <span class='ocrx_word' id='word_1_326' title='bbox 1505 291 1611 322; x_wconf 81' lang='lat' dir='ltr'>facere</span> <span class='ocrx_word' id='word_1_327' title='bbox 1635 301 1706 330; x_wconf 74' lang='lat' dir='ltr'>quae</span> 
     </span>
     <span class='ocr_line' id='line_1_57' title="bbox 1008 331 1707 375; baseline 0.01 -14"><span class='ocrx_word' id='word_1_328' title='bbox 1008 331 1074 368; x_wconf 83' lang='lat' dir='ltr'>jam</span> <span class='ocrx_word' id='word_1_329' title='bbox 1088 332 1178 372; x_wconf 83' lang='lat' dir='ltr'>fecit,</span> <span class='ocrx_word' id='word_1_330' title='bbox 1189 334 1227 364; x_wconf 90' lang='lat' dir='ltr'>ut</span> <span class='ocrx_word' id='word_1_331' title='bbox 1242 335 1394 373; x_wconf 84' lang='lat' dir='ltr'>scriptum</span> <span class='ocrx_word' id='word_1_332' title='bbox 1407 336 1467 375; x_wconf 82' lang='lat' dir='ltr'>est,</span> <span class='ocrx_word' id='word_1_333' title='bbox 1479 336 1534 375; x_wconf 84' lang='lat' dir='ltr'>qui</span> <span class='ocrx_word' id='word_1_334' title='bbox 1547 337 1624 367; x_wconf 83' lang='lat' dir='ltr'>fecit</span> <span class='ocrx_word' id='word_1_335' title='bbox 1636 345 1707 375; x_wconf 77' lang='lat' dir='ltr'>quae</span> 
     </span>
     <span class='ocr_line' id='line_1_58' title="bbox 1009 377 1707 420; baseline 0.009 -13"><span class='ocrx_word' id='word_1_336' title='bbox 1009 377 1119 408; x_wconf 86' lang='lat' dir='ltr'>futura</span> <span class='ocrx_word' id='word_1_337' title='bbox 1134 379 1220 409; x_wconf 80' lang='lat' dir='ltr'>sunt.</span> <span class='ocrx_word' id='word_1_338' title='bbox 1234 380 1363 418; x_wconf 78' lang='lat' dir='ltr'>Faciet,</span> <span class='ocrx_word' id='word_1_339' title='bbox 1377 381 1476 413; x_wconf 85' lang='lat' dir='ltr'>faciet</span> <span class='ocrx_word' id='word_1_340' title='bbox 1487 404 1497 420; x_wconf 93' lang='lat'>,</span> <span class='ocrx_word' id='word_1_341' title='bbox 1512 390 1573 412; x_wconf 91' lang='lat' dir='ltr'>nec</span> <span class='ocrx_word' id='word_1_342' title='bbox 1601 382 1707 413; x_wconf 86' lang='lat' dir='ltr'>deerit</span> 
     </span>
     <span class='ocr_line' id='line_1_59' title="bbox 1010 425 1709 466; baseline 0.007 -13"><span class='ocrx_word' id='word_1_343' title='bbox 1010 432 1066 454; x_wconf 89' lang='lat' dir='ltr'>suo</span> <span class='ocrx_word' id='word_1_344' title='bbox 1080 425 1245 463; x_wconf 87' lang='lat' dir='ltr'>proposito</span> <span class='ocrx_word' id='word_1_345' title='bbox 1269 426 1366 456; x_wconf 87' lang='lat' dir='ltr'>Deus.</span> <span class='ocrx_word' id='word_1_346' title='bbox 1392 426 1445 457; x_wconf 83' lang='lat' dir='ltr'>Sic</span> <span class='ocrx_word' id='word_1_347' title='bbox 1467 436 1532 457; x_wconf 90' lang='lat' dir='ltr'>non</span> <span class='ocrx_word' id='word_1_348' title='bbox 1553 428 1602 458; x_wconf 86' lang='lat' dir='ltr'>est</span> <span class='ocrx_word' id='word_1_349' title='bbox 1622 428 1709 466; x_wconf 86' lang='lat' dir='ltr'>quod</span> 
     </span>
     <span class='ocr_line' id='line_1_60' title="bbox 1008 470 1709 511; baseline 0.007 -13"><span class='ocrx_word' id='word_1_350' title='bbox 1008 470 1075 506; x_wconf 85' lang='lat' dir='ltr'>jain</span> <span class='ocrx_word' id='word_1_351' title='bbox 1090 478 1234 509; x_wconf 76' lang='lat' dir='ltr'>quaeras,</span> <span class='ocrx_word' id='word_1_352' title='bbox 1248 470 1368 509; x_wconf 89' lang='lat' dir='ltr'>quibus</span> <span class='ocrx_word' id='word_1_353' title='bbox 1389 473 1515 503; x_wconf 88' lang='lat' dir='ltr'>meritis</span> <span class='ocrx_word' id='word_1_354' title='bbox 1541 481 1709 511; x_wconf 85' lang='lat' dir='ltr'>speremus</span> 
     </span>
     <span class='ocr_line' id='line_1_61' title="bbox 1011 515 1710 557; baseline 0.007 -13"><span class='ocrx_word' id='word_1_355' title='bbox 1011 515 1093 545; x_wconf 85' lang='lat' dir='ltr'>bona</span> <span class='ocrx_word' id='word_1_356' title='bbox 1104 537 1114 553; x_wconf 88' lang='lat'>,</span> <span class='ocrx_word' id='word_1_357' title='bbox 1130 516 1310 554; x_wconf 77' lang='lat' dir='ltr'>praesertim</span> <span class='ocrx_word' id='word_1_358' title='bbox 1322 524 1395 547; x_wconf 89' lang='lat' dir='ltr'>cum</span> <span class='ocrx_word' id='word_1_359' title='bbox 1410 518 1521 548; x_wconf 86' lang='lat' dir='ltr'>audias</span> <span class='ocrx_word' id='word_1_360' title='bbox 1537 519 1623 557; x_wconf 89' lang='lat' dir='ltr'>apud</span> <span class='ocrx_word' id='word_1_361' title='bbox 1633 520 1710 549; x_wconf 90' lang='lat' dir='ltr'>Pro-</span> 
     </span>
     <span class='ocr_line' id='line_1_62' title="bbox 1010 560 1712 603; baseline 0.009 -14"><span class='ocrx_word' id='word_1_362' title='bbox 1010 560 1143 598; x_wconf 89' lang='lat' dir='ltr'>phetam</span> <span class='ocrx_word' id='word_1_363' title='bbox 1159 570 1167 589; x_wconf 73' lang='grc' dir='ltr'><em>τ</em></span> <span class='ocrx_word' id='word_1_364' title='bbox 1184 563 1255 592; x_wconf 82' lang='lat' dir='ltr'>Non</span> <span class='ocrx_word' id='word_1_365' title='bbox 1278 565 1402 601; x_wconf 77' lang='lat' dir='ltr'>propter</span> <span class='ocrx_word' id='word_1_366' title='bbox 1425 572 1479 594; x_wconf 79' lang='lat' dir='ltr'>vos</span> <span class='ocrx_word' id='word_1_367' title='bbox 1490 585 1501 600; x_wconf 90' lang='lat'>,</span> <span class='ocrx_word' id='word_1_368' title='bbox 1515 565 1566 594; x_wconf 69' lang='lat' dir='ltr'>&#39;sed</span> <span class='ocrx_word' id='word_1_369' title='bbox 1586 566 1712 603; x_wconf 80' lang='lat' dir='ltr'>propter</span> 
     </span>
     <span class='ocr_line' id='line_1_63' title="bbox 1010 607 1712 645; baseline 0.006 -10"><span class='ocrx_word' id='word_1_370' title='bbox 1010 615 1058 636; x_wconf 82' lang='lat' dir='ltr'>mc</span> <span class='ocrx_word' id='word_1_371' title='bbox 1069 616 1122 645; x_wconf 73' lang='lat' dir='ltr'>eqo</span> <span class='ocrx_word' id='word_1_372' title='bbox 1136 607 1270 645; x_wconf 78' lang='lat' dir='ltr'>faciam,</span> <span class='ocrx_word' id='word_1_373' title='bbox 1286 610 1358 638; x_wconf 79' lang='lat' dir='ltr'>di&#39;cz&#39;t</span> <span class='ocrx_word' id='word_1_374' title='bbox 1376 610 1540 639; x_wconf 78' lang='lat' dir='ltr'>Dominus.</span> <span class='ocrx_word' id='word_1_375' title='bbox 1555 609 1712 641; x_wconf 70' lang='lat' dir='ltr'>SUFFlcl’r</span> 
     </span>
     <span class='ocr_line' id='line_1_64' title="bbox 1010 653 1712 692; baseline 0.006 -11"><span class='ocrx_word' id='word_1_376' title='bbox 1010 658 1056 681; x_wconf 79' lang='lat' dir='ltr'>An</span> <span class='ocrx_word' id='word_1_377' title='bbox 1071 660 1237 683; x_wconf 75' lang='lat' dir='ltr'><strong>MERITUM</strong></span> <span class='ocrx_word' id='word_1_378' title='bbox 1249 654 1331 684; x_wconf 85' lang='lat' dir='ltr'>scire</span> <span class='ocrx_word' id='word_1_379' title='bbox 1341 676 1350 692; x_wconf 93' lang='lat'>,</span> <span class='ocrx_word' id='word_1_380' title='bbox 1366 654 1452 692; x_wconf 86' lang='lat' dir='ltr'>quod</span> <span class='ocrx_word' id='word_1_381' title='bbox 1465 662 1529 684; x_wconf 91' lang='lat' dir='ltr'>non</span> <span class='ocrx_word' id='word_1_382' title='bbox 1551 653 1712 686; x_wconf 83' lang='lat' dir='ltr'>sufficiant</span> 
     </span>
     <span class='ocr_line' id='line_1_65' title="bbox 1010 692 1712 740; baseline 0.007 -14"><span class='ocrx_word' id='word_1_383' title='bbox 1010 698 1138 728; x_wconf 88' lang='lat' dir='ltr'>merita.</span> <span class='ocrx_word' id='word_1_384' title='bbox 1162 698 1225 729; x_wconf 87' lang='lat' dir='ltr'>Sed</span> <span class='ocrx_word' id='word_1_385' title='bbox 1244 692 1287 730; x_wconf 60' lang='grc' dir='ltr'>ὦ·</span> <span class='ocrx_word' id='word_1_386' title='bbox 1301 707 1348 730; x_wconf 82' lang='lat' dir='ltr'>AD</span> <span class='ocrx_word' id='word_1_387' title='bbox 1373 708 1538 731; x_wconf 76' lang='lat' dir='ltr'>mnmrum</span> <span class='ocrx_word' id='word_1_388' title='bbox 1553 700 1628 731; x_wconf 87' lang='lat' dir='ltr'>satis</span> <span class='ocrx_word' id='word_1_389' title='bbox 1641 701 1712 740; x_wconf 89' lang='lat' dir='ltr'>est,</span> 
     </span>
     <span class='ocr_line' id='line_1_66' title="bbox 1011 744 1711 784; baseline 0.004 -11"><span class='ocrx_word' id='word_1_390' title='bbox 1011 744 1050 774; x_wconf 87' lang='lat' dir='ltr'>de</span> <span class='ocrx_word' id='word_1_391' title='bbox 1072 745 1201 775; x_wconf 88' lang='lat' dir='ltr'>meritis</span> <span class='ocrx_word' id='word_1_392' title='bbox 1220 753 1285 776; x_wconf 88' lang='lat' dir='ltr'>non</span> <span class='ocrx_word' id='word_1_393' title='bbox 1303 754 1500 784; x_wconf 83' lang='lat' dir='ltr'>praesumere</span> <span class='ocrx_word' id='word_1_394' title='bbox 1515 754 1525 775; x_wconf 71' lang='grc' dir='ltr'><strong><em>ε</em></strong></span> <span class='ocrx_word' id='word_1_395' title='bbox 1539 746 1585 777; x_wconf 89' lang='lat' dir='ltr'>sic</span> <span class='ocrx_word' id='word_1_396' title='bbox 1600 754 1711 777; x_wconf 89' lang='lat' dir='ltr'>carere</span> 
     </span>
     <span class='ocr_line' id='line_1_67' title="bbox 1010 790 1714 829; baseline 0.004 -10"><span class='ocrx_word' id='word_1_397' title='bbox 1010 790 1160 828; x_wconf 83' lang='lat' dir='ltr'>meritis,</span> <span class='ocrx_word' id='word_1_398' title='bbox 1184 792 1263 821; x_wconf 82' lang='lat' dir='ltr'>satis</span> <span class='ocrx_word' id='word_1_399' title='bbox 1288 792 1328 821; x_wconf 90' lang='lat' dir='ltr'>ad</span> <span class='ocrx_word' id='word_1_400' title='bbox 1353 791 1513 829; x_wconf 83' lang='lat' dir='ltr'>judicium</span> <span class='ocrx_word' id='word_1_401' title='bbox 1530 792 1589 822; x_wconf 88' lang='lat' dir='ltr'>est.</span> <span class='ocrx_word' id='word_1_402' title='bbox 1615 792 1714 823; x_wconf 88' lang='lat' dir='ltr'>Porro</span> 
     </span>
     <span class='ocr_line' id='line_1_68' title="bbox 1011 834 1712 868; baseline 0.007 -5"><span class='ocrx_word' id='word_1_403' title='bbox 1011 834 1185 865; x_wconf 83' lang='lat' dir='ltr'>infantium</span> <span class='ocrx_word' id='word_1_404' title='bbox 1206 837 1394 867; x_wconf 87' lang='lat' dir='ltr'>renatorum</span> <span class='ocrx_word' id='word_1_405' title='bbox 1413 836 1579 867; x_wconf 88' lang='lat' dir='ltr'>neminem</span> <span class='ocrx_word' id='word_1_406' title='bbox 1601 844 1712 868; x_wconf 85' lang='lat' dir='ltr'>carere</span> 
     </span>
     <span class='ocr_line' id='line_1_69' title="bbox 1010 880 1713 920; baseline 0.003 -10"><span class='ocrx_word' id='word_1_407' title='bbox 1010 880 1149 919; x_wconf 87' lang='lat' dir='ltr'>meritis,</span> <span class='ocrx_word' id='word_1_408' title='bbox 1162 881 1219 912; x_wconf 88' lang='lat' dir='ltr'>sed</span> <span class='ocrx_word' id='word_1_409' title='bbox 1232 882 1348 912; x_wconf 86' lang='lat' dir='ltr'>Christi</span> <span class='ocrx_word' id='word_1_410' title='bbox 1359 882 1479 912; x_wconf 85' lang='lat' dir='ltr'>habere</span> <span class='ocrx_word' id='word_1_411' title='bbox 1489 882 1617 912; x_wconf 88' lang='lat' dir='ltr'>merita.</span> <span class='ocrx_word' id='word_1_412' title='bbox 1632 882 1713 920; x_wconf 86' lang='lat' dir='ltr'>Qui-</span> 
     </span>
     <span class='ocr_line' id='line_1_70' title="bbox 1011 925 1711 966; baseline 0.006 -12"><span class='ocrx_word' id='word_1_413' title='bbox 1011 925 1071 955; x_wconf 90' lang='lat' dir='ltr'>bus</span> <span class='ocrx_word' id='word_1_414' title='bbox 1085 933 1119 955; x_wconf 89' lang='lat' dir='ltr'>se</span> <span class='ocrx_word' id='word_1_415' title='bbox 1135 927 1246 956; x_wconf 86' lang='lat' dir='ltr'>tamen</span> <span class='ocrx_word' id='word_1_416' title='bbox 1266 926 1416 965; x_wconf 78' lang='lat' dir='ltr'>indignos</span> <span class='ocrx_word' id='word_1_417' title='bbox 1434 927 1595 966; x_wconf 87' lang='lat' dir='ltr'>reddunt,</span> <span class='ocrx_word' id='word_1_418' title='bbox 1613 927 1639 957; x_wconf 87' lang='lat' dir='ltr'>si</span> <span class='ocrx_word' id='word_1_419' title='bbox 1655 936 1711 958; x_wconf 87' lang='lat' dir='ltr'>sua</span> 
     </span>
     <span class='ocr_line' id='line_1_71' title="bbox 1009 971 1713 1010; baseline 0.006 -11"><span class='ocrx_word' id='word_1_420' title='bbox 1009 971 1145 1009; x_wconf 77' lang='lat' dir='ltr'>jungere</span> <span class='ocrx_word' id='word_1_421' title='bbox 1162 980 1228 1002; x_wconf 94' lang='lat' dir='ltr'>non</span> <span class='ocrx_word' id='word_1_422' title='bbox 1248 972 1479 1010; x_wconf 73' lang='lat' dir='ltr'>nequiverint,</span> <span class='ocrx_word' id='word_1_423' title='bbox 1491 973 1547 1002; x_wconf 87' lang='lat' dir='ltr'>sed</span> <span class='ocrx_word' id='word_1_424' title='bbox 1560 973 1713 1010; x_wconf 82' lang='lat' dir='ltr'>neglexe-</span> 
     </span>
     <span class='ocr_line' id='line_1_72' title="bbox 1010 1017 1714 1056; baseline 0.004 -10"><span class='ocrx_word' id='word_1_425' title='bbox 1010 1017 1087 1046; x_wconf 91' lang='lat' dir='ltr'>rint.</span> <span class='ocrx_word' id='word_1_426' title='bbox 1097 1017 1188 1054; x_wconf 85' lang='lat' dir='ltr'>Quod</span> <span class='ocrx_word' id='word_1_427' title='bbox 1196 1017 1326 1056; x_wconf 88' lang='lat' dir='ltr'>quidem</span> <span class='ocrx_word' id='word_1_428' title='bbox 1333 1017 1513 1056; x_wconf 88' lang='lat' dir='ltr'>periculum</span> <span class='ocrx_word' id='word_1_429' title='bbox 1521 1017 1587 1054; x_wconf 82' lang='lat' dir='ltr'>jam</span> <span class='ocrx_word' id='word_1_430' title='bbox 1595 1018 1714 1050; x_wconf 65' lang='lat' dir='ltr'>adulta}</span> 
     </span>
     <span class='ocr_line' id='line_1_73' title="bbox 1011 1063 1714 1102; baseline 0.001 -9"><span class='ocrx_word' id='word_1_431' title='bbox 1011 1063 1115 1093; x_wconf 84' lang='lat' dir='ltr'>aetatis</span> <span class='ocrx_word' id='word_1_432' title='bbox 1132 1063 1192 1093; x_wconf 86' lang='lat' dir='ltr'>est.</span> <span class='ocrx_word' id='word_1_433' title='bbox 1215 1065 1351 1094; x_wconf 81' lang='lat' dir='ltr'>MERITA</span> <span class='ocrx_word' id='word_1_434' title='bbox 1368 1063 1506 1102; x_wconf 85' lang='lat' dir='ltr'>proinde</span> <span class='ocrx_word' id='word_1_435' title='bbox 1522 1063 1644 1094; x_wconf 88' lang='lat' dir='ltr'>habere</span> <span class='ocrx_word' id='word_1_436' title='bbox 1656 1072 1714 1094; x_wconf 89' lang='lat' dir='ltr'>cu-</span> 
     </span>
     <span class='ocr_line' id='line_1_74' title="bbox 1011 1109 1714 1149; baseline 0.003 -11"><span class='ocrx_word' id='word_1_437' title='bbox 1011 1116 1080 1147; x_wconf 84' lang='lat' dir='ltr'>res3</span> <span class='ocrx_word' id='word_1_438' title='bbox 1098 1109 1222 1147; x_wconf 86' lang='lat' dir='ltr'>habita,</span> <span class='ocrx_word' id='word_1_439' title='bbox 1238 1109 1311 1139; x_wconf 85' lang='lat' dir='ltr'>data</span> <span class='ocrx_word' id='word_1_440' title='bbox 1326 1110 1474 1147; x_wconf 77' lang='lat' dir='ltr'>noveris3</span> <span class='ocrx_word' id='word_1_441' title='bbox 1485 1109 1625 1140; x_wconf 84' lang='lat' dir='ltr'>fructum</span> <span class='ocrx_word' id='word_1_442' title='bbox 1640 1118 1714 1149; x_wconf 89' lang='lat' dir='ltr'>spe-</span> 
     </span>
     <span class='ocr_line' id='line_1_75' title="bbox 1012 1155 1712 1193; baseline 0.001 -9"><span class='ocrx_word' id='word_1_443' title='bbox 1012 1155 1152 1193; x_wconf 83' lang='lat' dir='ltr'>raveris,</span> <span class='ocrx_word' id='word_1_444' title='bbox 1177 1155 1238 1185; x_wconf 89' lang='lat' dir='ltr'>Dei</span> <span class='ocrx_word' id='word_1_445' title='bbox 1260 1155 1542 1185; x_wconf 89' lang='lat' dir='ltr'>misericordiam:</span> <span class='ocrx_word' id='word_1_446' title='bbox 1560 1155 1595 1185; x_wconf 88' lang='lat' dir='ltr'>et</span> <span class='ocrx_word' id='word_1_447' title='bbox 1617 1163 1712 1186; x_wconf 90' lang='lat' dir='ltr'>omne</span> 
     </span>
     <span class='ocr_line' id='line_1_76' title="bbox 1011 1200 1714 1240; baseline 0.004 -11"><span class='ocrx_word' id='word_1_448' title='bbox 1011 1201 1193 1238; x_wconf 87' lang='lat' dir='ltr'>periculum</span> <span class='ocrx_word' id='word_1_449' title='bbox 1209 1200 1340 1232; x_wconf 85' lang='lat' dir='ltr'>evasisti</span> <span class='ocrx_word' id='word_1_450' title='bbox 1350 1201 1551 1240; x_wconf 86' lang='lat' dir='ltr'>paupertatis</span> <span class='ocrx_word' id='word_1_451' title='bbox 1560 1223 1569 1239; x_wconf 96' lang='lat'>,</span> <span class='ocrx_word' id='word_1_452' title='bbox 1582 1201 1714 1240; x_wconf 79' lang='lat' dir='ltr'>ingrati-</span> 
     </span>
     <span class='ocr_line' id='line_1_77' title="bbox 1012 1245 1713 1286; baseline 0.003 -11"><span class='ocrx_word' id='word_1_453' title='bbox 1012 1245 1146 1285; x_wconf 82' lang='lat' dir='ltr'>tudinis,</span> <span class='ocrx_word' id='word_1_454' title='bbox 1158 1247 1430 1286; x_wconf 77' lang='lat' dir='ltr'>praesumptionis.</span> <span class='ocrx_word' id='word_1_455' title='bbox 1442 1247 1625 1278; x_wconf 82' lang='lat' dir='ltr'>Perniciosa</span> <span class='ocrx_word' id='word_1_456' title='bbox 1636 1255 1713 1286; x_wconf 90' lang='lat' dir='ltr'>pau-</span> 
     </span>
     <span class='ocr_line' id='line_1_78' title="bbox 1012 1291 1714 1331; baseline 0.003 -11"><span class='ocrx_word' id='word_1_457' title='bbox 1012 1293 1140 1329; x_wconf 82' lang='lat' dir='ltr'>pertas,</span> <span class='ocrx_word' id='word_1_458' title='bbox 1156 1291 1294 1330; x_wconf 89' lang='lat' dir='ltr'>penuria</span> <span class='ocrx_word' id='word_1_459' title='bbox 1309 1293 1519 1323; x_wconf 85' lang='lat' dir='ltr'>meritorum:</span> <span class='ocrx_word' id='word_1_460' title='bbox 1537 1301 1714 1331; x_wconf 65' lang='lat' dir='ltr'>prtesump-</span> 
     </span>
     <span class='ocr_line' id='line_1_79' title="bbox 1013 1336 1714 1376; baseline 0.001 -10"><span class='ocrx_word' id='word_1_461' title='bbox 1013 1336 1058 1366; x_wconf 85' lang='lat' dir='ltr'>tio</span> <span class='ocrx_word' id='word_1_462' title='bbox 1071 1338 1180 1367; x_wconf 88' lang='lat' dir='ltr'>autem</span> <span class='ocrx_word' id='word_1_463' title='bbox 1196 1338 1350 1376; x_wconf 90' lang='lat' dir='ltr'>spiritus,</span> <span class='ocrx_word' id='word_1_464' title='bbox 1365 1337 1498 1368; x_wconf 85' lang='lat' dir='ltr'>fallaces</span> <span class='ocrx_word' id='word_1_465' title='bbox 1517 1338 1654 1369; x_wconf 82' lang='lat' dir='ltr'>divitiae.</span> <span class='ocrx_word' id='word_1_466' title='bbox 1676 1339 1714 1368; x_wconf 89' lang='lat' dir='ltr'>Et</span> 
     </span>
     <span class='ocr_line' id='line_1_80' title="bbox 1013 1382 1714 1422; baseline 0.004 -11"><span class='ocrx_word' id='word_1_467' title='bbox 1013 1382 1087 1412; x_wconf 88' lang='lat' dir='ltr'>ideo</span> <span class='ocrx_word' id='word_1_468' title='bbox 1101 1383 1234 1413; x_wconf 82' lang='lat' dir='ltr'>divitias</span> <span class='ocrx_word' id='word_1_469' title='bbox 1251 1384 1285 1414; x_wconf 87' lang='lat' dir='ltr'>et</span> <span class='ocrx_word' id='word_1_470' title='bbox 1295 1385 1504 1422; x_wconf 86' lang='lat' dir='ltr'>paupertates</span> <span class='ocrx_word' id='word_1_471' title='bbox 1523 1391 1565 1414; x_wconf 91' lang='lat' dir='ltr'>ne</span> <span class='ocrx_word' id='word_1_472' title='bbox 1586 1384 1714 1414; x_wconf 88' lang='lat' dir='ltr'>dederis</span> 
     </span>
     <span class='ocr_line' id='line_1_81' title="bbox 1013 1428 1715 1468; baseline 0.003 -11"><span class='ocrx_word' id='word_1_473' title='bbox 1013 1428 1094 1457; x_wconf 88' lang='lat' dir='ltr'>mihi</span> <span class='ocrx_word' id='word_1_474' title='bbox 1110 1428 1261 1467; x_wconf 87' lang='lat' dir='ltr'>Domine,</span> <span class='ocrx_word' id='word_1_475' title='bbox 1277 1429 1323 1459; x_wconf 88' lang='lat' dir='ltr'>ait</span> <span class='ocrx_word' id='word_1_476' title='bbox 1336 1430 1482 1468; x_wconf 87' lang='lat' dir='ltr'>Sapiens.</span> <span class='ocrx_word' id='word_1_477' title='bbox 1495 1429 1589 1459; x_wconf 83' lang='lat' dir='ltr'>Felix</span> <span class='ocrx_word' id='word_1_478' title='bbox 1602 1429 1715 1459; x_wconf 90' lang='lat' dir='ltr'>Eccle-</span> 
     </span>
     <span class='ocr_line' id='line_1_82' title="bbox 1012 1473 1713 1514; baseline 0.004 -12"><span class='ocrx_word' id='word_1_479' title='bbox 1012 1473 1059 1503; x_wconf 87' lang='lat' dir='ltr'>sia</span> <span class='ocrx_word' id='word_1_480' title='bbox 1069 1495 1078 1511; x_wconf 93' lang='lat'>,</span> <span class='ocrx_word' id='word_1_481' title='bbox 1093 1473 1146 1503; x_wconf 91' lang='lat' dir='ltr'>cui</span> <span class='ocrx_word' id='word_1_482' title='bbox 1158 1482 1219 1504; x_wconf 90' lang='lat' dir='ltr'>nec</span> <span class='ocrx_word' id='word_1_483' title='bbox 1233 1475 1349 1504; x_wconf 91' lang='lat' dir='ltr'>merita</span> <span class='ocrx_word' id='word_1_484' title='bbox 1364 1475 1434 1505; x_wconf 84' lang='lat' dir='ltr'>siue</span> <span class='ocrx_word' id='word_1_485' title='bbox 1450 1475 1713 1514; x_wconf 82' lang='lat' dir='ltr'>praesumptione,</span> 
     </span>
     <span class='ocr_line' id='line_1_83' title="bbox 1011 1520 1712 1560; baseline 0.006 -13"><span class='ocrx_word' id='word_1_486' title='bbox 1011 1526 1073 1548; x_wconf 87' lang='lat' dir='ltr'>nec</span> <span class='ocrx_word' id='word_1_487' title='bbox 1087 1520 1297 1558; x_wconf 85' lang='lat' dir='ltr'>praesumptio</span> <span class='ocrx_word' id='word_1_488' title='bbox 1318 1521 1439 1558; x_wconf 88' lang='lat' dir='ltr'>absque</span> <span class='ocrx_word' id='word_1_489' title='bbox 1460 1521 1588 1560; x_wconf 84' lang='lat' dir='ltr'>meritis</span> <span class='ocrx_word' id='word_1_490' title='bbox 1610 1521 1712 1551; x_wconf 86' lang='lat' dir='ltr'>deest.</span> 
     </span>
     <span class='ocr_line' id='line_1_84' title="bbox 1012 1564 1714 1603; baseline 0.006 -11"><span class='ocrx_word' id='word_1_491' title='bbox 1012 1564 1130 1593; x_wconf 78' lang='grc' dir='ltr'><strong>ΗΑΒΕΤ</strong></span> <span class='ocrx_word' id='word_1_492' title='bbox 1148 1571 1241 1594; x_wconf 56' lang='lat' dir='ltr'>uisne</span> <span class='ocrx_word' id='word_1_493' title='bbox 1259 1572 1481 1603; x_wconf 76' lang='lat' dir='ltr'>PRAESUMAT,</span> <span class='ocrx_word' id='word_1_494' title='bbox 1496 1566 1553 1595; x_wconf 88' lang='lat' dir='ltr'>sed</span> <span class='ocrx_word' id='word_1_495' title='bbox 1567 1574 1632 1596; x_wconf 91' lang='lat' dir='ltr'>non</span> <span class='ocrx_word' id='word_1_496' title='bbox 1647 1574 1714 1596; x_wconf 89' lang='lat' dir='ltr'>me-</span> 
     </span>
     <span class='ocr_line' id='line_1_85' title="bbox 1011 1609 1714 1649; baseline 0.006 -11"><span class='ocrx_word' id='word_1_497' title='bbox 1011 1609 1073 1639; x_wconf 79' lang='lat' dir='ltr'>rIta</span> <span class='ocrx_word' id='word_1_498' title='bbox 1090 1618 1098 1638; x_wconf 92' lang='lat'><strong>:</strong></span> <span class='ocrx_word' id='word_1_499' title='bbox 1115 1609 1214 1640; x_wconf 87' lang='lat' dir='ltr'>hahet</span> <span class='ocrx_word' id='word_1_500' title='bbox 1234 1610 1370 1649; x_wconf 89' lang='lat' dir='ltr'>merita,</span> <span class='ocrx_word' id='word_1_501' title='bbox 1389 1611 1446 1641; x_wconf 88' lang='lat' dir='ltr'>sed</span> <span class='ocrx_word' id='word_1_502' title='bbox 1469 1611 1510 1641; x_wconf 90' lang='lat' dir='ltr'>ad</span> <span class='ocrx_word' id='word_1_503' title='bbox 1525 1620 1714 1649; x_wconf 89' lang='lat' dir='ltr'>promeren-</span> 
     </span>
     <span class='ocr_line' id='line_1_86' title="bbox 1013 1654 1713 1694; baseline 0.006 -11"><span class='ocrx_word' id='word_1_504' title='bbox 1013 1654 1175 1691; x_wconf 86' lang='lat' dir='ltr'>dum,non</span> <span class='ocrx_word' id='word_1_505' title='bbox 1187 1655 1227 1684; x_wconf 87' lang='lat' dir='ltr'>ad</span> <span class='ocrx_word' id='word_1_506' title='bbox 1237 1663 1374 1693; x_wconf 77' lang='lat' dir='ltr'>praesum</span> <span class='ocrx_word' id='word_1_507' title='bbox 1381 1655 1511 1685; x_wconf 87' lang='lat' dir='ltr'>endum.</span> <span class='ocrx_word' id='word_1_508' title='bbox 1528 1657 1635 1694; x_wconf 85' lang='lat' dir='ltr'>Ipsum</span> <span class='ocrx_word' id='word_1_509' title='bbox 1649 1666 1713 1687; x_wconf 90' lang='lat' dir='ltr'>non</span> 
     </span>
     <span class='ocr_line' id='line_1_87' title="bbox 1011 1701 1713 1741; baseline 0.007 -13"><span class='ocrx_word' id='word_1_510' title='bbox 1011 1707 1208 1737; x_wconf 77' lang='lat' dir='ltr'>praesumere</span> <span class='ocrx_word' id='word_1_511' title='bbox 1218 1721 1227 1737; x_wconf 88' lang='lat'>‚</span> <span class='ocrx_word' id='word_1_512' title='bbox 1242 1708 1351 1730; x_wconf 90' lang='lat' dir='ltr'>nonne</span> <span class='ocrx_word' id='word_1_513' title='bbox 1364 1701 1544 1739; x_wconf 88' lang='lat' dir='ltr'>promereri</span> <span class='ocrx_word' id='word_1_514' title='bbox 1559 1702 1713 1741; x_wconf 67' lang='lat' dir='ltr'>est2Ergo</span> 
     </span>
     <span class='ocr_line' id='line_1_88' title="bbox 1013 1746 1714 1786; baseline 0.007 -12"><span class='ocrx_word' id='word_1_515' title='bbox 1013 1754 1052 1775; x_wconf 88' lang='lat' dir='ltr'>eo</span> <span class='ocrx_word' id='word_1_516' title='bbox 1063 1746 1232 1784; x_wconf 84' lang='lat' dir='ltr'>praesumit</span> <span class='ocrx_word' id='word_1_517' title='bbox 1245 1747 1393 1776; x_wconf 89' lang='lat' dir='ltr'>securius</span> <span class='ocrx_word' id='word_1_518' title='bbox 1402 1769 1411 1784; x_wconf 92' lang='lat'>,</span> <span class='ocrx_word' id='word_1_519' title='bbox 1423 1755 1486 1785; x_wconf 92' lang='lat' dir='ltr'>quo</span> <span class='ocrx_word' id='word_1_520' title='bbox 1507 1756 1570 1777; x_wconf 91' lang='lat' dir='ltr'>non</span> <span class='ocrx_word' id='word_1_521' title='bbox 1592 1756 1714 1786; x_wconf 85' lang='lat' dir='ltr'>praesu-</span> 
     </span>
     <span class='ocr_line' id='line_1_89' title="bbox 1014 1791 1712 1831; baseline 0.007 -11"><span class='ocrx_word' id='word_1_522' title='bbox 1014 1791 1096 1821; x_wconf 90' lang='lat' dir='ltr'>mit:</span> <span class='ocrx_word' id='word_1_523' title='bbox 1114 1792 1148 1821; x_wconf 89' lang='lat' dir='ltr'>et</span> <span class='ocrx_word' id='word_1_524' title='bbox 1170 1800 1236 1821; x_wconf 90' lang='lat' dir='ltr'>non</span> <span class='ocrx_word' id='word_1_525' title='bbox 1261 1792 1311 1822; x_wconf 83' lang='lat' dir='ltr'>est</span> <span class='ocrx_word' id='word_1_526' title='bbox 1331 1793 1417 1831; x_wconf 89' lang='lat' dir='ltr'>quod</span> <span class='ocrx_word' id='word_1_527' title='bbox 1443 1793 1658 1824; x_wconf 83' lang='lat' dir='ltr'>confundatur</span> <span class='ocrx_word' id='word_1_528' title='bbox 1678 1795 1712 1825; x_wconf 90' lang='lat' dir='ltr'>in</span> 
     </span>
     <span class='ocr_line' id='line_1_90' title="bbox 1013 1837 1713 1879; baseline 0.006 -12"><span class='ocrx_word' id='word_1_529' title='bbox 1013 1837 1112 1867; x_wconf 80' lang='lat' dir='ltr'>verbo</span> <span class='ocrx_word' id='word_1_530' title='bbox 1133 1837 1244 1876; x_wconf 61' lang='lat' dir='ltr'>gloriae</span> <span class='ocrx_word' id='word_1_531' title='bbox 1257 1860 1267 1876; x_wconf 91' lang='lat'>,</span> <span class='ocrx_word' id='word_1_532' title='bbox 1286 1838 1338 1868; x_wconf 94' lang='lat' dir='ltr'>cui</span> <span class='ocrx_word' id='word_1_533' title='bbox 1356 1839 1459 1869; x_wconf 90' lang='lat' dir='ltr'>multa</span> <span class='ocrx_word' id='word_1_534' title='bbox 1478 1840 1632 1871; x_wconf 86' lang='lat' dir='ltr'>materies</span> <span class='ocrx_word' id='word_1_535' title='bbox 1646 1842 1713 1879; x_wconf 82' lang='lat' dir='ltr'>glo-</span> 
     </span>
     <span class='ocr_line' id='line_1_91' title="bbox 1012 1882 1713 1924; baseline 0.006 -11"><span class='ocrx_word' id='word_1_536' title='bbox 1012 1882 1131 1913; x_wconf 86' lang='lat' dir='ltr'>riandi.</span> <span class='ocrx_word' id='word_1_537' title='bbox 1149 1883 1376 1914; x_wconf 81' lang='lat' dir='ltr'>Misericordiae</span> <span class='ocrx_word' id='word_1_538' title='bbox 1389 1884 1519 1914; x_wconf 89' lang='lat' dir='ltr'>Domini</span> <span class='ocrx_word' id='word_1_539' title='bbox 1535 1885 1645 1917; x_wconf 80' lang='lat' dir='ltr'>multae</span> <span class='ocrx_word' id='word_1_540' title='bbox 1657 1908 1666 1924; x_wconf 89' lang='lat'>,</span> <span class='ocrx_word' id='word_1_541' title='bbox 1680 1888 1713 1917; x_wconf 85' lang='lat' dir='ltr'>et</span> 
     </span>
     <span class='ocr_line' id='line_1_92' title="bbox 1012 1928 1578 1966; baseline 0.004 -8"><span class='ocrx_word' id='word_1_542' title='bbox 1012 1929 1133 1959; x_wconf 77' lang='lat' dir='ltr'>veritas</span> <span class='ocrx_word' id='word_1_543' title='bbox 1144 1928 1214 1966; x_wconf 81' lang='lat' dir='ltr'>ejus</span> <span class='ocrx_word' id='word_1_544' title='bbox 1230 1937 1364 1959; x_wconf 86' lang='lat' dir='ltr'>manens</span> <span class='ocrx_word' id='word_1_545' title='bbox 1375 1930 1410 1959; x_wconf 91' lang='lat' dir='ltr'>in</span> <span class='ocrx_word' id='word_1_546' title='bbox 1421 1931 1578 1960; x_wconf 85' lang='lat' dir='ltr'>aeternum</span> 
     </span>
    </p>

    <p class='ocr_par' dir='ltr' id='par_1_6' title="bbox 1011 1974 1714 2196">
     <span class='ocr_line' id='line_1_93' title="bbox 1052 1974 1712 2014; baseline 0.005 -10"><span class='ocrx_word' id='word_1_547' title='bbox 1052 1975 1082 2004; x_wconf 89' lang='lat'>7.</span> <span class='ocrx_word' id='word_1_548' title='bbox 1099 1974 1220 2012; x_wconf 87' lang='lat' dir='ltr'>Quidni</span> <span class='ocrx_word' id='word_1_549' title='bbox 1239 1975 1396 2014; x_wconf 79' lang='lat' dir='ltr'>glorietur</span> <span class='ocrx_word' id='word_1_550' title='bbox 1416 1983 1547 2014; x_wconf 87' lang='lat' dir='ltr'>secura,</span> <span class='ocrx_word' id='word_1_551' title='bbox 1564 1976 1598 2006; x_wconf 89' lang='lat' dir='ltr'>in</span> <span class='ocrx_word' id='word_1_552' title='bbox 1618 1976 1712 2014; x_wconf 77' lang='lat' dir='ltr'>cujus</span> 
     </span>
     <span class='ocr_line' id='line_1_94' title="bbox 1011 2020 1713 2059; baseline 0.003 -9"><span class='ocrx_word' id='word_1_553' title='bbox 1011 2020 1235 2050; x_wconf 85' lang='lat' dir='ltr'>testimonium</span> <span class='ocrx_word' id='word_1_554' title='bbox 1263 2021 1374 2059; x_wconf 80' lang='lat' dir='ltr'>gloriae</span> <span class='ocrx_word' id='word_1_555' title='bbox 1388 2042 1398 2059; x_wconf 90' lang='lat'>,</span> <span class='ocrx_word' id='word_1_556' title='bbox 1422 2021 1644 2052; x_wconf 87' lang='lat' dir='ltr'>misericordia</span> <span class='ocrx_word' id='word_1_557' title='bbox 1678 2023 1713 2052; x_wconf 87' lang='lat' dir='ltr'>et</span> 
     </span>
     <span class='ocr_line' id='line_1_95' title="bbox 1012 2066 1714 2106; baseline 0.004 -11"><span class='ocrx_word' id='word_1_558' title='bbox 1012 2066 1133 2096; x_wconf 86' lang='lat' dir='ltr'>veritas</span> <span class='ocrx_word' id='word_1_559' title='bbox 1160 2066 1378 2096; x_wconf 80' lang='lat' dir='ltr'>obviaverunt</span> <span class='ocrx_word' id='word_1_560' title='bbox 1401 2066 1486 2097; x_wconf 76' lang='lat' dir='ltr'>sibi?</span> <span class='ocrx_word' id='word_1_561' title='bbox 1512 2067 1588 2098; x_wconf 88' lang='lat' dir='ltr'>Sive</span> <span class='ocrx_word' id='word_1_562' title='bbox 1615 2067 1714 2106; x_wconf 82' lang='lat' dir='ltr'>igitur</span> 
     </span>
     <span class='ocr_line' id='line_1_96' title="bbox 1012 2111 1711 2152; baseline 0.003 -11"><span class='ocrx_word' id='word_1_563' title='bbox 1012 2111 1115 2150; x_wconf 87' lang='lat' dir='ltr'>dicat,</span> <span class='ocrx_word' id='word_1_564' title='bbox 1136 2113 1273 2143; x_wconf 80' lang='lat' dir='ltr'>Dilectus</span> <span class='ocrx_word' id='word_1_565' title='bbox 1298 2121 1384 2143; x_wconf 76' lang='lat' dir='ltr'>meus</span> <span class='ocrx_word' id='word_1_566' title='bbox 1404 2112 1500 2151; x_wconf 77' lang='lat' dir='ltr'>mihi3</span> <span class='ocrx_word' id='word_1_567' title='bbox 1515 2112 1586 2142; x_wconf 87' lang='lat' dir='ltr'>sive</span> <span class='ocrx_word' id='word_1_568' title='bbox 1612 2112 1711 2152; x_wconf 85' lang='lat' dir='ltr'>dieat,</span> 
     </span>
     <span class='ocr_line' id='line_1_97' title="bbox 1011 2159 1713 2196; baseline 0.001 -9"><span class='ocrx_word' id='word_1_569' title='bbox 1011 2159 1203 2196; x_wconf 66' lang='lat' dir='ltr'>Exspectans</span> <span class='ocrx_word' id='word_1_570' title='bbox 1217 2159 1387 2196; x_wconf 63' lang='lat' dir='ltr'>exspectavi·</span> <span class='ocrx_word' id='word_1_571' title='bbox 1405 2159 1575 2189; x_wconf 78' lang='lat' dir='ltr'>Dominum</span> <span class='ocrx_word' id='word_1_572' title='bbox 1587 2179 1597 2195; x_wconf 91' lang='lat'>,</span> <span class='ocrx_word' id='word_1_573' title='bbox 1614 2160 1643 2188; x_wconf 81' lang='lat' dir='ltr'>et</span> <span class='ocrx_word' id='word_1_574' title='bbox 1662 2159 1713 2188; x_wconf 74' lang='lat' dir='ltr'>in-</span> 
     </span>
    </p>
   </div>
   <div class='ocr_carea' id='block_1_4' title="bbox 1012 2203 1765 2242">
    <p class='ocr_par' dir='ltr' id='par_1_7' title="bbox 1012 2203 1765 2242">
     <span class='ocr_line' id='line_1_98' title="bbox 1012 2203 1765 2242; baseline -0.001 -9"><span class='ocrx_word' id='word_1_575' title='bbox 1012 2205 1104 2233; x_wconf 67' lang='lat' dir='ltr'>tendit</span> <span class='ocrx_word' id='word_1_576' title='bbox 1116 2204 1213 2242; x_wconf 76' lang='lat' dir='ltr'>miliz&#39;3</span> <span class='ocrx_word' id='word_1_577' title='bbox 1229 2203 1298 2233; x_wconf 86' lang='lat' dir='ltr'>sive</span> <span class='ocrx_word' id='word_1_578' title='bbox 1324 2203 1424 2232; x_wconf 89' lang='lat' dir='ltr'>etiam</span> <span class='ocrx_word' id='word_1_579' title='bbox 1437 2224 1447 2240; x_wconf 94' lang='lat'>,</span> <span class='ocrx_word' id='word_1_580' title='bbox 1462 2204 1613 2233; x_wconf 75' lang='lat' dir='ltr'>Dominus</span> <span class='ocrx_word' id='word_1_581' title='bbox 1629 2204 1711 2232; x_wconf 80' lang='lat' dir='ltr'>solli·</span> <span class='ocrx_word' id='word_1_582' title='bbox 1761 2210 1765 2214; x_wconf 72' lang='grc'><em>’</em></span> 
     </span>
    </p>
   </div>
   <div class='ocr_carea' id='block_1_5' title="bbox 1009 2247 1715 2698">
    <p class='ocr_par' dir='ltr' id='par_1_8' title="bbox 1009 2247 1715 2698">
     <span class='ocr_line' id='line_1_99' title="bbox 1011 2247 1712 2286; baseline -0.001 -8"><span class='ocrx_word' id='word_1_583' title='bbox 1011 2250 1086 2279; x_wconf 76' lang='lat' dir='ltr'>citus</span> <span class='ocrx_word' id='word_1_584' title='bbox 1106 2251 1150 2279; x_wconf 81' lang='lat' dir='ltr'>est</span> <span class='ocrx_word' id='word_1_585' title='bbox 1167 2250 1246 2286; x_wconf 64' lang='grc' dir='ltr'><em>φησί,-</em></span> <span class='ocrx_word' id='word_1_586' title='bbox 1262 2248 1315 2278; x_wconf 86' lang='lat' dir='ltr'>vel</span> <span class='ocrx_word' id='word_1_587' title='bbox 1331 2247 1358 2277; x_wconf 87' lang='lat' dir='ltr'>si</span> <span class='ocrx_word' id='word_1_588' title='bbox 1373 2256 1444 2286; x_wconf 83' lang='lat' dir='ltr'>quae</span> <span class='ocrx_word' id='word_1_589' title='bbox 1460 2248 1535 2279; x_wconf 87' lang='lat' dir='ltr'>sunt</span> <span class='ocrx_word' id='word_1_590' title='bbox 1553 2247 1712 2285; x_wconf 86' lang='lat' dir='ltr'>ejusmodi</span> 
     </span>
     <span class='ocr_line' id='line_1_100' title="bbox 1010 2293 1713 2332; baseline -0.001 -8"><span class='ocrx_word' id='word_1_591' title='bbox 1010 2302 1106 2324; x_wconf 86' lang='lat' dir='ltr'>voces</span> <span class='ocrx_word' id='word_1_592' title='bbox 1133 2294 1206 2324; x_wconf 85' lang='lat' dir='ltr'>aliae</span> <span class='ocrx_word' id='word_1_593' title='bbox 1227 2294 1323 2332; x_wconf 82' lang='lat' dir='ltr'>atque</span> <span class='ocrx_word' id='word_1_594' title='bbox 1352 2294 1445 2332; x_wconf 83' lang='lat' dir='ltr'>aliae,</span> <span class='ocrx_word' id='word_1_595' title='bbox 1473 2302 1546 2332; x_wconf 82' lang='lat' dir='ltr'>quae</span> <span class='ocrx_word' id='word_1_596' title='bbox 1566 2293 1713 2323; x_wconf 88' lang='lat' dir='ltr'>divinum</span> 
     </span>
     <span class='ocr_line' id='line_1_101' title="bbox 1010 2339 1715 2378; baseline 0 -8"><span class='ocrx_word' id='word_1_597' title='bbox 1010 2340 1181 2378; x_wconf 89' lang='lat' dir='ltr'>quemdam</span> <span class='ocrx_word' id='word_1_598' title='bbox 1199 2340 1348 2369; x_wconf 74' lang='lat' dir='ltr'>affectum</span> <span class='ocrx_word' id='word_1_599' title='bbox 1364 2347 1400 2369; x_wconf 84' lang='lat' dir='ltr'>ae</span> <span class='ocrx_word' id='word_1_600' title='bbox 1411 2340 1608 2378; x_wconf 81' lang='lat' dir='ltr'>singularem</span> <span class='ocrx_word' id='word_1_601' title='bbox 1622 2339 1715 2370; x_wconf 82' lang='lat' dir='ltr'>favo—</span> 
     </span>
     <span class='ocr_line' id='line_1_102' title="bbox 1010 2384 1713 2424; baseline 0.001 -9"><span class='ocrx_word' id='word_1_602' title='bbox 1010 2394 1078 2415; x_wconf 89' lang='lat' dir='ltr'>rem</span> <span class='ocrx_word' id='word_1_603' title='bbox 1100 2393 1176 2424; x_wconf 80' lang='lat' dir='ltr'>erga</span> <span class='ocrx_word' id='word_1_604' title='bbox 1205 2385 1328 2423; x_wconf 86' lang='lat' dir='ltr'>aliquid</span> <span class='ocrx_word' id='word_1_605' title='bbox 1353 2385 1504 2415; x_wconf 88' lang='lat' dir='ltr'>similiter</span> <span class='ocrx_word' id='word_1_606' title='bbox 1526 2384 1713 2422; x_wconf 82' lang='lat' dir='ltr'>exprimere</span> 
     </span>
     <span class='ocr_line' id='line_1_103' title="bbox 1010 2429 1713 2461; baseline -0.004 0"><span class='ocrx_word' id='word_1_607' title='bbox 1010 2431 1206 2461; x_wconf 86' lang='lat' dir='ltr'>videantur:</span> <span class='ocrx_word' id='word_1_608' title='bbox 1222 2430 1306 2460; x_wconf 86' lang='lat' dir='ltr'>nihil</span> <span class='ocrx_word' id='word_1_609' title='bbox 1328 2430 1444 2460; x_wconf 89' lang='lat' dir='ltr'>horum</span> <span class='ocrx_word' id='word_1_610' title='bbox 1469 2438 1488 2459; x_wconf 89' lang='lat' dir='ltr'>a</span> <span class='ocrx_word' id='word_1_611' title='bbox 1508 2437 1543 2459; x_wconf 87' lang='lat' dir='ltr'>se</span> <span class='ocrx_word' id='word_1_612' title='bbox 1567 2429 1713 2459; x_wconf 84' lang='lat' dir='ltr'>alienum</span> 
     </span>
     <span class='ocr_line' id='line_1_104' title="bbox 1010 2474 1713 2515; baseline -0.003 -9"><span class='ocrx_word' id='word_1_613' title='bbox 1010 2477 1158 2515; x_wconf 88' lang='lat' dir='ltr'>putabit,</span> <span class='ocrx_word' id='word_1_614' title='bbox 1175 2476 1227 2507; x_wconf 93' lang='lat' dir='ltr'>cui</span> <span class='ocrx_word' id='word_1_615' title='bbox 1243 2476 1327 2506; x_wconf 89' lang='lat' dir='ltr'>ratio</span> <span class='ocrx_word' id='word_1_616' title='bbox 1346 2474 1565 2515; x_wconf 85' lang='lat' dir='ltr'>praesumendi</span> <span class='ocrx_word' id='word_1_617' title='bbox 1580 2474 1713 2505; x_wconf 87' lang='lat' dir='ltr'>Domini</span> 
     </span>
     <span class='ocr_line' id='line_1_105' title="bbox 1010 2521 1714 2561; baseline -0.006 -8"><span class='ocrx_word' id='word_1_618' title='bbox 1010 2523 1198 2553; x_wconf 86' lang='lat' dir='ltr'>constitutio</span> <span class='ocrx_word' id='word_1_619' title='bbox 1213 2522 1280 2560; x_wconf 86' lang='lat' dir='ltr'>est,</span> <span class='ocrx_word' id='word_1_620' title='bbox 1297 2522 1478 2561; x_wconf 82' lang='lat' dir='ltr'>praesertim</span> <span class='ocrx_word' id='word_1_621' title='bbox 1494 2529 1566 2551; x_wconf 87' lang='lat' dir='ltr'>cum</span> <span class='ocrx_word' id='word_1_622' title='bbox 1587 2528 1651 2550; x_wconf 90' lang='lat' dir='ltr'>non</span> <span class='ocrx_word' id='word_1_623' title='bbox 1666 2521 1714 2550; x_wconf 86' lang='lat' dir='ltr'>al-</span> 
     </span>
     <span class='ocr_line' id='line_1_106' title="bbox 1009 2564 1712 2607; baseline -0.006 -9"><span class='ocrx_word' id='word_1_624' title='bbox 1009 2570 1111 2599; x_wconf 86' lang='lat' dir='ltr'>teram</span> <span class='ocrx_word' id='word_1_625' title='bbox 1121 2568 1232 2598; x_wconf 85' lang='lat' dir='ltr'>videat</span> <span class='ocrx_word' id='word_1_626' title='bbox 1243 2576 1404 2607; x_wconf 89' lang='lat' dir='ltr'>sponsam,</span> <span class='ocrx_word' id='word_1_627' title='bbox 1413 2568 1589 2597; x_wconf 86' lang='lat' dir='ltr'>alteramve</span> <span class='ocrx_word' id='word_1_628' title='bbox 1600 2564 1712 2595; x_wconf 87' lang='lat' dir='ltr'>Eccle-</span> 
     </span>
     <span class='ocr_line' id='line_1_107' title="bbox 1009 2612 1711 2652; baseline -0.006 -8"><span class='ocrx_word' id='word_1_629' title='bbox 1009 2615 1102 2652; x_wconf 85' lang='lat' dir='ltr'>siam,</span> <span class='ocrx_word' id='word_1_630' title='bbox 1117 2615 1170 2644; x_wconf 90' lang='lat' dir='ltr'>cui</span> <span class='ocrx_word' id='word_1_631' title='bbox 1185 2614 1310 2652; x_wconf 85' lang='lat' dir='ltr'>possint</span> <span class='ocrx_word' id='word_1_632' title='bbox 1323 2613 1395 2643; x_wconf 85' lang='lat' dir='ltr'>fieri</span> <span class='ocrx_word' id='word_1_633' title='bbox 1410 2622 1482 2651; x_wconf 82' lang='lat' dir='ltr'>quae</span> <span class='ocrx_word' id='word_1_634' title='bbox 1496 2620 1559 2642; x_wconf 92' lang='lat' dir='ltr'>non</span> <span class='ocrx_word' id='word_1_635' title='bbox 1578 2612 1711 2649; x_wconf 66' lang='lat' dir='ltr'>possunt</span> 
     </span>
     <span class='ocr_line' id='line_1_108' title="bbox 1010 2655 1712 2698; baseline -0.003 -10"><span class='ocrx_word' id='word_1_636' title='bbox 1010 2668 1071 2690; x_wconf 85' lang='lat' dir='ltr'>non</span> <span class='ocrx_word' id='word_1_637' title='bbox 1088 2660 1170 2690; x_wconf 85' lang='lat' dir='ltr'>sieri.</span> <span class='ocrx_word' id='word_1_638' title='bbox 1189 2661 1269 2698; x_wconf 73' lang='lat' dir='ltr'>lirgo</span> <span class='ocrx_word' id='word_1_639' title='bbox 1288 2659 1328 2689; x_wconf 90' lang='lat' dir='ltr'>de</span> <span class='ocrx_word' id='word_1_640' title='bbox 1348 2658 1489 2689; x_wconf 85' lang='lat' dir='ltr'>Ecclesia</span> <span class='ocrx_word' id='word_1_641' title='bbox 1505 2657 1613 2696; x_wconf 81' lang='lat' dir='ltr'>patet,</span> <span class='ocrx_word' id='word_1_642' title='bbox 1625 2655 1712 2694; x_wconf 82' lang='lat' dir='ltr'>quod</span> 
     </span>
    </p>
   </div>
  </div>
 </body>
</html>
