1810 3073
291 260 352 291 260

292 326 370 356 pore
384 316 598 356 visitationis,
619 317 699 347 bora
713 316 868 346 videlicet
882 322 944 352 qua
954 321 989 343 se

291 364 447 402 adstringi
469 365 557 394 intus
571 363 761 403 quibusdam
778 360 919 390 brachiis
941 367 992 389 sa-

290 410 445 448 pientiae,
457 411 555 449 atque
573 409 648 439 inde
665 408 726 438 sibi
739 406 866 436 infundi
882 413 992 434 sense-

288 455 334 486 rit
348 457 454 486 sancti
467 456 662 486 suavitatem
678 453 807 482 amoris.
825 450 990 488 Siquidem

765 263 798 291 S.
823 259 1071 290 BERNARDI
1097 257 1293 289 ABBATIS

1025 313 1148 343 herasti
1163 312 1361 351 adveniens,
1378 309 1455 345 Jesu
1475 309 1559 346 bone
1569 314 1583 346 ἓ
1595 312 1725 354 Quoties

1024 360 1099 396 post
1120 359 1236 388 anxios
1257 359 1353 390 fletus
1366 381 1376 397 ,
1401 361 1474 399 post
1494 361 1726 397 inenarrabiles

1024 404 1164 440 gemitus
1177 405 1209 434 et
1220 404 1392 443 singultus,
1405 408 1546 438 sauciam
1559 411 1725 441 conscien-

1023 449 1102 478 tiam
1115 458 1220 479 meam
1237 451 1362 480 unxisti
1376 453 1529 482 unctione
1545 455 1725 486 miscricor-

287 501 489 531 desiderium
513 501 619 530 cordis
654 499 725 535 ejus
752 497 915 527 tribuetur
941 496 989 532 ei,
1005 480 1008 526 i
1023 494 1426 532 diaetuae,etoleolaetitiae
1438 498 1724 538 perfudisti2Qu0-

288 547 349 576 etsi
362 547 466 576 adhuc
485 544 704 584 peregrinanti
727 544 759 571 in
776 549 927 579 corpore,
950 549 989 569 ex
1005 529 1007 564 5
1022 539 1085 569 ties
1096 549 1147 570 me.
1161 542 1279 578 oratio,
1290 551 1386 579 quem
1396 552 1479 580 pene
1497 545 1722 582 desperantem

286 595 378 630 parte
395 594 522 629 tamen,
539 591 636 628 idque
653 590 692 618 ad
707 589 848 625 tempus,
863 588 895 617 et
907 587 990 616 tem-
1022 587 1332 624 suscepit,reddidit
1348 589 1579 627 exsultantem,
1591 593 1623 621 et
1637 601 1723 629 praa,-

286 645 347 676 pus
363 638 538 667 modicum.
551 636 629 665 'Nam
643 644 716 664 cum
728 633 851 670 vigitiis
865 655 873 670 ,
892 634 923 662 et
936 633 989 661 ob<
1020 634 1202 662 sumentem
1220 633 1259 662 de
1275 633 1394 663 venia?
1411 634 1471 671 Qui
1487 635 1638 666 similiter
1653 637 1719 667 asti—

286 684 521 712 secratiouibus
534 705 543 720 ,
558 683 590 711 et
602 681 703 710 multo
717 680 826 709 labore
840 680 873 709 et
885 678 988 708 imbre
1003 677 1005 693 t

285 730 502 767 lacrymarum
526 728 682 766 quaesitus
707 726 855 762 affuerit,
882 725 988 754 subito

285 774 362 804 dum
379 776 484 804 teneri
497 775 631 813 putatur
643 772 802 802 elabitur:
817 773 849 800 et
861 778 987 800 rursum

284 820 481 858 lacrymanti
515 821 548 850 et
582 818 756 848 insectanti
795 824 965 846 occurrens
978 838 986 854 ,

285 865 519 903 comprehendi
535 866 678 903 patitur,
702 864 759 893 sed
774 863 909 892 minime
934 870 988 891 re-

283 911 385 941 tineri
398 933 408 948 ,
424 911 499 939 dum
512 910 618 939 subito
634 909 753 938 iterum
768 907 859 945 quasi
883 915 899 936 e
916 915 986 935 ma—

283 957 379 986 nibus
392 957 511 986 evolat.
528 955 592 984 Etsi
610 954 766 984 institerit
781 952 934 990 precibus
954 953 986 982 et

283 1002 416 1032 fletibus
433 1002 550 1031 devota
571 1000 677 1030 anima
691 1021 700 1036 ,
716 999 822 1028 denuo
839 999 987 1027 reverte-

283 1048 357 1085 tur,
385 1047 418 1076 et
442 1047 613 1076 voluntate
641 1045 803 1074 labiorum
827 1043 895 1080 ejus
919 1051 983 1072 non

282 1091 447 1123 fraudabit
463 1100 534 1122 eam
551 1100 558 1120 :
576 1091 634 1121 sed
646 1098 774 1120 rursum
790 1097 866 1118 mox
878 1088 986 1126 dispa—

282 1138 392 1175 rebit,
417 1139 451 1167 et
476 1145 541 1166 non
566 1136 758 1171 videbitur,
780 1135 843 1164 nisi
866 1135 984 1164 iterum

280 1184 348 1213 toto
365 1182 526 1212 desiderio
538 1181 732 1219 requiratur.
750 1180 797 1209 lta
812 1187 886 1217 ergo
903 1180 936 1208 et
951 1179 983 1207 in

281 1229 344 1259 hoc
369 1237 502 1266 corpore
527 1228 634 1266 potest
655 1234 725 1256 esse
753 1226 793 1255 de
810 1225 983 1263 praesentia

281 1274 390 1313 sponsi
404 1274 558 1312 frequens
572 1273 686 1303 laetitia
697 1294 706 1310 ,
722 1272 779 1301 sed
795 1279 858 1300 non
875 1271 983 1308 copia:

280 1321 358 1359 quia
390 1320 451 1351 etsi
476 1319 620 1349 visitatio
644 1318 809 1355 laetificat,
839 1317 896 1347 sed
918 1325 985 1346 mo-

280 1366 378 1396 lestat
398 1364 601 1395 vicissitudo.
624 1364 663 1393 Et
687 1363 748 1393 hoc
774 1362 902 1392 tamdiu
928 1370 984 1392 ne-

283 1420 372 1441 cesse
396 1412 445 1441 est
473 1410 539 1449 pati
562 1410 732 1447 dilectam,
759 1408 861 1439 donec
883 1408 983 1437 semel

279 1457 387 1495 posita
413 1464 576 1494 corporeae
595 1455 720 1484 sarcina
742 1455 854 1492 molis,
877 1454 984 1483 avolet

281 1502 316 1532 et
329 1502 398 1540 ipsa
412 1502 519 1531 levata
531 1500 648 1538 pennis
663 1500 897 1529 desideriorum
909 1507 984 1529 suo-

279 1556 372 1585 rum,
397 1547 501 1576 libere
529 1546 593 1575 iter
614 1553 750 1583 carpens
775 1553 834 1583 per
855 1553 983 1582 campos

280 1591 582 1629 contemplationis,
600 1592 632 1620 et
647 1592 757 1620 mente
772 1598 911 1628 sequens
923 1599 983 1620 ex-

278 1639 391 1677 pedita
407 1638 563 1666 dilectum
581 1645 787 1673 quocumque
803 1637 893 1666 ierit.

319 1685 351 1714 5.
368 1684 432 1713 Nec
456 1684 567 1712 tamen
585 1682 639 1711 vel
658 1681 691 1710 in
707 1682 846 1710 transitu
867 1681 982 1718 praesto

280 1730 345 1761 erit
353 1729 399 1758 sic
414 1728 505 1758 omni
520 1727 634 1757 animae
644 1749 653 1764 ,
665 1726 728 1756 nisi
740 1726 789 1755 illi
801 1726 981 1764 dumtaxat,

279 1784 378 1814 quam
405 1775 520 1812 ingens
543 1773 692 1809 devoti0‚
723 1774 756 1802 et
784 1772 981 1802 desiderium

278 1822 477 1856 vehemens,
496 1819 530 1848 et
545 1817 716 1856 praedulcis
731 1817 866 1847 affectus
887 1826 984 1856 spon-

279 1875 348 1897 sam
364 1866 494 1905 probat,
512 1867 544 1894 et
560 1862 708 1902 dignam,
731 1863 770 1893 ad
790 1871 887 1901 quain
911 1872 984 1901 gra-

280 1913 327 1943 tia
341 1911 494 1943 visitandi
511 1918 715 1940 accessurum
730 1909 873 1939 Verbum
889 1909 984 1939 deco-

279 1966 350 1988 rem
375 1956 506 1991 induat,
529 1955 663 1984 sormam
680 1954 788 1992 sponsi
806 1955 980 1993 accipiens.

278 2004 340 2041 Qui
356 2003 444 2033 enim
466 2002 609 2031 nondum
634 2001 802 2029 invenitur
824 2000 866 2029 ita
889 2001 983 2030 affec-

278 2053 350 2086 tus,
367 2048 424 2078 sed
440 2048 651 2084 compunctus
666 2046 769 2084 magis
785 2047 914 2075 actuum
930 2055 983 2076 re-

278 2095 468 2124 cordatione
485 2101 617 2122 suorum
629 2113 638 2129 ,
662 2092 796 2129 loquens
813 2093 846 2121 in
868 2092 982 2122 amari·

278 2141 391 2171 tudine
410 2140 525 2168 animae
551 2146 616 2168 suae
633 2138 717 2168 dicat
732 2139 798 2167 Deo
812 2160 821 2175 ,
840 2139 912 2168 Noli
934 2147 981 2168 ‘me

277 2188 402 2217 condem
410 2195 484 2215 nare
496 2195 506 2223 ,-
520 2186 575 2214 aut
592 2184 673 2213 sorte
687 2184 786 2213 etiam
805 2184 908 2212 adhuc
924 2191 982 2221 pe—

278 2233 418 2263 riculose
446 2231 592 2260 tentatur
613 2238 631 2258 a
657 2230 786 2266 propria
812 2228 982 2266 concupis—

278 2278 387 2308 centia
409 2277 590 2305 abstractus
606 2276 638 2304 ct
661 2275 813 2303 illectus:
832 2274 885 2302 liic
908 2274 981 2303 talis

277 2332 345 2354 non
366 2330 518 2360 sponsum
540 2320 703 2358 requirit,
721 2320 777 2348 sed
796 2319 979 2357 medicum,

279 2377 318 2399 ac
337 2376 396 2406 per
412 2367 472 2396 hoc
488 2374 553 2395 non
570 2365 678 2395 oscula
697 2365 829 2402 quidem
844 2366 896 2394 vel
916 2373 982 2394 am-

278 2415 396 2454 plexus
407 2434 416 2450 ,
431 2412 488 2442 sed
498 2413 623 2441 tantum
636 2411 780 2440 remedia
792 2411 981 2440 vulneribus

279 2460 419 2498 accipiet
431 2458 514 2495 suis,
532 2457 566 2486 in
578 2458 648 2486 oleo
664 2456 776 2494 utique
790 2458 822 2486 et
836 2465 981 2494 unguen-

278 2507 333 2535 tis.
347 2506 394 2534 An
408 2511 473 2533 non
492 2510 717 2540 saepenumero
732 2502 778 2531 sic
799 2502 957 2532 sentimus
971 2524 979 2540 ,

279 2554 312 2581 et
328 2551 373 2580 sic
389 2548 578 2587 experimur
589 2548 735 2584 orantes,
748 2555 824 2585 nos,
840 2548 896 2586 qui
908 2556 981 2577 nos-

277 2597 338 2626 tris
349 2595 495 2634 quotidie
508 2593 611 2624 adhuc
621 2594 807 2624 excessibus
818 2594 980 2623 tentamur

278 2641 510 2681 praesentibus,
532 2639 717 2669 mordemur
738 2639 934 2677 praeteritis?
955 2642 979 2669 Α

279 2688 399 2727 quauta
422 2694 473 2716 me
491 2685 707 2716 amaritudine
731 2685 920 2724 frequenter
940 2686 978 2715 li-

1021 678 1163 715 ciuntur,
1177 688 1252 709 ecce
1268 680 1302 708 hi
1315 680 1441 718 sciunt,
1457 681 1542 718 quod
1556 690 1633 712 vere
1650 692 1721 714 me-

1020 723 1112 754 dicus
1125 725 1165 755 sit
1182 726 1337 755 Dominus
1352 727 1444 756 Jesus
1456 748 1465 764 ,
1483 728 1536 765 qui
1548 731 1639 758 sanat
1648 739 1722 760 con·-

1021 771 1105 800 tritos
1121 772 1219 807 corde,
1236 774 1263 800 et
1275 772 1381 810 alligat
1394 774 1589 804 contritiones
1601 783 1718 806 eoram.

1019 815 1080 851 Qui
1107 817 1236 854 experti
1262 825 1327 846 nou
1352 819 1443 856 sunt,
1480 819 1613 850 credant
1643 821 1719 852 inde

1019 861 1125 891 eidem
1155 863 1217 900 ipsi
1243 863 1366 893 dicenti
1391 873 1399 892 :
1429 867 1562 903 Spiritus
1591 869 1721 899 Domini

1019 909 1110 937 unxit
1126 917 1189 946 me,
1211 911 1250 938 ad
1265 911 1535 947 evangelizamtmn
1550 915 1718 944 mansuetis

1019 953 1100 982 misit
1119 963 1184 991 me,
1206 957 1239 984 ut
1254 957 1392 985 mederer
1416 958 1552 986 contrItis
1568 959 1666 988 corde.
1683 959 1717 989 Si

1019 997 1123 1027 adhuc
1139 999 1305 1037 dubitant,
1319 1000 1476 1030 accedant
1491 1003 1579 1031 certe
1596 1004 1628 1032 ct
1643 1012 1717 1040 pro-

1019 1042 1097 1073 bent
1109 1066 1118 1080 ,
1135 1046 1167 1073 et
1182 1045 1227 1074 sic
1244 1045 1277 1073 in
1292 1046 1476 1083 semetipsis
1497 1047 1622 1077 discant
1638 1049 1717 1086 quid

1018 1089 1075 1126 sit,
1096 1091 1339 1120 Misericordiam
1361 1093 1428 1122 tolo
1442 1114 1451 1129 ,
1468 1095 1495 1122 et
1517 1102 1579 1122 non
1598 1096 1717 1133 sacrifi<-

1017 1136 1108 1165 ciam.
1124 1135 1187 1165 Sed
1202 1136 1372 1166 videamus
1387 1139 1420 1167 et
1438 1138 1574 1176 reliqua.

1056 1180 1087 1210 lt.
1116 1182 1199 1211 Sunt
1220 1183 1276 1220 qui
1297 1182 1331 1211 in
1353 1184 1469 1213 studiis
1492 1184 1717 1222 spiritualibus

1018 1224 1166 1264 fatigati,
1183 1227 1215 1256 et
1230 1227 1315 1256 versi
1332 1227 1365 1255 in
1381 1229 1546 1265 teporem,
1563 1230 1658 1268 atque
1680 1231 1715 1262 in

1018 1271 1148 1301 defectu
1159 1273 1296 1311 quodam
1321 1273 1455 1310 spiritus
1469 1274 1584 1313 positi,
1602 1277 1715 1307 ambu-

1019 1316 1084 1345 lant
1104 1317 1213 1347 tristes
1230 1318 1299 1347 vias
1320 1318 1468 1356 Domini,
1484 1319 1578 1348 corde
1598 1323 1714 1352 arente

1018 1361 1049 1390 et
1075 1361 1216 1392 taedente
1245 1362 1404 1392 accedunt
1433 1362 1473 1391 ad
1500 1371 1634 1401 quaeque
1663 1366 1715 1395 in-

1014 1406 1144 1445 juncta,
1159 1407 1350 1446 frequenter
1365 1411 1568 1439 murmurant
1581 1417 1589 1446 3
1606 1410 1716 1448 longos

1017 1451 1085 1481 dies
1099 1473 1108 1489 ,
1127 1452 1236 1489 longas
1262 1454 1504 1491 conqueruntur
1525 1454 1558 1483 et
1581 1456 1691 1486 noctes
1704 1479 1714 1495 ,

1016 1497 1185 1534 loquentes
1201 1507 1273 1527 cum
1286 1500 1396 1527 sancto
1411 1499 1470 1528 Job
1483 1508 1491 1527 :
1505 1500 1540 1530 Si
1550 1501 1714 1539 dormiero,

1015 1543 1127 1579 dicam,
1149 1545 1278 1582 Quando
1303 1543 1511 1582 conszcrqam?
1535 1547 1564 1574 et
1590 1555 1715 1577 rursum

1016 1589 1193 1624 exspectabo
1209 1598 1377 1627 vesperam.
1394 1590 1474 1626 Ergo
1489 1589 1545 1619 ubi
1558 1591 1716 1630 contingit

1016 1634 1079 1662 tale
1096 1634 1219 1671 aliquid
1233 1635 1321 1672 pati,
1342 1634 1369 1664 si
1384 1634 1537 1665 misertus
1558 1635 1715 1667 Dominus

1015 1679 1185 1716 appropiet
1200 1680 1292 1709 nobis
1307 1680 1340 1709 in
1352 1680 1406 1709 via
1422 1689 1484 1718 qua
1500 1681 1714 1720 ambulamus,

1016 1725 1049 1753 et
1072 1724 1208 1762 incipiat
1227 1725 1316 1763 loqui
1339 1725 1378 1754 de
1395 1726 1476 1754 coelo
1495 1726 1550 1763 qui
1574 1727 1614 1756 de
1634 1728 1716 1757 coelo

1016 1769 1086 1807 est,
1101 1778 1229 1799 necnon
1250 1770 1428 1800 favorabile
1449 1771 1619 1809 quippiam
1640 1780 1716 1802 can—

1016 1818 1084 1844 tare
1109 1815 1204 1845 nobis
1232 1815 1272 1845 de
1301 1816 1436 1845 canticis
1464 1816 1558 1854 Sion,
1585 1825 1714 1848 narrare

1016 1861 1116 1890 etiam
1133 1861 1172 1891 de
1188 1861 1321 1891 civitate
1345 1862 1426 1899 Dei,
1448 1862 1487 1891 de
1502 1870 1581 1900 pace
1598 1863 1714 1894 civita-

1016 1907 1076 1944 tis,
1090 1907 1129 1936 de
1142 1906 1325 1937 aeternitate
1343 1907 1450 1945 pacis,
1465 1907 1504 1937 de
1520 1909 1605 1937 statu
1623 1909 1714 1938 aeter-

1015 1953 1127 1983 nitatis
1143 1961 1151 1982 z
1169 1952 1241 1982 dico
1259 1953 1371 1990 vobis,
1395 1953 1458 1982 erit
1477 1961 1536 1990 pro
1561 1954 1714 1983 vehiculo

1015 1999 1130 2028 animae
1165 1997 1352 2028 dormitanti
1379 1998 1411 2027 et
1440 1997 1606 2035 pigritanti
1641 1998 1713 2028 laeta

1017 2044 1173 2081 narratio,
1191 2044 1236 2073 ita
1256 2044 1293 2073 ut
1312 2043 1415 2081 pellat
1429 2051 1523 2073 omne
1547 2043 1714 2073 fastidium

1015 2091 1054 2120 ab
1070 2091 1178 2119 animo
1200 2089 1364 2119 audientis
1377 2111 1386 2127 ,
1403 2089 1436 2118 et
1457 2097 1475 2117 a
1491 2097 1623 2126 corpore
1639 2088 1715 2118 tati-

1015 2137 1188 2173 gationem.
1212 2137 1259 2164 An
1286 2135 1347 2165 tibi
1364 2135 1453 2164 aliud
1474 2135 1527 2164 rel
1554 2135 1640 2172 pati,
1661 2135 1714 2165 vel

1016 2183 1125 2218 petere
1143 2181 1198 2210 ille
1212 2180 1359 2217 videtur,
1375 2181 1431 2218 qui
1447 2180 1490 2209 ait
1507 2188 1514 2208 ε
1530 2181 1714 2210 Βονιηίἰανίί

1014 2228 1120 2256 intima
1144 2236 1213 2255 mea
1228 2234 1292 2264 μναῖ
1318 2227 1425 2262 toedio,
1441 2226 1590 2263 confirma
1614 2235 1661 2255 me
1681 2226 1714 2255 in

1015 2273 1111 2302 verbis
1133 2271 1211 2301 tuz's?
1231 2272 1268 2301 Et
1288 2279 1394 2300 nonne
1418 2279 1491 2300 cum
1513 2271 1712 2308 obtinuerit,

1014 2318 1185 2347 clamabit:
1203 2318 1360 2356 Quomodo
1381 2317 1476 2346 dilexi
1491 2317 1584 2355 leqem
1609 2318 1709 2354 tuam,

1014 2365 1142 2393 Domine
1158 2363 1170 2392 ἓ
1198 2365 1261 2392 tota
1300 2363 1347 2392 (lie
1374 2363 1529 2392 meditatio
1557 2371 1628 2391 mea
1658 2363 1710 2392 est.

1013 2410 1092 2439 Sunt
1109 2409 1196 2438 enim
1213 2408 1360 2446 quaedam
1376 2408 1476 2437 verba
1491 2407 1588 2437 Verbi
1604 2406 1711 2445 sponsi

1012 2457 1051 2486 ad
1067 2464 1144 2493 nos,
1160 2457 1276 2485 nostrae
1291 2454 1519 2484 meditationes
1541 2453 1580 2483 de
1596 2453 1664 2490 ipso
1679 2451 1712 2481 et

1013 2503 1082 2539 ejus
1097 2502 1216 2540 gloria,
1233 2501 1406 2538 elegantia,
1423 2498 1580 2538 potentia,
1594 2497 1711 2534 majes-

1014 2550 1089 2578 tate.
1113 2548 1181 2577 Non
1208 2548 1311 2576 solum
1336 2547 1465 2583 autem,
1494 2544 1551 2574 sed
1582 2543 1615 2572 et
1636 2549 1708 2572 cum

1012 2594 1106 2623 avIda
1122 2593 1231 2623 mente
1247 2600 1414 2622 versamus
1428 2588 1613 2620 testimonia
1635 2587 1705 2623 ejus

1014 2641 1044 2670 et
1058 2639 1179 2676 judicia
1197 2639 1261 2668 oris
1276 2639 1346 2676 ejus
1357 2660 1366 2675 ,
1383 2638 1416 2667 et
1428 2636 1461 2665 in
1472 2636 1542 2672 lege
1558 2633 1626 2669 t'l'US
1639 2640 1710 2661 ¹¹¹⁰·

1013 2685 1155 2716 ditamur
1170 2684 1222 2714 die
1235 2692 1270 2714 ac
1283 2684 1375 2714 nocte
1386 2690 1393 2710 :
1405 2680 1540 2714 sciamus
1551 2686 1608 2718 1)Γο
1620 2677 1708 2707 ὒθΐῑῡ
