1846 3078
262 210 324 240 ⁴40

302 265 353 296 2-2.
370 265 483 306 Diliges
494 266 675 306 proximum
693 268 780 297 tuum
793 265 872 296 sicut
887 264 963 300 teip-

261 321 342 343 sum.
376 311 482 343 Debet
514 312 739 351 unusquisque
773 309 961 348 proximum

265 366 359 387 suum
384 357 519 395 diligere
539 359 707 396 tamquam
731 356 896 393 seipsum,
925 354 963 383 ut

261 410 361 440 quem
374 403 496 441 poterit
516 402 684 434 hominem
702 401 757 430 vel
778 399 963 429 beneficen-

260 448 316 477 tiae
331 448 560 485 consolatione,
575 447 629 476 vel
643 445 875 475 informatione
888 444 962 474 doc-

261 494 372 532 trinae,
385 494 440 524 vel
463 493 661 524 coercitione
685 490 868 529 disciplinae
881 512 890 528 ,
906 489 963 519 ad-

261 539 359 570 ducat
372 539 412 570 ad
422 541 525 569 Deum
541 537 722 567 colendum.
732 537 808 566 IIaec
823 536 880 574 qui
895 537 962 566 sola

261 584 457 616 discretione
491 583 605 621 eligit,
643 582 789 620 prudens
822 582 871 612 est
883 590 891 610 :
905 581 961 620 qui

259 632 350 661 nulla
374 631 450 660 hinc
474 629 650 659 afflictione
667 627 846 665 avertitur,
868 626 962 657 fortis

727 212 756 240 S.
777 206 1011 239 BERNARDI
1030 207 1221 237 ABBATls

996 262 1173 292 dientiarii.
1192 263 1243 292 Illi
1257 271 1321 293 non
1338 262 1459 298 debent
1479 270 1549 293 esse
1564 261 1696 300 curiosi,

995 316 1056 338 nec
1084 308 1269 346 voluptuosi
1286 317 1294 338 ε
1309 309 1362 340 isti
1389 317 1467 339 vero
1494 317 1556 339 nec
1579 308 1698 338 turbu-

996 354 1092 390 lenti,
1105 362 1165 384 nec
1180 354 1394 385 fraudulenti.
1405 356 1443 385 Et
1458 355 1534 393 quia
1545 362 1617 384 raro
1632 362 1696 392 paz

996 400 1082 430 inter
1097 401 1174 430 istos
1189 401 1238 430 est
1252 421 1261 437 ,
1277 400 1350 430 ideo
1368 402 1488 431 tertius
1508 400 1615 438 paries
1630 399 1696 437 est,

996 454 1039 476 ex
1051 445 1185 476 adverso
1200 446 1347 483 veniens,
1359 446 1414 485 qui
1427 447 1600 484 conjungat
1612 445 1697 475 divi-

995 499 1046 521 sos
1068 492 1229 529 parietes;
1247 492 1352 522 Abbas
1366 492 1523 522 videlicet.
1544 493 1579 522 et
1593 491 1695 528 Prior,

997 538 1030 567 et
1052 537 1109 566 alii
1137 537 1253 568 fratres
1278 538 1486 576 spirituales:
1505 537 1698 567 tundamen-

996 582 1066 612 tum
1078 584 1127 613 est
1138 585 1284 614 sanctum
1299 584 1515 622 propositum.

1034 628 1086 657 27.
1103 628 1273 667 Adaptatio
1285 630 1411 666 septem
1425 628 1581 657 donorum
1595 627 1699 665 Spiri-

262 677 332 705 cst.-
346 675 401 713 qui
420 674 510 704 nulla
534 674 598 704 alia
622 673 864 711 delectatione,
881 674 962 702 tem·
977 686 981 712 l
996 673 1048 703 tus
1058 674 1436 712 sanctiadapparitiones
1447 673 1578 703 Domini
1590 681 1700 703 iesur-

260 728 378 759 perans
402 722 468 750 est·
460 742 469 758 ,
499 719 556 758 qui
581 720 672 750 nulla
700 719 842 749 elatione
855 740 865 757 ,
890 718 963 756 jus-

259 769 311 794 tus
327 765 386 794 est.

300 811 350 841 25.
367 811 437 841 Non
453 812 497 842 est
509 811 644 850 speciosa
655 811 724 841 laus
737 811 769 840 in
783 819 836 840 ore
856 817 962 848 pecca-

259 859 349 894 toris,
364 857 397 886 in
408 857 588 895 poenitente
602 857 772 895 peccatore
788 855 961 892 fructuosa,

260 903 294 931 iu
312 903 488 940 justificato
514 903 565 932 est
585 901 742 940 speciosa.
767 901 860 930 Sicut
887 908 962 930 cum

259 949 479 979 stercorantur
499 948 587 987 agri,
609 956 673 978 non
689 948 739 977 est
758 947 938 985 speciosum
951 968 961 984 ,

258 993 317 1023 sed
328 994 550 1032 sruc1uosum3
564 995 677 1033 postea
688 1001 766 1024 vero
781 993 816 1022 in
832 991 962 1030 frugum

261 1039 453 1070 collectione
473 1040 509 1070 fit
523 1040 717 1078 speciosum.

299 1084 352 1114 24.
367 1085 511 1122 Quatuor
523 1086 596 1115 sunt
604 1093 674 1123 quae
688 1082 872 1122 impediunt
886 1090 963 1113 con-

259 1130 436 1161 sessionem
450 1139 459 1168 ς
475 1131 572 1160 timor
591 1138 633 1160 ne
651 1129 785 1168 perdat,
801 1128 904 1166 pudor
919 1136 961 1158 ne

260 1177 409 1215 vilescat,
421 1185 494 1215 spes
509 1176 641 1206 honoris
662 1175 717 1205 vel
733 1174 872 1211 alicujus
895 1173 962 1204 ter-

257 1224 331 1253 reni
346 1223 518 1260 commodi,
529 1223 557 1252 si
571 1222 724 1251 innocens
739 1221 889 1259 putetur3
905 1219 963 1250 de—

258 1269 400 1308 speratio
417 1268 605 1299 earumdem
619 1275 748 1306 rerum,
764 1267 790 1296 si
806 1267 962 1297 innocens

258 1324 324 1346 non
339 1317 485 1354 putetur.

299 1363 351 1392 ⁶25.
369 1362 445 1392 Octo
461 1360 729 1397 suntTrinitates,
745 1367 879 1398 quarum
894 1358 964 1397 pri-

260 1416 315 1438 ma
335 1409 382 1439 est
398 1409 454 1437 illa
472 1415 597 1437 summa
619 1407 651 1436 et
668 1406 836 1436 individua
856 1405 964 1434 Trini-

260 1455 311 1484 tas
324 1476 333 1492 ,
347 1455 454 1491 Pater,
471 1455 504 1483 et
526 1453 646 1490 Pilius,
661 1453 694 1482 et
710 1452 850 1489 Spiritus
871 1459 964 1481 sanc—

258 1500 324 1529 tus.
338 1499 486 1530 Secunda
500 1499 548 1528 est
560 1507 631 1536 quae
645 1497 891 1527 cecidit.Tertia
906 1504 966 1534 per

259 1554 358 1584 quam
374 1545 505 1575 cecidit.
527 1544 646 1581 Quarta
662 1543 694 1572 in
710 1550 807 1581 quam
829 1542 961 1572 cecidit.

260 1591 381 1629 Quinta
395 1599 454 1628 per
469 1598 566 1628 quam
585 1589 743 1627 resurgit,
761 1597 832 1626 quae
849 1587 881 1617 in
897 1587 963 1617 tres

261 1637 420 1667 dividitur
437 1636 613 1665 trinitates.
630 1634 771 1664 Trinitas
789 1642 861 1671 quae
875 1633 962 1662 ceci-

261 1683 321 1721 dit,
336 1684 385 1712 est
410 1681 584 1718 memoria,
609 1679 712 1716 ratio,
744 1679 778 1708 et
800 1678 960 1708 voluntas.

258 1727 412 1758 Memoria
424 1726 585 1756 infirmata
601 1725 651 1754 est
664 1724 767 1754 tribus
781 1723 897 1761 modis,
914 1723 963 1753 vi-

262 1774 384 1804 delicet
413 1781 474 1813 per
510 1771 723 1810 cogitationes
749 1769 961 1808 affectuosas,

260 1828 427 1857 onerosas,
444 1818 478 1849 et
502 1818 633 1848 otiosas.
655 1816 748 1846 Ratio
765 1816 872 1846 tribus
894 1824 963 1845 mo-

261 1866 312 1896 dis
341 1865 505 1895 excaecata
533 1863 600 1900 est,
627 1862 702 1900 quia
731 1869 816 1899 saepe
842 1861 963 1899 recipit

260 1919 337 1941 vera
347 1919 405 1949 pro
422 1909 511 1940 falsis
521 1930 530 1946 ,
541 1908 574 1938 et
585 1916 602 1937 e
616 1915 769 1936 converso
781 1915 789 1944 3
806 1906 894 1936 licita
906 1915 962 1944 pro

259 1957 397 1994 illicitis,
411 1958 443 1986 et
456 1964 472 1985 e
488 1953 811 1984 converso.voluntas
824 1952 963 1990 triplici-

260 2006 312 2034 ter
340 2003 461 2032 foedata
483 2002 532 2031 est
543 2022 552 2037 ,
578 2007 638 2038 per
666 1998 962 2037 concupiscentiam

263 2050 387 2086 carnis,
416 2056 475 2087 per
499 2045 699 2077 desiderium
722 2045 900 2082 oculorum,
931 2046 963 2076 et

263 2095 473 2124 ambitionem
491 2091 612 2122 saeculi.
635 2091 776 2120 Trinitas
796 2099 855 2129 per
867 2099 962 2129 quam

262 2140 401 2177 cecidit,
417 2138 578 2177 suggestio
589 2160 597 2176 ,
612 2137 806 2174 delectatio,
828 2144 963 2166 consen-

263 2194 327 2216 sus.
344 2186 485 2215 Trinitas
501 2185 534 2213 in
559 2192 655 2222 quam
672 2183 813 2220 cecidit,
830 2183 964 2212 infirmi-

261 2234 323 2270 tas,
341 2231 477 2267 foeditas,
493 2230 631 2260 caecitas.
647 2229 786 2258 Trinitas
799 2237 856 2267 per
867 2237 962 2267 quam

263 2276 421 2315 resurgit,
437 2276 532 2313 fides,
549 2285 641 2314 spes,
657 2275 787 2305 caritas.
804 2274 898 2304 Fides
915 2276 963 2305 est

262 2323 361 2360 trina,
376 2323 622 2360 praeceptorum,
638 2321 813 2359 signorum,
826 2321 964 2359 promis-

264 2369 404 2398 sionum.
431 2367 510 2405 Spes
538 2376 664 2405 quoque
691 2367 776 2396 trina
797 2367 864 2404 est,
891 2375 964 2405 spes

265 2414 391 2451 veniae,
403 2421 476 2452 spes
491 2412 618 2451 gratiae,
635 2414 667 2441 et
681 2421 754 2450 spes
772 2412 892 2450 gloriae.
909 2413 965 2442 Ca-

264 2462 344 2491 ritas
357 2459 455 2490 etiam
475 2458 561 2488 trina
578 2458 639 2495 est,
656 2466 699 2487 ex
714 2459 781 2488 toto
795 2453 964 2496 corde,'ex

264 2507 333 2536 tota
348 2505 465 2542 anima,
479 2512 521 2534 ex
536 2504 602 2533 tota
617 2503 751 2532 virtute.

306 2551 358 2582 26.
372 2552 442 2581 Duo
456 2549 598 2589 parietes
613 2548 733 2578 debent
745 2555 815 2579 esse
830 2547 865 2578 in
888 2557 964 2579 con-

267 2597 472 2635 gregatione,
488 2603 571 2626 unus
598 2593 753 2630 interior,
776 2593 858 2623 alter
873 2596 964 2624 exte-

266 2644 344 2681 rior.
359 2641 496 2675 Interior
511 2639 715 2677 claustrales,
731 2637 874 2670 exterior
889 2638 964 2669 obe—

977 713 1111 757 'gentis.
1127 720 1235 750 Primo
1247 720 1398 758 apparuit
1409 720 1614 757 mulieribus,
1625 721 1698 758 qui-

995 765 1055 795 bus
1067 765 1190 795 dictum
1204 766 1253 796 est
1268 766 1307 795 ab
1321 766 1454 803 Angeto,
1465 766 1697 796 N'olztetzmcre:

996 819 1072 841 ecce
1087 811 1223 849 spiritus
1246 811 1383 841 timoris.
1406 811 1562 849 Apparuit
1581 811 1697 847 Petro,

995 856 1051 894 qui
1075 858 1273 895 negaverat:
1291 865 1367 887 ecce
1393 857 1529 895 spiritus
1549 856 1693 895 pietatis.

994 903 1151 940 Apparuit
1165 903 1314 939 mulieri,
1331 903 1385 932 cui
1397 902 1520 932 dictum
1537 902 1604 940 est,
1626 902 1700 931 Nola·

995 955 1044 976 me
1075 948 1221 985 tangere,
1247 948 1386 977 floridum
1409 948 1491 976 euim
1512 947 1636 976 ascendi
1659 947 1699 975 (ul

995 993 1121 1022 Patrem
1144 1001 1247 1022 meum
1262 1001 1273 1022 .·
1289 1000 1365 1021 ecce
1384 991 1518 1029 spiritus
1540 991 1697 1021 scientiae.

995 1037 1153 1075 Apparuit
1175 1037 1241 1067 illis
1263 1037 1417 1067 undecim
1442 1037 1476 1066 in
1499 1037 1627 1073 monte,
1643 1036 1699 1066 ubi

996 1083 1223 1120 constituerat,
1234 1083 1362 1122 quando
1371 1082 1468 1120 dixit,
1476 1084 1562 1113 Data
1573 1084 1615 1112 est
1626 1081 1704 1111 mihi

996 1130 1096 1159 omnis
1115 1131 1249 1168 potestas
1268 1131 1299 1159 in
1317 1130 1390 1159 coelo
1405 1131 1434 1157 et
1452 1130 1485 1157 in
1500 1130 1583 1158 terra
1598 1137 1608 1158 :
1623 1135 1699 1157 ecce

995 1174 1129 1212 spiritus
1154 1175 1365 1205 fortitudinis.
1392 1174 1550 1213 Apparuit
1576 1173 1700 1203 duobus

996 1221 1149 1252 euntibus
1159 1222 1192 1250 in
1200 1222 1361 1258 Emmaus,
1372 1220 1411 1250 de
1419 1220 1534 1258 quihus
1542 1219 1700 1257 scriptum

997 1267 1067 1304 est,
1097 1269 1137 1297 Et
1162 1268 1284 1306 aperuit
1308 1267 1367 1297 illis
1388 1275 1529 1302 sensum,
1552 1267 1587 1296 ut
1613 1265 1700 1294 intel-

996 1313 1121 1351 ligerent
1136 1315 1312 1352 Scripturas
1328 1323 1338 1342 :
1355 1321 1431 1343 ecce
1447 1311 1580 1350 spiritus
1600 1310 1699 1340 intel-

996 1358 1112 1389 lectus.
1141 1359 1188 1390 Ad
1207 1359 1361 1389 ultimum
1387 1358 1538 1396 apparuit
1558 1357 1625 1386 illis
1646 1365 1701 1386 re-

997 1405 1226 1435 cumbentibus
1240 1427 1250 1443 ,
1266 1404 1394 1443 quando
1419 1403 1564 1434 ascendit
1581 1402 1614 1432 in
1635 1410 1700 1432 coe-

996 1452 1077 1489 lum,
1091 1452 1167 1489 quia
1176 1451 1215 1481 de
1225 1460 1262 1481 eo
1271 1451 1394 1480 dictum
1407 1450 1466 1488 est,
1475 1451 1541 1487 qu
1550 1448 1700 1486 sapientia

996 1498 1028 1525 in
1053 1498 1209 1527 altissimis
1229 1497 1334 1526 habito
1350 1506 1360 1526 .-
1383 1503 1458 1526 ecce
1486 1494 1620 1533 spiritus
1648 1500 1699 1522 sa·

997 1541 1145 1579 pientiae.
1535 1537 1539 1541 ’

1037 1588 1087 1618 28.
1117 1587 1226 1618 Gratia
1249 1586 1485 1626 quadripertita
1513 1585 1561 1615 est
1575 1583 1698 1622 :gratia

1000 1642 1113 1663 creans
1123 1656 1131 1671 ,
1145 1634 1245 1671 gratia
1266 1634 1429 1663 redimens
1444 1632 1512 1661 sive
1527 1631 1698 1666 miserans,

996 1679 1099 1717 gratia
1116 1679 1256 1716 donans,
1273 1678 1374 1716 gratia
1396 1684 1616 1707 remunerans.
1632 1675 1699 1704 Pri-

998 1732 1067 1761 ma,
1094 1725 1203 1754 omnia
1226 1733 1286 1762 per
1306 1723 1411 1761 ipsum
1433 1721 1517 1752 facta
1537 1721 1624 1751 sunt.
1645 1720 1701 1750 Se-

998 1769 1104 1799 cunda
1116 1792 1125 1807 ,
1141 1770 1285 1800 Verbum
1301 1777 1374 1799 caro
1396 1768 1520 1797 factum
1543 1767 1603 1796 est.
1620 1767 1701 1796 Ter-

997 1816 1058 1852 tia,
1075 1816 1210 1853 plenum
1239 1815 1361 1854 gratiae.
1387 1813 1507 1851 Quarta
1521 1834 1530 1851 ,
1560 1813 1595 1843 et
1614 1811 1699 1843 veri-

997 1861 1090 1891 tatis.

1036 1907 1087 1937 29.
1104 1908 1170 1936 Pax
1178 1905 1413 1946 quadripertita
1424 1905 1569 1943 est,erga
1577 1904 1700 1941 Deum,

999 1961 1075 1991 erga
1100 1954 1306 1992 proximum,
1323 1953 1357 1982 in
1377 1960 1492 1989 carne,
1514 1951 1548 1981 in
1568 1950 1697 1988 spiritu.

996 2000 1073 2036 Quae
1097 2001 1133 2030 ut
1155 2000 1245 2028 firma
1270 1999 1330 2036 sit,
1360 1996 1633 2028 substernendum
1650 1996 1700 2026 est

998 2045 1173 2083 unicuique
1200 2044 1469 2080 fundamentum,
1493 2042 1568 2081 paci
1594 2041 1700 2071 carnis

997 2091 1233 2128 temperantia3
1257 2090 1329 2128 paci
1359 2089 1491 2128 spiritus
1522 2086 1698 2124 fortitud03

996 2138 1067 2177 paci
1085 2146 1157 2168 cum
1174 2137 1322 2175 proximo
1337 2135 1528 2174 prudentia3
1544 2134 1614 2172 paci
1625 2141 1700 2163 cum

997 2185 1063 2213 Deo
1076 2183 1215 2220 justitia.
1232 2184 1339 2213 Gloria
1352 2184 1383 2211 in
1398 2181 1534 2216 excelsis,
1547 2187 1622 2209 ecce
1634 2186 1700 2217 pax

998 2237 1070 2258 cum
1082 2230 1148 2258 Deo
1162 2236 1171 2257 t
1183 2229 1249 2257 etin
1261 2229 1345 2256 terra
1357 2235 1424 2264 pax
1432 2224 1604 2254 hominibus
1613 2223 1700 2253 bonoe

997 2275 1174 2310 voluntatis,
1191 2281 1255 2311 pax
1269 2279 1343 2301 cum
1358 2270 1528 2309 proximo:
1555 2270 1628 2299 Pax
1644 2277 1699 2299 vo-

999 2319 1054 2356 bis,
1071 2320 1165 2350 videte
1181 2327 1290 2348 manus
1306 2319 1334 2347 et
1347 2317 1435 2355 pedes
1445 2325 1538 2351 meos,
1552 2323 1617 2353 pax
1629 2322 1699 2344 car-

997 2364 1047 2395 nis
1069 2365 1228 2403 :Accipite
1256 2363 1408 2401 Spiritum
1442 2363 1605 2397 sanctum,
1633 2367 1699 2398 pax

997 2410 1141 2449 spiritus.

1037 2455 1088 2484 50.
1103 2455 1216 2484 Muscoe
1231 2453 1392 2483 morientes
1403 2452 1611 2482 exterminant
1623 2458 1699 2481 sua-

997 2501 1120 2531 vitatem
1134 2500 1291 2538 υηςιιεηίῐ,
1307 2497 1342 2528 id
1357 2498 1405 2527 est
1418 2496 1550 2526 Vanitas
1563 2517 1573 2533 ,
1588 2495 1700 2525 Curio-

997 2546 1085 2582 sitas,
1099 2546 1133 2576 et
1145 2545 1301 2583 Voluptas
1317 2553 1326 2573 ε
1342 2552 1413 2582 quae
1429 2543 1505 2581 quia
1521 2542 1555 2571 in
1567 2540 1698 2579 AEgypto

998 2593 1032 2623 et
1058 2592 1144 2622 circa
1168 2590 1326 2623 sacrificia
1352 2588 1570 2627 AEgyptiorum
1596 2587 1699 2615 abun-

999 2638 1092 2675 dant,
1108 2645 1172 2668 non
1199 2643 1369 2676 possumus
1394 2635 1428 2665 in
1450 2631 1700 2672 AEgyptorsacri*
