1810 3073
295 200 356 230 2266

296 255 398 286 tristis
417 255 466 287 est
480 258 586 288 anima
607 267 697 299 mea,
718 260 752 290 et
773 261 900 299 quoties
916 268 992 290 con-

295 302 405 332 turbat
416 312 479 333 me..
491 305 565 335 Haec
579 314 694 343 pascua
704 307 781 336 novi
798 307 830 336 et
843 306 993 343 frequen-

295 348 362 377 tavi
383 349 415 378 te
440 353 550 381 secuta
573 353 734 390 pastorem
759 352 842 382 :sed
864 351 992 388 indica,

292 401 418 432 quaeso,
436 396 533 426 etiam
550 406 621 435 quae
636 406 700 426 nou
723 398 810 426 novi.

333 438 364 468 8.
382 440 461 471 Sunt
475 443 605 480 quidem
627 444 661 472 et
685 442 740 471 alii
757 442 920 480 pastores,
936 441 992 480 qui

293 481 406 514 dicunt
421 494 454 516 se
467 495 535 517 esse
548 488 672 517 sodales
689 489 772 524 tuos,
783 487 815 516 et
829 495 893 516 non
906 489 992 525 suut,

293 527 449 561 habentes
462 540 572 570 greges
589 541 681 570 suos,
695 534 728 562 et
742 533 823 562 sines
842 541 914 562 suos
933 541 990 571 pa-

292 572 368 603 bulo
385 577 496 606 mortis
507 578 641 608 refertos
654 600 663 616 ‚
678 578 711 608 in
725 579 843 617 quibus
857 579 992 617 pascunt

291 626 352 648 uec
368 620 494 660 tecum,
508 630 568 652 nec
583 632 644 661 per
658 625 690 654 te
702 646 711 662 ,
727 632 865 662 quorum
880 625 992 662 utique

293 664 447 695 terminos
473 675 536 697 non
563 668 701 707 intravi,
728 678 787 699 nec
804 670 991 708 appropiavi

292 709 350 738 eis.
375 712 438 749 Ipsi
461 715 535 743 suut
550 714 605 752 qui
622 714 754 752 dicunt,
778 717 856 745 Ecce
881 715 929 744 laic
950 717 993 745 est

292 754 448 794 Christus,
461 768 524 789 ecce
541 761 599 789 illic
614 762 658 790 est
673 769 683 789 .·
701 761 929 797 promittentes
944 768 992 789 sa-

291 799 422 836 pientiae
438 805 471 833 et
485 805 628 834 scientiae
644 813 760 842 pascua
774 805 922 834 uberiora
934 827 942 842 ‚
959 806 991 834 et

291 846 434 877 creditur
450 849 515 886 eis,
531 851 564 879 et
579 850 747 880 confluunt
762 850 801 879 ad
814 858 867 879 eos
882 851 990 887 multi,

292 890 323 919 ct
333 890 456 923 faciunt
469 903 523 923 eos
531 895 612 923 filios
620 895 777 932 gehennae
787 896 885 933 duplo
895 903 990 933 quam

290 942 336 964 se.
354 937 416 967 Cur
431 939 510 968 hoc?
526 939 589 969 nisi
607 940 685 977 quia
706 948 769 969 non
786 942 836 969 est
861 941 907 968 ibi
922 948 991 969 me·-

290 980 390 1012 ridies
407 985 439 1013 et
450 986 619 1022 perspicua
638 986 694 1014 lux
707 1007 716 1022 ,
739 986 775 1014 ut
791 985 915 1023 liquido
936 994 991 1015 ve-

290 1026 367 1056 rinis
382 1032 590 1067 cognoscatur
603 1053 611 1068 ‚
629 1030 789 1068 facileque
814 1039 872 1068 pro
888 1040 924 1061 ea
940 1040 992 1061 re-

290 1072 411 1110 cipitur
426 1075 548 1106 falsitas
563 1078 696 1114 propter
711 1077 783 1106 veri
803 1077 991 1107 similitudi-

290 1125 384 1156 nem,
408 1129 479 1158 quae
494 1130 559 1151 nou
576 1121 671 1152 facile
689 1122 721 1151 in
734 1123 868 1152 obscuro
884 1131 901 1152 a
913 1131 990 1152 vero

290 1163 502 1204 discernitur,
519 1169 700 1206 praesertim
716 1168 791 1206 quia
808 1177 895 1207 aquoe
921 1170 991 1207 fur-

289 1212 356 1240 ticae
370 1213 517 1244 dulciores
527 1216 615 1250 sunt,
637 1216 664 1244 et
684 1216 776 1253 panis
796 1214 990 1246 absconditus

288 1258 433 1288 sum-ior?
446 1260 482 1289 Et
495 1261 670 1298 propterea
691 1268 798 1298 quaeso
816 1262 851 1290 ut
866 1261 990 1291 indices

290 1301 392 1339 mihi,
408 1304 462 1333 ubi
474 1314 602 1342 pascas,
624 1305 677 1334 ubi
691 1306 778 1335 cubes
794 1307 826 1335 ιή
846 1307 988 1343 meridie,

290 1347 323 1376 id
335 1349 384 1378 est
396 1348 429 1378 in
441 1350 612 1380 manifesto
623 1359 631 1380 ·.
641 1359 681 1380 ne
691 1351 822 1381 seducta
835 1351 989 1390 incipiam

288 1395 397 1432 vzgari
424 1396 497 1433 post
521 1405 633 1434 greges
658 1397 816 1426 sodalium
837 1398 988 1436 tuorum,

289 1441 561 1477 quemadmodum
578 1444 610 1473 et
626 1443 688 1480 ipsi
703 1444 775 1480 vagi
795 1445 886 1480 sunt,
899 1445 989 1473 nulla

289 1485 422 1515 stabiles
448 1487 643 1518 certitudine
675 1489 839 1525 veritatis,
873 1499 990 1528 semper

287 1531 442 1568 discentes,
459 1534 486 1562 et
500 1542 672 1572 numquam
687 1535 725 1563 ad
736 1536 894 1564 scientiam
909 1537 990 1565 veri-

290 1578 360 1607 tatis
378 1580 595 1615 pervenientes.
617 1579 692 1609 Haec
717 1588 831 1617 sponsa
857 1580 990 1618 propter

288 1622 555 1660 philosophorum
566 1625 599 1654 et
610 1624 840 1655 haereticorum
851 1626 942 1656 varia
957 1628 989 1656 et

287 1675 370 1697 vana
386 1668 545 1706 dogmata.

328 1714 358 1743 9.
369 1714 448 1744 Mihi
462 1723 539 1744 vero
553 1714 684 1745 videtur
698 1723 763 1745 non
775 1716 877 1746 solum
893 1725 990 1755 prop-

288 1760 338 1789 ter
353 1767 409 1797 ea,
434 1759 491 1789 sed
515 1761 549 1790 et
572 1761 706 1798 propter
729 1761 817 1791 dolos
838 1761 990 1792 invisibi-

288 1806 370 1835 lium
385 1805 583 1844 potestatum
594 1828 604 1844 ,
619 1808 703 1837 sicut
719 1808 794 1837 sunt
813 1808 988 1839 seductorii

288 1852 433 1890 spiritus,
442 1852 635 1882 sedentesin
646 1853 783 1891 insidiis,
796 1854 828 1883 et
839 1856 989 1892 parantes

288 1898 419 1936 sagittas
441 1906 513 1928 suas
529 1898 563 1928 in
586 1898 760 1937 pharetra,
781 1900 818 1929 ut
838 1900 990 1937 sagittent

288 1945 321 1974 in
344 1945 477 1974 obscuro
493 1945 598 1974 rectos
619 1945 713 1974 corde
732 1954 740 1974 z
758 1946 888 1983 propter
914 1946 988 1985 lios,

287 1990 437 2028 inquam,
454 1991 487 2021 et
505 1990 667 2028 maxime,
683 1991 815 2021 videtur
838 1991 920 2021 mihi
935 1992 987 2022 illa

288 2039 442 2069 meridIes
459 2039 597 2077 optanda
609 2039 708 2069 etiam
724 2039 834 2077 nobis,
850 2041 887 2069 ut
902 2040 988 2070 clara

287 2085 359 2114 luce
383 2085 666 2123 deprehendamus
692 2085 826 2116 astutias
848 2086 988 2125 diaboli,

288 2133 384 2168 atque
414 2131 565 2169 angelum
588 2133 708 2162 satanae
733 2132 846 2170 illum,
871 2132 928 2170 qui
954 2141 987 2163 se

286 2177 489 2215 transfigurat
499 2178 531 2206 in
541 2178 698 2215 Angelum
711 2177 804 2215 lucis,
817 2178 856 2207 ab
868 2179 1006 2218 Angelo⁴

287 2224 394 2252 nostro
408 2223 561 2252 facillime
575 2223 884 2253 discernamus.Non
897 2224 983 2253 enim

288 2268 384 2298 aliter
404 2276 462 2297 nos
491 2268 654 2298 custodire
682 2268 859 2299 sufficimus
880 2269 919 2298 ab
940 2270 987 2298 in-

286 2321 382 2342 cursu
407 2315 439 2343 et
464 2313 622 2342 dazinonio
647 2313 829 2343 meridiano
841 2336 850 2352 ‚
874 2314 937 2343 nisi
954 2315 986 2344 in

287 2359 573 2397 meridiano5aeque
595 2360 733 2389 lumine.
749 2360 840 2397 Quod
855 2360 984 2398 quidem

287 2404 481 2434 daemonium
498 2405 617 2434 idcirco
630 2405 847 2434 meridianum
863 2406 984 2436 dictum

287 2449 439 2479 existimo
452 2471 462 2486 ‚
476 2449 552 2488 quia
575 2450 652 2479 sunt
673 2449 774 2487 aliqui
796 2449 834 2478 de
851 2458 986 2480 numero

287 2494 576 2533 inalignorun1,qui
593 2503 666 2524 cuin
678 2495 793 2524 merito
808 2495 986 2526 tenebrosae

287 2540 518 2579 obstinataeque
531 2541 707 2570 voluntatis
721 2549 786 2570 suae
798 2549 864 2570 nox
877 2542 907 2571 et
920 2550 985 2571 nox

286 2588 443 2625 perpetua
458 2586 534 2625 sint,
547 2587 633 2617 diem
650 2587 757 2617 tamen
770 2595 803 2617 se
816 2587 855 2616 ad
871 2587 987 2617 fallen-

286 2631 362 2661 dum
371 2632 522 2663 simulare
532 2633 704 2671 noverunt,
714 2641 773 2664 nec
782 2633 874 2663 modo
887 2633 985 2673 diem,

756 207 787 234 S.
807 205 1043 235 BERNARDI
1061 207 1256 237 ABBATls

1026 261 1083 290 sed
1099 261 1131 291 et
1143 263 1313 293 meridiem
1330 273 1338 295 :
1355 264 1439 295 sicut
1451 273 1562 295 eorum
1574 265 1724 305 princeps

1027 314 1091 335 non
1107 308 1279 339 contentus
1293 318 1363 340 esse
1376 311 1509 349 aequalis
1524 312 1592 341 Deo
1602 333 1611 349 ⁷
1627 311 1725 341 etiam

1026 353 1223 390 adversatur,
1248 356 1276 384 et
1301 357 1459 386 extollitur
1472 366 1568 396 supra
1592 358 1623 386 id
1647 356 1726 394 quod

1026 398 1148 434 dicitur,
1160 401 1215 429 aut
1225 401 1305 438 quod
1317 402 1425 431 colilur
1436 404 1529 432 Deus.
1539 403 1651 440 ltaque
1662 400 1725 432 nisi

1027 443 1114 472 cordi
1129 444 1236 483 illius,
1252 454 1350 483 quem
1366 447 1446 477 torte
1472 448 1601 486 aliquod
1617 447 1727 477 istius-

1027 489 1113 518 modi
1136 489 1329 520 daemonium
1354 493 1570 523 meridianum
1597 494 1727 523 tentan-

1026 534 1103 565 dum
1118 537 1300 575 acceperit,
1313 538 1420 568 oriens
1437 546 1479 568 ex
1493 540 1557 569 alto
1579 538 1728 569 illuxerit

1026 589 1122 611 verus
1138 583 1311 620 meridieS,
1334 583 1390 621 qui
1416 583 1534 614 falsum
1555 583 1727 614 convincat

1027 627 1058 655 et
1073 627 1188 664 prodat
1201 637 1209 665 ς
1236 636 1300 658 non
1314 629 1438 667 poterit
1452 630 1583 659 omnino
1597 629 1725 667 caveri,

1026 672 1082 701 sed
1103 674 1240 703 tentabit
1257 675 1288 704 et
1303 675 1522 712 supplantabit
1543 676 1612 705 sine
1627 674 1726 704 dubio

1026 717 1085 746 sub
1101 718 1209 755 specie
1226 719 1300 748 boni
1313 741 1322 757 ‚
1339 728 1396 757 pro
1412 720 1495 749 bono
1518 720 1643 750 scilicet
1658 727 1726 749 ma-

1026 762 1093 790 lum
1113 763 1243 793 incauto
1259 765 1292 794 et
1311 765 1494 802 improvido
1514 764 1724 803 persuadens.

1026 807 1062 836 Et
1077 809 1153 838 tunc
1168 809 1339 848 meridies,
1355 810 1389 840 id
1404 812 1452 840 est
1468 811 1568 847 major
1584 810 1725 848 claritas,

1025 854 1176 890 apparet,
1193 854 1340 892 tentans,
1357 863 1432 884 cum
1458 855 1549 893 quasi
1565 855 1641 884 boni
1657 863 1726 884 ma·-

1022 898 1102 934 j0ris
1114 898 1288 935 imaginem
1299 900 1441 937 praefert.

1065 943 1115 972 10.
1137 944 1287 982 Quoties,
1309 946 1401 974 verbi
1424 953 1534 983 causa,
1569 945 1726 983 suggessit

1025 988 1202 1026 anticipare
1228 989 1373 1027 vigilias,
1409 999 1472 1028 quo
1501 991 1541 1020 ad
1569 991 1724 1020 solemnia

1026 1032 1161 1063 fratrum
1181 1034 1334 1065 illuderet
1355 1035 1560 1066 dormitanti?
1587 1037 1723 1072 Quoties

1026 1078 1159 1115 produci
1172 1079 1296 1116 jejunia
1307 1102 1316 1117 ‚
1330 1081 1366 1110 ut
1379 1081 1499 1110 divinis
1511 1081 1674 1118 obsequiis
1687 1089 1724 1110 eo

1025 1124 1176 1154 inutilem
1204 1126 1377 1163 redderet,
1412 1135 1475 1164 quo
1509 1126 1725 1156 imbecillem?

1024 1170 1155 1206 Quoties
1170 1171 1252 1201 bene
1268 1171 1511 1209 proficientibus
1524 1172 1557 1201 in
1569 1173 1724 1202 coenobiis

1026 1217 1195 1254 invidens,
1211 1217 1346 1247 obtentu
1370 1218 1461 1255 quasi
1481 1218 1611 1254 majoris
1635 1218 1724 1256 puri-

1025 1262 1100 1291 tatis
1139 1270 1286 1291 eremum
1326 1264 1440 1301 petere
1472 1263 1651 1301 persuasit,
1689 1264 1723 1293 et

1025 1308 1245 1344 cognoverunt
1264 1307 1374 1338 miseri
1391 1308 1538 1346 tandem,
1554 1316 1649 1346 quam
1665 1316 1723 1338 ve-

1025 1361 1078 1382 rus
1102 1353 1145 1383 sit
1166 1361 1270 1383 sermo
1291 1362 1388 1392 quem
1411 1354 1528 1383 trustra
1550 1353 1720 1390 legerant:

1027 1400 1081 1429 Vae
1095 1400 1168 1436 soli,
1185 1401 1331 1438 quoniam
1342 1401 1369 1429 si
1388 1401 1526 1429 ceciderit
1537 1408 1618 1436 ,non
1633 1399 1724 1429 habet

1023 1444 1246 1474 sublevantem?
1259 1445 1391 1481 Quoties
1406 1445 1447 1474 ad
1470 1452 1550 1482 opus
1569 1451 1723 1473 manuum

1024 1490 1193 1527 plusquam
1227 1498 1306 1527 opus
1332 1490 1438 1520 fuerat
1450 1512 1458 1527 ‚
1490 1486 1662 1527 incitavit3
1691 1489 1724 1519 et

1023 1534 1160 1564 fractum
1189 1536 1331 1573 viribus,
1362 1536 1489 1566 caeteris
1522 1535 1723 1571 regularibus

1024 1581 1190 1611 exercitiis
1220 1581 1400 1611 invalidum
1427 1579 1589 1611 reddidit?
1620 1582 1723 1618 Quam

1024 1627 1135 1657 multis
1156 1627 1423 1657 exercitationem
1446 1629 1588 1665 corporis
1617 1626 1627 1666 (
1652 1636 1723 1666 quae

1022 1672 1116 1709 juxta
1142 1673 1327 1710 Apostolum
1351 1673 1391 1702 ad
1419 1673 1583 1703 modicum
1607 1671 1722 1711 valet)

1024 1726 1088 1748 non
1103 1718 1261 1747 modicam
1276 1718 1446 1756 persuasit,
1458 1719 1490 1748 et
1503 1719 1622 1756 pietate
1637 1718 1723 1748 frau-

1025 1763 1138 1793 davit?
1152 1763 1301 1802 Denique
1318 1764 1381 1801 ipsi
1395 1764 1522 1801 experti
1539 1764 1627 1801 estis,
1643 1772 1722 1802 quo-

1024 1809 1117 1838 modo
1133 1810 1286 1849 quidam(
1299 1810 1338 1839 ad
1347 1810 1576 1840 verecundiam
1592 1810 1721 1840 illorum

1025 1856 1096 1885 dico
1112 1856 1282 1895 >quiante
1304 1856 1448 1886 inhiberi
1472 1865 1537 1886 non
1552 1857 1721 1895 poterant,

1025 1901 1094 1941 (ita
1124 1903 1157 1932 in
1183 1902 1302 1940 spiritu
1328 1903 1518 1933 vehementi
1547 1902 1587 1932 ad
1611 1903 1721 1932 omnia

1024 1948 1241 1988 serebantur)
1262 1949 1334 1987 post
1349 1948 1390 1978 ad
1412 1949 1534 1978 tantam
1559 1949 1722 1986 ignaviam

1024 1995 1244 2033 devenerunt,
1271 1995 1309 2024 ut
1330 1994 1506 2025 secundum
1530 1994 1612 2023 illud
1636 1994 1721 2031 Apo-

1022 2041 1114 2079 stoli,
1129 2048 1201 2070 cum
1214 2040 1329 2078 spiritu
1341 2039 1517 2077 coeperint,
1529 2047 1614 2068 nunc
1626 2046 1721 2069 carne

1023 2088 1304 2117 consummentur:
1322 2093 1417 2123 quam
1427 2085 1521 2123 turpe
1534 2085 1638 2114 iniere
1662 2085 1720 2114 soe-

1022 2133 1081 2163 dus
1093 2142 1165 2162 cum
1184 2133 1250 2162 suis
1270 2132 1476 2169 corporibus,
1505 2131 1622 2169 quibus
1650 2139 1720 2161 cru-

1022 2179 1094 2208 dele
1115 2179 1188 2207 ante
1219 2177 1407 2207 indixerant
1430 2176 1565 2206 bellum.
1590 2176 1721 2214 Videas,

1021 2232 1079 2262 pro
1102 2223 1217 2261 pudor,
1244 2223 1428 2260 importune
1450 2220 1612 2259 superflua
1633 2229 1720 2259 quae-

1020 2270 1131 2308 ritare‚
1154 2269 1209 2307 qui
1224 2269 1315 2307 prius
1336 2268 1519 2298 necessaria
1535 2267 1719 2297 obstinatis-

1020 2315 1100 2345 sime
1116 2315 1319 2345 recusabant.
1340 2314 1539 2351 Quamquam
1562 2313 1588 2342 si
1613 2313 1718 2350 quiin

1021 2369 1076 2390 sua
1098 2360 1179 2390 forte
1209 2360 1324 2389 invicti
1358 2359 1574 2389 obstinatione
1599 2358 1718 2397 perdu-

1020 2407 1092 2436 rant
1104 2428 1113 2443 ,
1139 2405 1346 2435 indiscretius
1366 2404 1564 2435 abstinentes
1576 2425 1585 2442 ‚
1602 2403 1635 2433 et
1650 2403 1718 2433 sin-

1020 2452 1192 2488 gularitate
1219 2451 1355 2480 notabili
1384 2449 1611 2480 conturbantes
1643 2456 1717 2486 eos,

1021 2506 1093 2526 cum
1113 2497 1230 2535 quibus
1246 2496 1391 2526 habitare
1407 2496 1526 2526 debent
1541 2495 1635 2525 unius
1649 2500 1718 2522 mo-

1020 2544 1063 2572 ris
1075 2542 1107 2571 in
1124 2542 1218 2571 domo
1235 2551 1242 2571 :
1257 2542 1343 2572 haud
1358 2542 1423 2572 scio
1439 2549 1514 2571 sane
1527 2548 1567 2569 an
1581 2547 1614 2568 se
1630 2537 1716 2567 exis-

1021 2589 1137 2618 timent
1159 2588 1314 2626 pietatem
1331 2587 1490 2624 retinere,
1506 2592 1578 2616 cum
1600 2583 1716 2620 hujus-

1022 2633 1107 2664 modi
1133 2634 1211 2663 milii
1236 2633 1406 2663 videantur
1428 2632 1459 2661 ct
1483 2629 1606 2669 longius
1629 2629 1716 2666 abje-
