1810 3073
469 205 514 234 IN
536 205 735 235 CANTIGA
759 202 904 232 SERMO
930 207 1089 234 XXXIV.

1448 213 1507 245 269

82 270 159 301 pore
183 261 244 292 isto
265 269 274 291 e
294 261 389 292 Filios
413 262 546 291 enutrit-i
570 262 598 291 et
622 260 777 296 εωαῑίανί,
814 260 1016 299 correptione
1031 259 1236 300 humiliatur,
1247 263 1429 297 humilitate
1441 276 1508 298 me-

82 311 139 347 ηις-ι’
152 311 253 338 autem
267 308 440 346 sprec-erunt
455 316 514 336 me.
531 305 731 345 Spreverunt
746 305 780 335 et

80 352 322 383 maculaverunt
336 361 388 382 me
412 360 429 381 a
445 353 532 390 turpi
550 353 635 390 vita,
652 360 669 381 a
691 350 778 388 turpi

77 399 218 435 quaestu,
234 405 250 426 a
266 398 353 435 turpi
380 399 590 436 commercio,
607 406 624 427 a
649 396 777 435 negotio

78 443 216 480 denique
232 444 478 480 perambulante
495 444 529 472 in
548 443 703 473 tenebris.
716 442 777 471 Su-

78 487 186 525 perest
202 489 238 517 ut
250 487 316 523 jam
333 488 372 518 de
387 489 494 518 medio
512 489 568 518 fiat
582 487 775 518 daemonium

78 532 295 562 meridianum
322 534 361 562 ad
389 533 587 563 seducendos
608 533 635 562 si
659 533 714 570 qui
741 532 775 561 in

75 577 198 607 Christo
215 578 334 608 residui
350 579 425 608 sunt
437 601 445 616 ‚
462 579 566 607 adhuc
581 585 776 615 permanen-

76 621 124 650 tos
139 622 172 651 in
188 623 396 661 simplicitate
409 632 476 652 sua.
491 621 656 659 Siquidem
669 622 775 650 absor-

75 665 147 696 buit
175 668 289 698 ssuvios
314 668 527 705 sapientium,
558 668 590 696 et
614 667 774 696 torrentes

75 713 272 751 potentium,
289 715 322 742 et
347 713 436 742 habet
457 713 600 748 fiduciam
615 714 648 740 ut
662 712 775 741 Jorda-

73 759 121 787 ‘en's
137 759 245 795 influat
260 760 290 787 in
307 768 339 788 os
355 758 435 794 ejus,
452 756 484 785 id
501 757 548 785 est
563 756 724 793 simplices
741 757 772 786 et

75 800 212 831 humiles
227 802 282 840 qui
298 802 418 831 suntin
432 801 586 830 Ecclesia.
600 802 670 839 Ipse
685 801 771 830 enim

73 849 122 877 est
149 848 365 877 Antichristus
380 869 389 884 ,
420 847 475 884 qui
510 855 543 876 se
572 855 637 876 non
668 847 771 876 solum

71 891 175 930 diem,
191 893 248 922 scd
273 894 305 921 et
332 892 503 921 meridiem
529 892 724 930 mentietur,
744 895 771 922 et

70 939 231 967 extolletur
263 947 358 976 supra
384 938 414 967 id
445 939 524 975 quod
555 938 666 966 (licitur
680 959 689 974 ,
717 939 770 967 aul

71 984 150 1020 quod
165 984 274 1013 colitur
284 986 366 1014 Dens
382 991 500 1021 :quem
514 983 669 1012 Dominus
679 984 771 1013 Jesus

69 1026 247 1057 interficiet
270 1029 388 1066 spiritu
416 1029 479 1057 oris
494 1029 562 1066 sui,
579 1028 611 1057 et
628 1028 771 1059 destruet

69 1072 285 1103 illustratione
297 1074 453 1104 adventus
467 1074 515 1104 sui
526 1096 534 1112 ,
550 1075 662 1112 utpote
674 1083 770 1104 verus

71 1120 103 1148 et
128 1121 267 1149 aeteruns
288 1120 455 1157 MeridieS,
478 1129 612 1158 sponsus
628 1121 660 1149 et
675 1121 770 1149 advo-

69 1165 160 1193 catus
189 1165 338 1194 Ecclesiae
349 1186 357 1202 ,
383 1166 438 1202 qui
468 1166 516 1194 est
543 1174 640 1203 super
663 1166 769 1195 omnia

69 1210 156 1240 Deus
174 1211 365 1241 benedictus
380 1211 413 1240 in
429 1211 545 1241 saecula
556 1232 565 1249 ,
580 1219 686 1241 amen.

368 1277 453 1285 ——1

223 1316 392 1348 SERMO
428 1317 610 1349 XXXIV.

80 1383 114 1408 ln
127 1391 184 1415 quo
197 1386 335 1408 tractatur
349 1385 381 1408 de
394 1384 559 1408 Humilitate
570 1386 596 1407 et
611 1383 753 1408 Patientia.

109 1437 139 1466 1.
155 1438 188 1467 SI
204 1439 326 1476 φησι-ας
338 1439 382 1473 te,
404 1446 421 1467 o
435 1438 541 1475 pulcra
557 1438 637 1466 inter
658 1438 767 1466 mulie-

65 1493 133 1519 res,
148 1484 302 1521 eoi-edere,
318 1484 346 1512 et
359 1483 411 1512 abi
422 1485 488 1521 post
503 1492 604 1521 qreqes
617 1483 765 1512 sodalium

65 1531 206 1565 tuorum,
222 1531 249 1558 et
261 1537 350 1566 pasce
365 1528 464 1558 ltaedos
477 1530 542 1558 tuos
551 1529 648 1565 juaeea
664 1528 766 1558 tuber-

66 1575 181 1604 macuta
191 1575 361 1612 pastorum.
378 1573 462 1602 Olim
478 1574 605 1602 sanctus
624 1573 763 1611 Moyses,

67 1619 218 1657 quoniam
233 1619 371 1648 multum
386 1619 600 1657 praesumebat
612 1618 651 1647 de
664 1619 764 1656 gratia

67 1666 102 1694 et
116 1664 352 1701 familiaritate,
369 1672 466 1701 quam
488 1664 659 1693 invenerat
681 1665 765 1702 apud

66 1710 188 1746 Deum,
211 1709 393 1747 adspirabat
416 1709 456 1738 ad
476 1709 647 1747 quamdam
669 1709 765 1739 visio-

66 1764 141 1785 nem
170 1763 336 1793 magnam,
352 1755 396 1784 ita
421 1756 458 1784 ut
481 1755 605 1784 diceret
628 1756 695 1784 Deo
711 1757 768 1785 :Si

66 1802 167 1830 inveni
193 1802 325 1839 qratiam
354 1802 387 1830 iu
416 1801 509 1830 oculis
538 1802 597 1831 {uls
613 1822 623 1837 ,
647 1802 765 1831 ostende

66 1846 142 1875 milii
157 1847 293 1884 teipsum.
309 1846 441 1883 Accepit
465 1846 573 1876 autem
595 1854 651 1883 pro
669 1855 706 1875 ea
718 1847 766 1875 vi-

66 1891 188 1921 sionem
203 1892 294 1928 longe
307 1891 493 1921 inferiorem
505 1913 514 1928 .,
528 1900 569 1921 ex
582 1900 643 1929 qua
656 1893 763 1921 tamen

65 1936 103 1965 ad
133 1937 234 1973 ipsam
272 1945 368 1974 quam
397 1937 544 1974 volebat,
571 1938 679 1974 posset
705 1938 765 1966 ali—

64 1982 192 2020 quando
217 1982 401 2019 pervenire.
417 1982 491 2011 Filii
512 1990 640 2020 quoque
664 1983 764 2012 Zebe-

65 2027 126 2056 daei
152 2027 183 2056 iu
209 2027 417 2064 simplicitate
449 2028 552 2057 cordis
577 2028 626 2057 sui
653 2028 763 2058 ambu-

64 2072 168 2101 lantes
180 2094 189 2108 ,
214 2081 364 2109 magnum
395 2072 517 2110 aliquid
542 2073 576 2102 et
607 2073 668 2111 ipsi
693 2075 761 2104 ausi

63 2119 155 2154 sunt,
172 2118 227 2146 sed
251 2118 290 2146 ad
310 2117 442 2155 gradum
460 2118 671 2148 nihilominus
687 2122 761 2149 sunt

63 2164 187 2193 reducti
199 2186 208 2202 ,
221 2172 380 2201 perquem
392 2164 497 2193 fuerat
507 2164 758 2195 ascendendum.

61 2209 107 2238 lta
124 2210 156 2238 et
172 2210 263 2238 modo
279 2217 408 2247 sponsa,
421 2210 569 2247 quoniam
586 2218 654 2239 rem
667 2219 761 2247 gran-

64 2254 135 2283 dem
149 2255 308 2291 postulare
323 2255 469 2293 videtur,
481 2256 668 2293 reprimitur
684 2265 758 2286 sane

63 2299 231 2328 austeriori
248 2301 471 2337 responsione,
487 2301 543 2330 sed
565 2301 660 2338 plane
686 2302 758 2331 utili

62 2346 96 2374 et
124 2345 224 2373 fideli.
254 2345 387 2382 Oportet
419 2353 559 2383 namque
591 2347 759 2377 humiliter

62 2390 182 2419 sentire
199 2389 238 2418 de
266 2398 299 2419 se
323 2390 483 2419 nitentem
500 2390 539 2419 ad
564 2390 701 2420 altiora:
717 2400 758 2422 ne

62 2435 138 2464 dum
167 2443 263 2471 snpra
284 2443 317 2463 se
346 2435 522 2473 attollitur,
549 2436 640 2466 cadat
662 2445 680 2466 a
707 2445 757 2475 se,

61 2480 123 2509 nisi
140 2480 171 2508 in
188 2489 221 2509 se
237 2480 372 2510 tirmiter
388 2489 446 2518 per
465 2489 576 2510 veram
591 2482 760 2513 humilita-

60 2526 126 2555 tem
143 2525 239 2555 suerit
253 2525 419 2555 solidatus.
433 2527 469 2556 Et
481 2528 557 2565 quia
574 2528 637 2557 nisi
652 2529 758 2558 humi-

60 2571 161 2600 litatis
177 2571 290 2601 merito
306 2571 446 2602 maxima
462 2573 596 2602 minime
609 2573 758 2604 obtinen-

62 2617 132 2654 tur,
154 2619 321 2655 propterca
350 2617 405 2656 qui
428 2619 658 2657 provehendus
688 2620 755 2660 est,

812 304 913 334 retur.
931 306 978 334 Tu
994 313 1068 342 ergo
1084 313 1157 335 cum
1180 306 1211 336 te
1233 307 1398 338 humiliari
1414 312 1509 342 vide-

812 348 871 386 ris,
888 348 1006 379 habeto
1022 349 1055 378 id
1082 349 1209 387 signum
1239 351 1273 379 in
1295 351 1413 381 honum
1438 363 1508 384 om-

811 394 885 423 nino
910 395 1135 432 argumentum
1152 395 1262 432 gratiae
1289 397 1508 435 propinquan-

811 439 860 468 tis.
883 440 959 469 Nam
983 440 1067 469 sicut
1093 440 1167 470 ante
1194 441 1321 469 ruinam
1346 442 1508 472 exaltatur

810 493 878 522 cor,
895 485 940 514 ita
965 486 1038 515 ante
1056 485 1287 515 exaltationem
1305 486 1506 518 humiliatur.

807 530 888 558 Sane
903 530 1078 568 utrumque
1094 531 1191 568 legis,
1207 531 1311 559 Deum
1335 532 1460 561 scilicet
1475 533 1509 561 et

807 575 955 611 superbis
979 575 1149 612 resistere,
1167 576 1200 604 et
1224 575 1402 606 humilibus
1430 576 1507 605 dare

806 619 953 656 gratiam.
978 621 1088 650 Nonne
1110 621 1249 659 denique
1264 630 1393 651 servum
1414 630 1508 652 suum

805 664 881 702 Job,
905 674 977 695 cum
1003 667 1074 703 post
1100 667 1259 704 insignem
1285 667 1506 705 triumphum,

807 709 926 738 tantam
940 711 973 739 et
993 711 1059 740 tam
1084 711 1250 749 probatam
1266 712 1367 749 ipsius
1382 713 1507 749 patien-

807 755 881 783 tiam
898 756 985 794 larga
997 757 1265 786 remunerandam
1277 758 1506 788 benedictione

805 802 968 839 censeret,
984 802 1074 840 prius
1103 802 1137 831 in
1162 796 1281 832 multis'
1296 804 1329 832 et
1350 803 1506 833 districtis

805 848 1124 881 percunctationibus
1151 849 1325 878 humiliare
1359 849 1504 885 curavit,

804 892 837 921 et
852 892 896 922 sic
912 902 1024 931 parare
1041 895 1124 924 viam
1142 895 1385 924 benedictioni?

842 936 872 966 2.
886 939 925 967 At
938 947 1051 976 parum
1068 940 1116 968 est
1131 947 1204 968 cum
1218 948 1277 977 per
1288 940 1431 977 seipsum
1445 938 1506 969 hu·-

803 983 907 1014 miliat
922 992 979 1013 nos
992 986 1079 1014 Deus
1092 1007 1100 1022 ,
1117 985 1144 1014 si
1158 986 1235 1014 tunc
1257 985 1399 1014 libenter
1418 985 1505 1014 acci-

804 1028 926 1067 pimus,
951 1030 1013 1059 nisi
1035 1030 1164 1068 quando
1187 1032 1219 1060 et
1241 1039 1299 1068 per
1321 1031 1421 1059 alium
1443 1030 1504 1060 hoc

805 1073 895 1111 facit,
919 1074 1079 1112 sapiamus
1105 1075 1268 1104 similiter.
1289 1075 1503 1111 Quamobrem

802 1119 939 1157 accipite
964 1120 1062 1157 hujus
1084 1120 1133 1149 rei
1156 1120 1304 1149 mirabile
1327 1121 1503 1150 documen-

804 1166 868 1193 tum
894 1165 933 1195 de
949 1167 1056 1196 sancto
1072 1166 1186 1195 David.
1203 1167 1381 1204 Aliquando
1398 1167 1500 1196 male-

801 1210 922 1240 dictum
945 1212 993 1241 est
1008 1212 1058 1241 illi
1080 1213 1112 1241 et
1133 1220 1150 1241 a
1173 1220 1287 1249 servo3
1316 1212 1347 1241 at
1366 1212 1422 1241 ille
1438 1219 1499 1241 nec

801 1257 995 1286 cumulatam
1015 1257 1167 1295 injuriam
1183 1257 1304 1294 sensit,
1320 1258 1395 1295 quia
1415 1266 1501 1295 prae-

799 1302 900 1330 sensit
914 1303 1061 1339 gratiam.
1075 1304 1154 1341 Quid
1168 1303 1253 1338 miln’,
1269 1302 1335 1340 ait,
1357 1305 1384 1332 et
1399 1302 1500 1338 vobis,

797 1345 852 1381 filii
866 1347 1004 1377 Sarcioe?
1019 1349 1043 1376 Ο
1059 1356 1136 1378 vere
1146 1347 1499 1386 hominemselcundum

799 1400 852 1420 cor
876 1393 955 1431 Dei,
981 1393 1037 1431 qui
1066 1401 1103 1423 SE
1132 1400 1346 1430 nLcisCENTI,
1371 1392 1498 1430 potius,

797 1445 893 1474 quam
908 1445 1155 1468 EXPROBRAN‘H
1170 1438 1425 1467 succensendum
1440 1447 1501 1476 pu·-

799 1481 889 1512 tavit.
906 1483 996 1512 Unde
1013 1483 1046 1512 et
1058 1492 1168 1513 secura
1182 1483 1377 1513 conscientia
1389 1484 1501 1521 loque-

798 1525 892 1556 batur
917 1536 925 1555 :
952 1528 988 1558 Si
1009 1529 1126 1557 reddidi
1152 1528 1388 1558 retribuentibus
1421 1528 1501 1558 ‘mihi

796 1572 902 1607 mala,
925 1573 1060 1602 decidam
1081 1575 1190 1603 merito
1216 1573 1254 1603 ab
1271 1574 1401 1604 inimicis
1424 1575 1498 1603 meis

797 1617 909 1648 inanis.
920 1618 1031 1648 Vetuit
1043 1627 1117 1657 ergo
1128 1618 1296 1656 prohiberi
1304 1619 1496 1648 maledicum

797 1663 1047 1701 conviciantem,
1065 1671 1241 1702 QUAESTUM
1257 1664 1416 1694 aestimans
1431 1672 1498 1693 ma-

798 1707 929 1737 ledicta.
951 1710 988 1738 Et
1008 1709 1097 1739 addit
1113 1718 1121 1738 :
1138 1711 1289 1739 Dominus
1305 1711 1387 1739 misit
1411 1710 1498 1740 illum

796 1754 835 1783 acl
856 1755 1096 1784 maledicendum
1110 1756 1220 1785 David.
1236 1756 1367 1783 Prorsus
1382 1763 1497 1784 secun-

797 1800 873 1828 dum
889 1808 943 1829 cor
957 1800 1035 1837 Dei,
1052 1800 1105 1838 qui
1123 1801 1161 1830 de
1184 1800 1279 1829 corde
1295 1800 1354 1830 Dei
1370 1800 1496 1830 serebat

796 1845 1000 1874 sententiam.
1010 1845 1193 1875 SAEVOEBAT
1205 1845 1312 1884 lingua
1322 1846 1493 1884 maledica,

797 1892 829 1920 ot
844 1892 899 1920 ille
917 1891 1106 1920 intendebat
1122 1891 1202 1928 quid
1223 1891 1258 1920 in
1275 1892 1401 1921 occulto
1423 1900 1496 1929 age-

796 1936 846 1965 ret
861 1937 957 1966 Deus.
974 1937 1045 1965 Vox
1056 1936 1285 1971 maledicentis¹
1295 1937 1329 1965 in
1344 1937 1494 1975 auribus,

797 1983 828 2010 et
844 1983 970 2012 animus
986 1982 1164 2012 inclinabat
1183 1991 1216 2012 se
1232 1982 1271 2012 ad
1292 1983 1497 2013 bencdictio-

796 2037 880 2058 nem.
897 2028 1059 2066 Numquid
1074 2029 1107 2058 in
1124 2037 1178 2058 ore
1195 2028 1375 2067 blasphemi
1390 2029 1495 2059 Deus?

796 2074 893 2104 Absit.
908 2075 968 2104 Sed
986 2083 1023 2104 eo
1045 2083 1121 2105 usus
1137 2075 1185 2104 est
1200 2075 1239 2103 ad
1256 2074 1492 2105 humiliandum

796 2121 909 2150 David.
926 2121 991 2150 Nec
1017 2120 1112 2150 latuit
1133 2120 1346 2158 Prophetam,
1373 2120 1493 2158 quippe

794 2167 845 2195 cui
871 2166 994 2195 incerta
1020 2166 1053 2195 et
1083 2166 1209 2195 occulta
1236 2165 1402 2202 sapientiae
1427 2174 1494 2196 suae

794 2211 1055 2241 manifestaverat
1069 2212 1173 2248 Deus,
1189 2211 1221 2240 et
1232 2211 1306 2240 ideo
1318 2211 1398 2241 dicit
1412 2219 1420 2240 z
1433 2214 1495 2242 Bo-

793 2267 865 2287 num
883 2258 958 2287 milii
968 2259 1046 2296 quod
1059 2257 1228 2288 hmnilz'asii
1240 2265 1288 2286 me
1299 2277 1311 2294 ‚
1327 2259 1360 2287 ut
1377 2258 1492 2288 discam

786 2304 1016 2341 J'ustilt'caliones
1030 2305 1110 2333 tuus.

830 2349 860 2378 5.
877 2349 974 2378 Vides
987 2348 1062 2386 quia
1074 2347 1240 2378 humilitas
1249 2347 1404 2385 justificat
1415 2346 1490 2377 nos?

792 2395 963 2424 Humilitas
1003 2395 1092 2432 dixi,
1125 2394 1158 2424 et
1194 2402 1258 2423 non
1294 2393 1490 2423 humiliatio.

791 2440 905 2477 Quanti
928 2440 1163 2477 humiliantur,
1189 2440 1246 2477 qui
1264 2439 1403 2468 humiles
1426 2446 1488 2467 non

791 2484 884 2515 sunt?
908 2485 971 2515 Alii
997 2493 1070 2514 cum
1097 2493 1228 2514 rancore
1253 2483 1488 2519 humiliantur,

791 2530 845 2559 alii
868 2531 1048 2568 patienter,
1071 2531 1126 2559 alii
1153 2531 1186 2559 et
1212 2529 1362 2558 libenter.
1388 2527 1486 2556 Primi

789 2576 836 2606 rei
846 2577 919 2606 sunt
929 2599 937 2614 ,
948 2577 1121 2613 sequentes
1131 2574 1268 2609 innoxii,
1279 2572 1383 2602 ultimi
1393 2572 1485 2608 justi.

789 2622 986 2660 Quamquam
1000 2622 1032 2650 et
1045 2619 1226 2650 innocentia
1241 2617 1486 2656 portio-iustitiae
