1830 3073
302 202 342 233 86

301 256 486 289 necessaria
494 257 534 288 et
545 257 739 288 conveniens
751 257 794 287 sit
808 255 956 286 hilaritas
971 255 1004 284 in

302 303 498 335 obedientiae
513 303 735 334 exsecutione.
748 301 826 339 Quis
841 301 928 330 enim
944 300 1006 329 im-

302 350 395 389 perat
408 349 533 380 homini
543 348 698 385 libenter,
707 346 875 376 tristitiam
891 344 1006 374 efflan-

301 395 349 426 ti?
366 395 400 426 Si
414 394 466 426 vis
480 401 554 433 ergo
569 393 736 433 perfectus
751 399 821 421 esse
831 413 839 428 ,
856 389 1006 419 hilariter

303 441 421 472 etcum
437 448 553 479 magna
571 438 682 470 vultus
697 436 865 467 alacritate
877 435 1006 473 suscipe

299 488 447 527 jubentis
458 484 646 526 imperium,
657 482 695 513 ut
709 482 870 512 voluntati
886 481 1004 518 cordis,

301 533 507 573 simplicitati
531 529 657 571 operis,
673 529 784 560 vultus
804 527 1006 558 hilaritatem

302 581 472 619 adjungas.

343 628 373 657 7.
397 624 537 663 Quartus
563 621 680 660 gradus
709 620 759 651 est
785 619 1006 650 obsecundare

302 672 473 703 velociter.
490 668 655 698 velociter
671 666 773 697 currit
793 673 899 696 sermo
922 666 1004 704 Dei,

302 718 488 749 etrelocem
500 714 622 745 habere
631 714 795 744 desiderat
803 714 1006 751 sequentem.

302 764 400 793 ‘sides
413 770 485 792 cuin
497 761 618 799 quanta
628 760 803 790 velocitate
816 760 926 789 currat
937 759 1007 797 ille,

300 809 358 848 qui
384 808 465 839 dicit
484 816 492 836 τ
517 808 611 838 Viam
636 807 857 836 mandatorum
883 807 1007 835 tuorum

301 856 437 885 cucurri.
458 854 581 884 Fidelis
593 853 750 883 obediens
760 852 868 882 nescit
883 859 1008 890 moras,

302 901 388 939 fugit
416 898 613 937 crastinum',
643 899 772 937 ignorat
798 897 985 929 tarditatem
996 920 1006 936 ,

300 948 450 988 praeripit
462 946 719 986 praecipientem,
729 945 822 983 parat
836 944 944 975 oculos
956 945 1008 974 vi-

301 994 364 1031 sui,
381 1002 474 1024 aures
486 992 627 1029 auditui,
639 992 787 1030 linguam
797 990 883 1028 voci,
892 999 1007 1022 manus

302 1040 413 1079 operi,
425 1038 538 1069 itineri
554 1038 655 1076 pedes
668 1046 677 1075 3
692 1038 798 1067 totum
820 1044 855 1066 se
871 1036 1006 1075 colligit,

300 1087 339 1117 ut
353 1084 546 1124 imperantis
559 1083 690 1120 colligat
700 1082 1006 1112 volu11tatem.vi‹1e

300 1131 476 1161 'Dominum
492 1129 684 1160 festinanter
698 1127 959 1166 praecipientem,
975 1129 1008 1159 et

301 1177 472 1207 hominem
488 1176 682 1206 festinanter
691 1174 913 1204 obedientem.
927 1176 1009 1205 Zac-

300 1224 403 1260 chaee,
425 1223 534 1262 inquit
547 1245 556 1261 ,
582 1223 732 1260 festinans
757 1222 898 1252 descende
911 1231 921 1251 .·
935 1222 1009 1260 qm'a

302 1270 389 1299 hodie
404 1271 437 1300 in
451 1271 540 1299 domo
558 1271 613 1299 tua
624 1269 741 1306 oportet
755 1275 802 1296 me
817 1275 954 1297 manere.
967 1268 1009 1297 Et

303 1317 453 1354 festinans
467 1315 635 1350 descendit,
651 1315 679 1343 et
694 1314 811 1352 excepit
832 1313 918 1342 illum
934 1321 1010 1350 qau-

302 1364 386 1392 ‹lens.
399 1359 667 1391 Animadvertisti
681 1358 756 1396 quia
769 1360 801 1388 et
816 1357 1010 1388 festinanter

302 1406 534 1443 descenderit,
560 1406 593 1436 et
619 1404 801 1444 gaudenter
825 1404 1007 1441 exceperit.

302 1453 429 1483 Audisti
439 1451 673 1488 obedientiam,
682 1449 758 1480 audi
771 1449 804 1479 et
815 1448 1009 1479 obedientiae

301 1500 616 1531 remunerationem.
635 1498 715 1536 Quia
727 1496 813 1525 hodie
837 1495 922 1525 salus
939 1495 1009 1524 huic

301 1547 408 1576 domui
421 1546 504 1584 facta
519 1545 574 1574 est.
591 1544 723 1572 Intuere
747 1541 849 1571 etiam
864 1548 907 1570 ex
921 1548 1011 1570 occa-

300 1593 395 1622 sione
432 1590 530 1627 hujus
558 1587 757 1619 obedientiae
792 1586 1010 1617 conclusionis

301 1638 423 1676 grande
432 1636 636 1675 mysterium,
650 1635 683 1664 et
698 1633 899 1672 obsignatam
907 1633 1011 1670 sigua-

303 1685 376 1714 culo
401 1681 636 1713 misericordiae
660 1679 859 1710 sententiam
884 1687 892 1707 :
919 1679 1010 1710 Venit

301 1732 396 1767 enim,
413 1728 532 1767 inquit,
548 1728 646 1757 Filius
661 1726 794 1756 hominis
816 1733 964 1764 quererere,
982 1726 1009 1754 et

301 1777 421 1806 salvum
445 1775 547 1813 facere
570 1773 800 1811 quodperierat.
821 1771 934 1800 Nonne
963 1771 1011 1799 le-

301 1822 378 1860 gisti
399 1820 485 1860 quod
504 1819 582 1849 filiis
612 1817 710 1847 lsrael
732 1816 949 1855 praecipitur,
974 1816 1009 1845 ut

302 1876 423 1907 agnum
439 1865 611 1896 comedant
622 1861 832 1894 festinanter?
841 1862 1011 1892 Festinan-

302 1917 354 1945 ter
369 1914 491 1952 quippe
509 1911 580 1941 veri
598 1909 680 1948 Agni
697 1909 851 1939 comestio
866 1908 1011 1946 signatur

302 1960 496 2000 implenda:
519 1959 597 1997 quia
620 1957 722 1988 verba
748 1957 828 1994 illa,
854 1965 926 1995 quae
952 1965 1010 1994 per

301 2010 411 2047 legem
423 2006 514 2036 dedit
523 2026 532 2042 ,
544 2013 616 2043 quae
630 2011 690 2042 per
700 2002 912 2041 semetipsum
928 2010 1010 2040 prae-

304 2061 378 2084 sens
397 2051 569 2087 exhibuit,
585 2058 657 2088 quae
672 2056 732 2087 per
752 2047 905 2077 Ecclesiae
929 2056 1010 2086 prae—

303 2099 426 2139 positos
446 2095 606 2127 tradenda
627 2094 783 2132 reliquit,
806 2093 913 2123 veloci
934 2096 1010 2123 sunt

303 2145 495 2177 obedientia
523 2140 789 2173 consummanda.
811 2141 850 2169 Et
870 2141 907 2170 tu
935 2148 1010 2179 ergo

305 2200 380 2222 cum
402 2190 605 2220 voluntatem
631 2187 742 2225 cordi,
765 2186 1010 2224 simplicitatem

304 2236 419 2276 operi,
435 2235 636 2265 hilaritatem
655 2233 761 2263 vultui
785 2233 1009 2272 conjunxeris,

304 2282 389 2314 adde
405 2281 439 2311 et
454 2281 679 2317 velocitatem3
695 2280 732 2309 ut
747 2279 791 2310 sis
810 2279 905 2316 juxta
926 2280 1025 2318 Αρο-Α

305 2329 427 2360 stolum
442 2327 616 2364 Jacobum,
632 2327 723 2356 velox
745 2327 786 2356 ad
806 2327 1010 2366 audiendum,

305 2375 342 2405 et
356 2374 397 2403 ad
413 2372 616 2411 implendum
631 2372 787 2401 velocior.

345 2420 377 2450 8.
393 2418 531 2456 Quintus
541 2416 658 2454 gradus
673 2418 722 2446 est
738 2417 917 2456 adimplere
933 2419 1007 2449 riri-

305 2466 395 2496 liter.
422 2464 561 2495 Viriliter
582 2463 681 2501 aque,
704 2465 732 2492 et
747 2464 937 2501 confortetur
958 2476 1010 2497 cor

306 2513 458 2546 vestrum,
471 2518 574 2540 omnes
589 2510 642 2546 qui
665 2510 794 2546 speratis
816 2511 848 2538 in
862 2512 1008 2542 Domino.

306 2556 375 2585 'Non
391 2555 440 2585 est
460 2553 664 2584 fortitudinis
685 2554 734 2583 ire
759 2554 799 2583 ad
816 2555 1011 2586 inobedien-

308 2601 387 2631 tiam
399 2623 409 2638 ,
422 2600 480 2631 sed
492 2600 533 2630 ab
546 2600 732 2630 obedientia
749 2608 815 2629 non
830 2600 959 2631 abduci.
977 2603 1009 2632 Si

309 2646 477 2678 tribulatio
491 2646 640 2687 intonat,
656 2646 682 2677 si
698 2646 884 2686 persecutio
905 2648 1009 2678 resul-
1025 2653 1027 2659 ⁴

763 201 794 229 S.
824 201 1061 229 BERNARDI
1086 202 1277 232 ABBATIS

1039 255 1105 293 tat,
1118 256 1145 286 si
1161 258 1347 294 peccatores
1358 259 1420 290 tibi
1434 260 1586 300 laqueum
1598 263 1738 300 ponunt,

1039 301 1066 330 si
1095 302 1234 340 maligni
1259 305 1354 334 tuum
1380 306 1444 336 iter
1467 307 1657 346 impediunt
1678 310 1741 339 :tu

1038 347 1235 378 obedientiae
1249 349 1338 380 viam
1352 360 1419 382 non
1433 353 1579 392 deseras,
1593 349 1738 385 sed'dic:

1038 393 1177 424 Paratus
1200 403 1288 432 sum,
1303 397 1333 426 et
1355 405 1419 427 non
1438 408 1507 429 sum
1523 399 1665 430 turbatus
1673 421 1683 436 ,
1706 401 1742 430 ut

1038 440 1209 469 custodiam
1229 442 1380 472 mandata
1394 445 1460 474 tua.
1475 445 1561 481 Quid
1583 445 1671 474 enim
1687 454 1742 476 su-

1038 484 1150 520 perius
1166 489 1357 517 enumerata
1369 489 1503 526 pariunt
1516 491 1670 522 utilitatis
1680 513 1689 530 ‚
1713 492 1745 523 si.

1039 529 1195 561 fortitudo
1211 532 1316 570 desit,
1328 542 1400 572 quae
1415 535 1450 564 in
1465 543 1538 566 arce
1554 539 1742 569 constantias

1039 575 1178 607 virtutes
1204 578 1362 615 collocat,
1389 580 1424 610 et
1447 588 1485 610 eo
1505 582 1591 612 vallo
1615 584 1740 623 munit,

1039 630 1101 659 quo
1117 622 1300 653 furentium
1324 625 1466 664 impetus
1486 627 1652 666 adspirare
1673 638 1741 660 non

1039 668 1161 705 possit?
1176 670 1305 700 Manum
1321 671 1411 701 tuam
1429 672 1548 703 misisti
1573 674 1612 704 ad
1628 673 1743 704 fortia?

1039 716 1203 752 agendum
1226 719 1275 747 est
1299 717 1478 756 instanter,
1501 720 1535 749 et
1559 722 1743 752 constanter

1039 759 1257 791 obediendum
1277 771 1286 792 ε
1306 771 1367 793 nec
1383 763 1470 793 inter
1485 765 1661 795 verborum
1685 775 1744 797 seu

1039 806 1214 837 verberum
1236 809 1446 847 asperitatem
1467 812 1534 840 tam
1559 813 1679 850 regalis
1694 815 1744 845 est

1039 853 1156 884 semita
1180 854 1416 894 relinquenda,
1439 857 1496 887 sed
1510 859 1671 888 tenaciori
1693 861 1744 890 est

1039 900 1212 930 retinenda
1233 901 1371 932 fervore.
1385 903 1423 932 Et
1438 904 1475 933 ut
1489 903 1637 934 breviter
1652 905 1747 936 dotes

1040 943 1241 975 fortitudinis
1270 947 1520 986 concludamus,
1554 949 1659 980 virtus
1694 951 1744 981 est

1040 989 1178 1022 virtutes
1193 999 1324 1022 servans
1340 1001 1376 1023 ac
1392 994 1557 1024 muniens.
1567 995 1672 1034 ,Iunge
1684 995 1744 1035 igi-

1039 1036 1091 1065 tur
1102 1037 1268 1067 velocitati
1277 1037 1503 1069 fortItudinem
1511 1062 1520 1078 ,
1531 1041 1748 1073 constantiam

1041 1081 1204 1112 instantiae
1214 1105 1223 1121 ,
1245 1083 1278 1112 et
1288 1085 1366 1114 tunc
1381 1084 1569 1116 decantabis
1584 1094 1719 1118 securus
1733 1094 1743 1117 ε

1039 1129 1153 1159 Manus
1165 1131 1334 1167 peccatoris
1346 1139 1408 1160 non
1419 1132 1548 1162 movebit
1561 1141 1620 1162 me.

1079 1174 1110 1205 9.
1127 1174 1246 1205 Sextus
1268 1176 1384 1213 gradus
1399 1177 1450 1206 est
1474 1177 1650 1208 humiliter
1664 1178 1745 1208 obe-

1041 1219 1124 1250 dire.
1147 1221 1185 1250 In
1200 1221 1390 1252 humilitate
1410 1223 1518 1252 nostra
1544 1231 1668 1253 memor
1683 1223 1746 1254 fuit

1040 1266 1142 1296 nostri
1165 1267 1220 1305 qui
1237 1267 1317 1298 fecit
1339 1275 1409 1297 nos.
1423 1268 1537 1306 Magna
1553 1269 1658 1299 virtus
1682 1270 1746 1300 hu-

1040 1311 1181 1350 militas,
1197 1312 1268 1342 sine
1285 1314 1379 1351 cujus
1401 1314 1542 1344 obtentu
1557 1314 1663 1344 virtus
1679 1314 1746 1345 for-

1041 1357 1211 1396 titudinis,
1237 1367 1302 1388 non
1328 1360 1433 1388 solum
1461 1359 1568 1389 virtus
1591 1368 1657 1390 non
1685 1361 1745 1400 sit,

1041 1403 1098 1433 sed
1113 1404 1212 1434 etiam
1225 1405 1259 1433 in
1274 1404 1437 1443 superbiae
1452 1405 1571 1435 vitium
1584 1407 1745 1444 erumpat.

1042 1449 1145 1486 Quam
1160 1449 1291 1480 fortiter
1303 1450 1456 1480 currebat
1470 1451 1563 1489 Saul,
1577 1460 1651 1482 cum
1664 1452 1747 1483 esset

1042 1496 1199 1533 parvulus
1232 1496 1267 1526 in
1294 1496 1398 1526 oculis
1420 1496 1503 1527 suis!
1527 1500 1648 1536 quanta
1669 1498 1748 1528 Phi-

1043 1542 1220 1572 listaeorum
1236 1542 1366 1580 agmina
1382 1544 1625 1581 prosternebat!
1644 1551 1748 1583 quan·

1044 1589 1083 1618 tis
1110 1589 1237 1619 viribus
1265 1590 1443 1620 exercebat
1469 1590 1629 1628 gladium!
1657 1591 1748 1621 Post-

1043 1642 1140 1672 quam
1166 1636 1277 1665 autem
1294 1635 1402 1666 tenuit
1427 1644 1503 1666 eum
1525 1637 1697 1676 superbia,
1713 1638 1747 1668 et

1045 1681 1194 1711 transivit
1209 1681 1242 1711 in
1258 1682 1410 1712 affectum
1427 1683 1552 1720 cordis,
1575 1684 1696 1714 debilis
1713 1684 1748 1715 et

1043 1727 1206 1766 impotens
1227 1727 1349 1766 factus,
1368 1728 1672 1760 incircumcisorum
1694 1738 1747 1761 ar-

1042 1773 1103 1803 mis
1125 1773 1222 1802 facile
1242 1774 1420 1812 prostratus
1438 1775 1605 1805 occubuit.
1627 1777 1746 1814 Aspice

1042 1827 1171 1857 regem,
1188 1820 1223 1849 in
1240 1828 1304 1858 quo
1329 1820 1499 1851 humilitas
1520 1821 1689 1860 sublimis,
1714 1823 1748 1853 et

1043 1866 1177 1896 humilis
1194 1866 1380 1896 sublimitas
1403 1866 1494 1896 felici
1513 1868 1748 1905 compositione

1042 1912 1218 1942 nitescunt.
1229 1913 1379 1949 Domine,
1392 1912 1519 1950 inquit,
1532 1921 1596 1942 ηοη
1606 1915 1650 1943 est
1660 1915 1747 1944 exal-

1043 1961 1143 1989 tatum
1160 1967 1213 1987 cor
1226 1967 1347 1994 meum,
1369 1966 1466 1996 noque
1480 1959 1555 1988 elati
1574 1961 1646 1989 sunt
1667 1961 1747 1990 oculi

1042 2005 1102 2034 mei
1117 2014 1126 2033 .·
1140 2005 1173 2034 et
1187 2004 1291 2033 totum
1315 2003 1523 2033 itinerarium
1540 2004 1613 2041 ejus
1634 2005 1746 2035 sedula

1043 2050 1225 2079 intentione
1251 2057 1401 2086 rccurre3
1431 2050 1465 2078 et
1486 2057 1745 2087 quaquaversum

1043 2097 1152 2126 oculos
1166 2095 1357 2133 reflexeris,
1383 2095 1534 2125 invenies
1550 2096 1746 2127 humilitatis

1043 2142 1176 2172 floribus
1199 2149 1269 2171 esse
1284 2149 1481 2179 respersum.
1505 2141 1588 2170 Audi
1602 2149 1744 2181 namque

1043 2189 1121 2220 alibi
1134 2187 1213 2226 quid
1227 2186 1316 2217 dicat
1329 2195 1336 2215 :
1351 2188 1576 2217 Fortitudinem
1590 2197 1691 2218 meum
1706 2191 1745 2223 ad

1044 2239 1070 2266 le
1085 2235 1265 2265 custodiam.
1278 2232 1380 2269 Quam
1396 2240 1473 2262 vere
1485 2232 1627 2270 loquitur
1639 2234 1746 2272 justus

1042 2281 1176 2320 justitiae
1201 2279 1391 2309 exsecutor!
1408 2279 1488 2309 Sunt
1511 2287 1652 2318 namque
1674 2281 1746 2319 plu-

1043 2328 1141 2365 rimi,
1165 2325 1221 2365 qui
1252 2325 1481 2355 fortitudinem
1504 2333 1595 2355 suain
1616 2334 1682 2356 non
1704 2327 1747 2359 ad

1044 2378 1169 2410 Deum,
1195 2371 1252 2402 sed
1268 2371 1308 2400 ad
1333 2371 1465 2401 inanem
1481 2371 1615 2409 gloriam
1639 2373 1746 2402 custo-

1045 2420 1156 2457 diunt;
1188 2417 1243 2456 qui
1270 2417 1437 2447 confidunt
1461 2417 1494 2446 in
1520 2417 1641 2447 virtute
1666 2426 1743 2455 sua;

1044 2467 1154 2505 quide
1171 2464 1313 2502 acceptis
1339 2463 1543 2499 virtutibus,
1562 2463 1654 2500 quasi
1677 2471 1744 2493 non

1045 2511 1251 2550 acceperint,
1281 2510 1478 2547 gloriantur3
1505 2508 1669 2538 conditori
1695 2508 1746 2538 sa-

1045 2558 1169 2587 cientes
1184 2556 1358 2593 injuriam,
1375 2563 1392 2584 a
1417 2563 1480 2593 quo
1503 2553 1665 2583 estromne
1688 2553 1745 2583 da-

1045 2605 1114 2633 tum
1130 2602 1307 2640 optimum,
1325 2603 1358 2630 et
1373 2607 1466 2629 omne
1483 2598 1600 2627 donum
1616 2598 1751 2636 persec—.

1047 2649 1126 2678 tuin.
1154 2649 1197 2677 Nc
1227 2656 1300 2686 crgo
1317 2644 1473 2677 fortitudo
1498 2644 1534 2675 iu
1557 2644 1748 2682 superbiam
