1830 3073
279 228 317 257 72

281 282 385 319 gregis
400 282 534 322 incipiat
548 283 653 314 facere
674 283 706 313 et
721 283 837 313 docere
851 291 858 311 :
881 282 915 311 et
930 290 979 312 se-

283 327 425 358 cundum
437 329 577 367 Magistri
590 329 691 359 nostri
707 328 874 365 Regulam,
890 335 978 364 quae-

278 381 416 411 cumque
432 374 578 405 docuerit
592 374 759 411 discipulis
772 381 840 402 esse
853 372 979 401 contra-

278 419 347 457 ria,
372 419 441 450 haec
469 420 503 449 in
528 420 594 449 suis
617 419 743 448 actibus
768 416 891 446 indicet
913 423 978 445 non

276 463 397 501 agenda
413 474 423 494 .·
438 472 479 494 ne
496 464 577 494 forte
596 464 859 493 submurmurare
877 460 978 498 possit

275 508 376 538 frater
386 518 484 547 quem
508 509 628 547 arguIt,
652 509 684 538 et
703 508 811 537 dicere
828 515 836 535 :
851 505 976 542 Medice,

273 563 352 584 cura
367 557 393 584 te
413 556 523 593 ipsum.
538 555 623 583 Talis
644 553 732 583 enim
747 552 888 590 occasio,
907 552 978 589 plu-

273 598 357 629 rima
373 600 538 629 damnatio
559 599 702 636 Praelati,
732 598 875 636 plurima
901 597 978 626 sub-

274 644 413 674 ditorum
443 644 585 682 perditio
615 645 675 673 est.
709 644 777 673 Non
805 642 890 681 quod
917 649 976 680 ego

273 689 358 719 hene
386 689 419 718 id
445 697 596 726 caveam,
622 688 744 719 idcirco
769 687 814 718 sic
843 688 991 728 loquor:i

237 734 243 739 ”
273 734 329 763 sed
345 734 376 764 et
391 733 484 771 mihi,
502 734 534 764 et
547 733 696 764 omnibus
715 733 838 771 pariter
849 731 976 761 Veritas
990 734 991 773 ξ

273 779 391 808 clamat
407 788 415 807 ε
431 779 589 815 Quoniam
615 779 744 817 oportet
769 777 990 819 irreprehen-¹

272 823 401 853 sibilem
417 832 486 853 esse
504 832 580 853 eum
595 825 651 862 qui
664 824 793 861 praeest,
811 822 855 852 ita
872 823 909 851 ut
924 830 991 859 se-1¹

271 876 349 897 cura
368 869 564 898 conscientia
584 877 658 898 cum
683 868 819 897 Domino
842 874 976 904 respon-

271 913 347 943 deat
361 913 634 952 exprobrantibus
646 914 709 944 sibi
721 912 859 943 verbum
875 920 882 941 :
902 913 975 951 Quis
989 939 990 947 ,

269 968 310 988 cx·
325 959 408 990 vobis
420 961 527 998 achuet
538 968 585 989 me
600 961 634 989 de
642 961 765 997 peccato
778 957 791 987 ?
806 958 875 987 Non
889 955 991 998 quodss
1007 952 1047 982 tis
1068 956 1266 988 animalibus
1291 959 1440 989 inclinati
1462 960 1628 997 deorsum,
1650 959 1706 990 de-

988 1005 989 1010 *
1004 998 1084 1028 risui
1101 1010 1171 1031 sese
1186 1003 1308 1033 faciant
1330 1013 1398 1034 esse
1415 1005 1590 1035 immundis
1611 1005 1706 1043 spiri-

270 1004 340 1035 sine
355 1006 488 1043 peccato
510 1005 642 1043 penitus
658 1012 729 1034 esse
744 1003 845 1042 possit
864 1003 899 1032 in
914 1003 974 1032 hac

269 1049 389 1079 misera
400 1050 488 1080 vitat
503 1050 559 1079 sed
577 1049 661 1087 quod
676 1057 713 1079 ea
729 1058 799 1087 quae
821 1049 924 1085 arguit
939 1048 973 1078 in

264 1092 458 1132 discipulis,
481 1095 628 1135 oporteat
641 1101 845 1132 summopere
868 1093 973 1126 vitare

269 1140 472 1177 magistrum.

313 1185 342 1214 7.
353 1186 398 1215 Ob
413 1186 487 1223 hoc,
497 1185 602 1225 qualis
611 1183 705 1216 estin
715 1184 972 1222 conversatione,

270 1230 347 1259 talis
362 1231 403 1261 sit
418 1240 551 1262 necesse
564 1233 612 1262 est
627 1232 724 1262 etiam
737 1231 771 1260 in
785 1231 910 1260 occulta
923 1238 972 1260 co·
988 1236 989 1259 1

269 1276 448 1313 gitatione:
473 1286 515 1307 ne
538 1278 695 1307 vi(lelicet
720 1276 797 1306 foris
821 1275 972 1314 humilis,

267 1321 361 1351 intus
382 1322 485 1352 elatus
518 1321 561 1352 sit
581 1322 615 1352 in
637 1322 732 1352 corde
754 1329 831 1357 suo,
850 1328 973 1359 praesu—

268 1374 363 1396 mens
392 1367 432 1397 de
460 1367 641 1406 sapientia,
668 1376 726 1397 seu
759 1366 882 1395 virtute
916 1366 971 1395 aut

268 1412 440 1443 sanctitate
456 1421 532 1442 sua:
546 1421 618 1451 quae
631 1414 679 1443 est
693 1412 763 1442 sine
779 1410 878 1441 dubio
893 1410 972 1441 fides

267 1457 354 1495 ficta,
367 1459 494 1497 quando
505 1467 569 1489 non
580 1481 589 1497 ,
607 1459 691 1489 sicut
706 1457 848 1489 ostendit
862 1457 971 1487 humi·
986 1489 987 1494 ¹

267 1503 343 1533 litas
372 1505 643 1543 conversationis,
673 1504 710 1534 in
743 1504 809 1534 sola
841 1503 971 1533 Domini

266 1549 391 1586 pietate
407 1550 551 1580 confidit.
568 1551 607 1580 Et
621 1550 698 1580 vide
718 1558 813 1588 quarn
838 1550 970 1588 proprie

268 1595 320 1624 his
331 1596 446 1632 trihus,
464 1596 568 1627 cordis
583 1596 710 1627 scilicet
723 1596 855 1634 puritati
868 1616 877 1633 ,
894 1603 970 1625 con-

266 1641 414 1671 scientiae
437 1642 541 1679 bonae,
558 1642 591 1672 et
616 1642 692 1672 fidei
706 1650 769 1671 non
786 1641 880 1678 fictae,
894 1649 970 1670 con-

266 1686 381 1716 venire
406 1687 580 1717 videantur
614 1688 677 1717 alia
699 1694 829 1726 quoque
869 1686 970 1724 ipsius

267 1731 408 1767 Apostoli
432 1732 531 1762 verba
560 1732 700 1763 dicentis
727 1741 736 1761 t
760 1733 839 1762 Milli
866 1734 985 1777 autemz

260 1784 321 1812 pro
334 1777 460 1806 minimo
476 1779 517 1807 est
528 1779 562 1807 ut
576 1787 596 1807 a
607 1778 690 1808 vobis
706 1778 844 1815 judicer,
860 1780 914 1807 aue
931 1777 969 1807 ab

267 1820 403 1851 humano
415 1823 473 1859 dic,
496 1825 551 1852 etc.
568 1824 638 1852 Non
654 1832 700 1853 mc
710 1824 832 1861 judico,
850 1822 968 1860 inquit,

267 1868 340 1903 quia
352 1867 427 1897 nihil
439 1867 658 1899 milticonscius
672 1877 753 1905 sum,
768 1869 853 1906 quod
861 1877 969 1898 meum

266 1912 391 1950 aliquid
406 1921 562 1950 quaeram,
585 1913 641 1943 sed
660 1923 730 1951 quae
745 1914 821 1943 Jesu
839 1914 966 1945 Christi⁵

266 1956 329 1986 Sed
350 1958 384 1987 et
403 1966 461 1995 pro
477 1958 612 1988 minimo
624 1959 706 1988 mihi
726 1960 825 1989 estut
844 1967 861 1989 a
877 1960 968 1990 vobis

263 2002 403 2040 judicer,
419 2005 552 2041 propter
577 2005 808 2034 conscientiam
834 2005 966 2044 bonam,

266 2049 300 2077 et
331 2048 654 2086 irreprehensibilem
677 2052 965 2081 conversationem.

265 2093 326 2130 Qui
349 2096 450 2123 autem
463 2094 584 2131 jutlt'cat
603 2104 663 2132 me,
680 2095 803 2134 inquit,
818 2098 968 2129 Dominus

264 2138 320 2171 cst,
336 2138 373 2165 ut
388 2139 486 2168 etiam
503 2139 537 2168 in
554 2148 591 2169 eo
607 2141 673 2170 solo
695 2149 784 2178 spem
802 2150 891 2171 suam
910 2151 968 2180 po-

265 2181 360 2209 sitam
377 2190 445 2212 esse
460 2184 603 2222 doceret,
629 2186 820 2217 humiliatus
835 2188 894 2217 sub
909 2197 965 2226 po-

264 2226 349 2255 tenti
364 2235 461 2257 manu
478 2229 549 2259 Dei.
562 2231 625 2260 Sed
640 2232 673 2261 et
692 2232 774 2262 illud
788 2233 824 2262 tu
835 2233 944 2270 judica
956 2256 965 2271 ,

264 2271 374 2300 utrum
398 2274 499 2309 possit
523 2275 574 2305 his
600 2277 835 2308 convenienter
863 2281 965 2317 aptari

264 2316 349 2345 trina
368 2317 455 2347 Petri
471 2319 696 2359 interrogatio,
714 2324 751 2352 ut
766 2323 826 2352 hoc
851 2325 895 2354 sit
917 2325 967 2354 di-

264 2370 355 2392 cere:
367 2363 461 2392 Amas
472 2373 536 2402 me,
553 2374 639 2396 amas
652 2376 715 2406 me,
725 2377 811 2399 amas
825 2370 967 2401 me?11a-

264 2407 322 2437 bes
336 2408 504 2439 caritatem
518 2410 559 2440 de
584 2413 679 2442 corde
704 2422 806 2452 puro,
835 2417 868 2445 et
890 2425 966 2446 con-

263 2453 400 2484 scientia
415 2454 510 2492 bona,
539 2456 572 2485 et
588 2457 649 2486 fide
664 2466 727 2487 non
755 2459 840 2489 licta.
854 2461 964 2492 Merito

263 2497 425 2535 siquidem
439 2499 479 2529 de
493 2501 570 2530 navi
588 2501 816 2541 interrogatur,
832 2513 871 2534 an
886 2507 965 2535 cari-

263 2543 365 2576 tatem
373 2545 504 2585 habeat,
518 2546 657 2585 piscator
666 2548 833 2579 hominum
849 2552 965 2581 consti-

267 2589 424 2624 tuendus,

747 232 776 258 8.
798 229 1034 258 BERNARDi
1053 231 1246 261 ABBATIS

1168 289 1336 324 SERMO
1363 292 1543 327 XXXVI.

1092 358 1132 382 De
1143 360 1294 387 altitudine
1304 365 1330 387 et
1345 363 1512 389 bassitudine
1525 366 1624 391 cordis.
1662 359 1665 361 i

1051 410 1080 440 i.
1097 412 1146 442 DE
1157 421 1196 443 eo
1215 415 1300 453 quod
1315 418 1500 455 nuperrime
1514 418 1636 449 dictum
1646 423 1709 456 est,

1009 462 1135 486 sursum
1156 459 1254 497 alios,
1273 461 1353 491 alios
1374 462 1523 493 deorsum
1545 464 1708 502 aspicere,

1009 499 1114 531 habeo
1130 503 1236 534 adhue
1256 506 1382 544 aliquid
1401 508 1487 545 quod
1507 511 1622 539 vestrae
1642 517 1709 538 non

1008 545 1137 577 sileam.
1151 550 1291 580 caritati.
1325 552 1404 581 Nam
1432 548 1544 583 earum
1574 554 1707 592 quidem

1008 592 1256 633 cogitationum,
1278 605 1356 634 quas
1373 599 1589 635 expressimus
1611 601 1707 637 tunc,

1007 635 1035 664 si
1053 636 1137 668 hene
1163 642 1369 680 meministis,
1385 643 1465 673 licet.
1479 652 1542 673 una
1570 645 1614 674 sit
1634 653 1708 682 per-

1008 680 1123 713 fectior
1137 685 1251 725 altera,
1267 689 1403 726 utraque
1418 688 1528 718 tamen
1540 689 1631 718 utilis
1645 691 1706 719 est.

1006 726 1088 758 Sunt
1109 732 1218 761 autem
1238 733 1293 771 qui
1314 734 1377 763 alio
1392 734 1485 764 modo
1506 735 1561 764 aut
1582 743 1706 764 sursum

1006 780 1059 802 cor
1072 774 1228 815 habeant,
1241 779 1327 808 sicut
1338 779 1417 809 fecit
1436 780 1522 817 Deus
1542 780 1707 810 hominem

1006 818 1143 856 rectum,
1161 822 1194 851 et
1208 830 1321 852 secure
1347 824 1565 861 respondeant
1586 824 1626 853 ad
1647 832 1706 853 ex-

1007 862 1164 896 hortantis
1191 875 1305 898 vocem
1329 870 1534 907 Presbyteri:
1551 870 1706 900 Habemus

1006 908 1044 936 ad
1054 910 1166 940 Demn.
1183 911 1265 942 Sunt
1281 913 1314 943 et
1328 914 1384 943 alii
1397 936 1405 951 ,
1425 914 1480 952 qui
1496 914 1620 945 similes
1631 914 1707 944 bru-

1005 1044 1102 1084 tibus,
1111 1048 1165 1085 qui
1174 1049 1318 1086 profecto
1330 1051 1498 1080 clamitant
1510 1051 1703 1081 illudentest

1004 1090 1168 1123 Incurrarc
1192 1096 1227 1124 ut
1257 1097 1464 1125 transeamus.
1489 1096 1586 1125 Scitis
1617 1097 1704 1126 enim

1004 1137 1088 1171 quod
1103 1137 1136 1166 in
1157 1141 1403 1178 congregatione
1420 1141 1634 1178 plurimorum
1645 1142 1706 1171 im-

1004 1183 1156 1217 possibile
1177 1186 1227 1214 est
1247 1186 1344 1215 unius
1368 1194 1478 1216 omnes
1504 1186 1704 1219 fortitudinis

1003 1234 1091 1266 esse,
1108 1238 1165 1259 seu
1181 1239 1350 1268 corporum
1361 1253 1371 1269 ,
1391 1240 1450 1261 seu
1470 1240 1612 1270 morum,
1628 1241 1707 1263 nam.

1003 1274 1172 1313 utramque
1195 1276 1418 1307 infirmitatem
1438 1278 1604 1316 patienter
1618 1278 1702 1308 ferre

987 1318 1135 1357 ‘Regulae
1166 1323 1284 1351 nostrae
1309 1323 1421 1352 monet
1448 1324 1639 1361 auctoritas,
1669 1325 1706 1354 et

1003 1364 1130 1403 utrique
1148 1367 1352 1405 aliquatenus
1369 1367 1629 1399 condescendere
1651 1368 1703 1407 iu-

1002 1408 1057 1439 bet
1072 1411 1200 1442 caritas.
1223 1412 1319 1442 Videt
1340 1413 1400 1442 hoc
1421 1413 1504 1443 alter
1523 1414 1703 1452 quispiam,

1002 1455 1034 1484 et
1049 1455 1193 1488 fortassis
1213 1458 1330 1496 incipit
1345 1458 1492 1488 invidere
1505 1459 1563 1489 <cui
1584 1460 1703 1490 condo-

1002 1500 1069 1530 lere
1093 1502 1262 1533 debuerat.
1288 1504 1370 1533 Hinc
1393 1504 1523 1541 accidit,
1552 1504 1589 1534 ut
1616 1513 1703 1543 saepe

1001 1545 1166 1578 heatificet
1181 1556 1255 1578 eum
1277 1549 1312 1578 in
1333 1549 1427 1579 corde
1450 1557 1506 1579 suo
1529 1557 1566 1579 ea
1582 1549 1621 1579 de
1643 1557 1700 1587 re,

1001 1593 1089 1622 unde
1104 1594 1258 1624 miserum
1275 1603 1308 1624 se
1325 1595 1382 1625 ille
1394 1596 1541 1633 reputat,
1563 1596 1699 1625 moleste

1001 1638 1108 1669 ferens
1125 1641 1352 1670 necessitatem
1368 1649 1470 1670 suam.
1484 1641 1622 1671 Omnino
1641 1642 1701 1679 igi-

1001 1684 1054 1713 tur
1065 1684 1269 1715 incurvatum
1287 1694 1321 1715 se
1338 1694 1406 1715 esse
1417 1708 1426 1724 ,
1442 1687 1475 1716 et
1498 1686 1587 1715 basso
1604 1687 1700 1716 corde

1001 1736 1130 1758 carnem
1153 1738 1265 1767 sapere
1282 1730 1414 1767 prohat,
1430 1730 1513 1768 apud
1539 1738 1636 1768 quem
1657 1739 1698 1759 ne

1002 1773 1069 1810 Ipsa
1086 1774 1217 1812 quidem
1233 1775 1365 1804 miseria
1378 1776 1467 1804 caret
1488 1774 1622 1804 invidia.
1638 1774 1698 1804 Sed

1001 1819 1047 1849 eis
1070 1828 1150 1857 quas
1175 1820 1262 1849 certa
1285 1820 1427 1850 caritatis
1444 1819 1698 1849 consideratione

1000 1866 1115 1895 alienae
1130 1866 1318 1896 necessitati
1341 1866 1597 1903 dispensationes
1618 1867 1699 1896 Prae-

983 1912 1083 1940 *latus
1112 1911 1294 1948 impendit,
1326 1912 1446 1941 talibus
1480 1911 1613 1949 apponit
1645 1919 1700 1940 cor

999 1964 1088 1985 suum
1101 1965 1109 1993 3
1126 1956 1244 1985 similia
1256 1956 1382 1994 qua‘rit,
1396 1957 1576 1986 murmurat
1587 1955 1699 1989 adver-

999 2012 1051 2034 sus
1077 2013 1151 2034 eum
1177 2004 1233 2042 qui
1263 2004 1404 2042 denegat
1432 2004 1699 2034 irrationabiliter

998 2050 1187 2088 postulanti.
1217 2050 1300 2078 Hinc
1328 2050 1544 2088 suspiciones,
1572 2051 1699 2081 detrac-

999 2096 1115 2133 tiones,
1141 2096 1175 2124 et
1201 2095 1350 2125 scandala
1371 2095 1577 2126 suscitantur.

1034 2141 1066 2170 Ξ.
1081 2141 1149 2170 Non
1170 2139 1290 2169 idcirco
1313 2140 1347 2169 id
1372 2140 1496 2177 loquor,
1522 2140 1698 2180 carissimi,

999 2185 1089 2224 quasi
1106 2193 1300 2223 magnopere
1313 2185 1352 2215 de
1368 2185 1459 2215 vobis
1475 2186 1611 2215 habeam
1623 2195 1698 2216 con-

999 2231 1093 2269 queri
1118 2239 1217 2268 super
1243 2231 1305 2260 hac
1325 2238 1361 2260 re
1385 2238 1394 2259 ε
1418 2231 1476 2260 sed
1499 2240 1697 2269 praemonere

999 2284 1056 2307 vos
1082 2276 1117 2305 et
1151 2275 1348 2314 praemunire
1375 2276 1596 2305 necessarium
1618 2277 1698 2307 duxi

999 2322 1132 2360 propter
1141 2322 1271 2358 multos,
1284 2321 1340 2359 qui
1350 2321 1434 2350 inter
1442 2330 1498 2351 vos
1509 2323 1581 2351 sunt
1593 2322 1697 2353 teneri

999 2368 1033 2398 et
1048 2368 1200 2405 delicati,
1216 2367 1334 2405 quibus
1348 2366 1404 2396 aut:
1418 2368 1512 2404 aetas,
1534 2368 1590 2397 aut
1610 2367 1698 2397 intir-

998 2414 1092 2443 mitas
1110 2414 1249 2451 rigorem
1265 2414 1443 2443 communis
1458 2415 1576 2450 regulae
1597 2414 1698 2452 exigit

1000 2460 1202 2496 aliquatenus
1216 2458 1403 2496 temperari.
1417 2459 1540 2488 Gratias
1552 2459 1582 2488 ei
1595 2459 1634 2488 de
1643 2468 1698 2488 cu-

997 2504 1049 2540 J‘us
1064 2512 1200 2533 munere
1212 2505 1322 2534 venit:
1340 2504 1415 2542 quia
1436 2505 1553 2533 multos
1572 2504 1626 2533 hic
1645 2504 1698 2533 vi-

1000 2549 1078 2586 deo,
1103 2558 1239 2586 quorum
1264 2557 1355 2579 mens
1379 2549 1506 2578 intenta
1521 2549 1606 2585 Deo,
1630 2550 1698 2578 tam

1001 2593 1091 2631 longe
1108 2594 1191 2623 sacta
1208 2594 1256 2624 est
1271 2595 1311 2623 ab
1327 2595 1383 2624 illo
1404 2594 1514 2623 infimo
1536 2594 1693 2632 cogitatu,

1002 2640 1035 2670 ut
1055 2639 1147 2678 juxta
1169 2649 1202 2669 se
1228 2641 1347 2679 positos
1371 2639 1543 2670 debiliores
1568 2649 1702 2679 prorsus!
