<?xml version="1.0" encoding="UTF-8"?>
<!DOCTYPE html PUBLIC "-//W3C//DTD XHTML 1.0 Transitional//EN"
    "http://www.w3.org/TR/xhtml1/DTD/xhtml1-transitional.dtd">
<html xmlns="http://www.w3.org/1999/xhtml" xml:lang="en" lang="en">
 <head>
  <title>
</title>
<meta http-equiv="Content-Type" content="text/html;charset=utf-8" />
  <meta name='ocr-system' content='tesseract 3.04.00' />
  <meta name='ocr-capabilities' content='ocr_page ocr_carea ocr_par ocr_line ocrx_word'/>
</head>
<body>
  <div class='ocr_page' id='page_1' title='image "./operagenuinajuxt03bernuoft/operagenuinajuxt03bernuoft_0098.png"; bbox 0 0 1830 3073; ppageno 0'>
   <div class='ocr_carea' id='block_1_1' title="bbox 254 234 999 2331">
    <p class='ocr_par' dir='ltr' id='par_1_1' title="bbox 258 234 999 2196">
     <span class='ocr_line' id='line_1_1' title="bbox 300 234 341 266; baseline -0.073 0"><span class='ocrx_word' id='word_1_1' title='bbox 300 234 341 266; x_wconf 78' lang='lat'>88</span> 
     </span>
     <span class='ocr_line' id='line_1_2' title="bbox 297 288 998 330; baseline -0.003 -11"><span class='ocrx_word' id='word_1_2' title='bbox 297 291 345 320; x_wconf 85' lang='lat' dir='ltr'>est</span> <span class='ocrx_word' id='word_1_3' title='bbox 356 311 365 327; x_wconf 92' lang='lat'>,</span> <span class='ocrx_word' id='word_1_4' title='bbox 380 288 494 320; x_wconf 80' lang='lat' dir='ltr'>videre</span> <span class='ocrx_word' id='word_1_5' title='bbox 508 297 573 320; x_wconf 88' lang='lat' dir='ltr'>uon</span> <span class='ocrx_word' id='word_1_6' title='bbox 586 296 774 330; x_wconf 82' lang='lat' dir='ltr'>possumus3</span> <span class='ocrx_word' id='word_1_7' title='bbox 791 288 998 326; x_wconf 87' lang='lat' dir='ltr'>adimpletio-</span> 
     </span>
     <span class='ocr_line' id='line_1_3' title="bbox 295 335 999 373; baseline 0 -8"><span class='ocrx_word' id='word_1_8' title='bbox 295 344 371 366; x_wconf 88' lang='lat' dir='ltr'>nem</span> <span class='ocrx_word' id='word_1_9' title='bbox 381 335 504 366; x_wconf 85' lang='lat' dir='ltr'>laetitiae</span> <span class='ocrx_word' id='word_1_10' title='bbox 517 344 583 366; x_wconf 89' lang='lat' dir='ltr'>non</span> <span class='ocrx_word' id='word_1_11' title='bbox 591 336 750 366; x_wconf 87' lang='lat' dir='ltr'>habemus</span> <span class='ocrx_word' id='word_1_12' title='bbox 759 357 769 373; x_wconf 83' lang='lat'>,</span> <span class='ocrx_word' id='word_1_13' title='bbox 779 335 880 365; x_wconf 91' lang='lat' dir='ltr'>donec</span> <span class='ocrx_word' id='word_1_14' title='bbox 891 335 999 365; x_wconf 87' lang='lat' dir='ltr'>trahat</span> 
     </span>
     <span class='ocr_line' id='line_1_4' title="bbox 296 379 999 421; baseline -0.004 -10"><span class='ocrx_word' id='word_1_15' title='bbox 296 389 354 411; x_wconf 87' lang='lat' dir='ltr'>nos</span> <span class='ocrx_word' id='word_1_16' title='bbox 370 381 410 411; x_wconf 90' lang='lat' dir='ltr'>ad</span> <span class='ocrx_word' id='word_1_17' title='bbox 424 381 565 421; x_wconf 87' lang='lat' dir='ltr'>seipsum</span> <span class='ocrx_word' id='word_1_18' title='bbox 577 404 586 420; x_wconf 88' lang='lat'>,</span> <span class='ocrx_word' id='word_1_19' title='bbox 615 381 649 412; x_wconf 86' lang='lat' dir='ltr'>et</span> <span class='ocrx_word' id='word_1_20' title='bbox 669 379 800 411; x_wconf 84' lang='lat' dir='ltr'>accedat</span> <span class='ocrx_word' id='word_1_21' title='bbox 816 380 913 417; x_wconf 89' lang='lat' dir='ltr'>caput</span> <span class='ocrx_word' id='word_1_22' title='bbox 928 387 999 409; x_wconf 91' lang='lat' dir='ltr'>cor-</span> 
     </span>
     <span class='ocr_line' id='line_1_5' title="bbox 293 424 995 464; baseline -0.001 -8"><span class='ocrx_word' id='word_1_23' title='bbox 293 427 386 464; x_wconf 83' lang='lat' dir='ltr'>pori,</span> <span class='ocrx_word' id='word_1_24' title='bbox 412 427 446 457; x_wconf 88' lang='lat' dir='ltr'>et</span> <span class='ocrx_word' id='word_1_25' title='bbox 470 427 513 458; x_wconf 87' lang='lat' dir='ltr'>sit</span> <span class='ocrx_word' id='word_1_26' title='bbox 532 427 621 457; x_wconf 88' lang='lat' dir='ltr'>Deus</span> <span class='ocrx_word' id='word_1_27' title='bbox 643 426 753 456; x_wconf 86' lang='lat' dir='ltr'>omnia</span> <span class='ocrx_word' id='word_1_28' title='bbox 776 425 811 454; x_wconf 91' lang='lat' dir='ltr'>in</span> <span class='ocrx_word' id='word_1_29' title='bbox 831 424 995 455; x_wconf 90' lang='lat' dir='ltr'>omnibus.</span> 
     </span>
     <span class='ocr_line' id='line_1_6' title="bbox 291 469 995 510; baseline -0.004 -9"><span class='ocrx_word' id='word_1_30' title='bbox 291 471 364 502; x_wconf 85' lang='lat' dir='ltr'>illic</span> <span class='ocrx_word' id='word_1_31' title='bbox 389 471 455 502; x_wconf 89' lang='lat' dir='ltr'>erit</span> <span class='ocrx_word' id='word_1_32' title='bbox 483 472 697 510; x_wconf 75' lang='lat' dir='ltr'>adimpletio,</span> <span class='ocrx_word' id='word_1_33' title='bbox 722 469 777 500; x_wconf 88' lang='lat' dir='ltr'>hic</span> <span class='ocrx_word' id='word_1_34' title='bbox 801 470 851 499; x_wconf 83' lang='lat' dir='ltr'>est</span> <span class='ocrx_word' id='word_1_35' title='bbox 871 469 995 507; x_wconf 79' lang='lat' dir='ltr'>gustus.</span> 
     </span>
     <span class='ocr_line' id='line_1_7' title="bbox 289 514 995 552; baseline -0.004 -6"><span class='ocrx_word' id='word_1_36' title='bbox 289 517 463 548; x_wconf 87' lang='lat' dir='ltr'>Gustamus</span> <span class='ocrx_word' id='word_1_37' title='bbox 478 518 566 548; x_wconf 89' lang='lat' dir='ltr'>enim</span> <span class='ocrx_word' id='word_1_38' title='bbox 576 517 630 547; x_wconf 88' lang='lat' dir='ltr'>hic</span> <span class='ocrx_word' id='word_1_39' title='bbox 641 516 673 547; x_wconf 87' lang='lat' dir='ltr'>et</span> <span class='ocrx_word' id='word_1_40' title='bbox 684 515 834 546; x_wconf 84' lang='lat' dir='ltr'>videmus</span> <span class='ocrx_word' id='word_1_41' title='bbox 842 514 995 552; x_wconf 88' lang='lat' dir='ltr'>quoniam</span> 
     </span>
     <span class='ocr_line' id='line_1_8' title="bbox 289 560 995 598; baseline -0.001 -6"><span class='ocrx_word' id='word_1_42' title='bbox 289 564 399 594; x_wconf 68' lang='lat' dir='ltr'>suavis</span> <span class='ocrx_word' id='word_1_43' title='bbox 427 565 478 594; x_wconf 84' lang='lat' dir='ltr'>est</span> <span class='ocrx_word' id='word_1_44' title='bbox 504 563 662 592; x_wconf 83' lang='lat' dir='ltr'>Dominus</span> <span class='ocrx_word' id='word_1_45' title='bbox 687 570 695 591; x_wconf 88' lang='lat'>:</span> <span class='ocrx_word' id='word_1_46' title='bbox 718 560 776 591; x_wconf 86' lang='lat' dir='ltr'>sed</span> <span class='ocrx_word' id='word_1_47' title='bbox 796 560 907 598; x_wconf 81' lang='lat' dir='ltr'>gustus</span> <span class='ocrx_word' id='word_1_48' title='bbox 932 560 995 591; x_wconf 86' lang='lat' dir='ltr'>iste</span> 
     </span>
     <span class='ocr_line' id='line_1_9' title="bbox 286 605 995 645; baseline -0.007 -6"><span class='ocrx_word' id='word_1_49' title='bbox 286 616 354 639; x_wconf 85' lang='lat' dir='ltr'>non</span> <span class='ocrx_word' id='word_1_50' title='bbox 367 609 486 639; x_wconf 79' lang='lat' dir='ltr'>transit</span> <span class='ocrx_word' id='word_1_51' title='bbox 502 608 536 637; x_wconf 92' lang='lat' dir='ltr'>in</span> <span class='ocrx_word' id='word_1_52' title='bbox 551 609 664 645; x_wconf 89' lang='lat' dir='ltr'>potum</span> <span class='ocrx_word' id='word_1_53' title='bbox 676 628 685 644; x_wconf 96' lang='lat'>,</span> <span class='ocrx_word' id='word_1_54' title='bbox 701 605 778 644; x_wconf 89' lang='lat' dir='ltr'>quia</span> <span class='ocrx_word' id='word_1_55' title='bbox 792 605 871 635; x_wconf 87' lang='lat' dir='ltr'>licet</span> <span class='ocrx_word' id='word_1_56' title='bbox 881 605 995 635; x_wconf 85' lang='lat' dir='ltr'>videa-</span> 
     </span>
     <span class='ocr_line' id='line_1_10' title="bbox 287 651 993 692; baseline -0.004 -7"><span class='ocrx_word' id='word_1_57' title='bbox 287 663 380 692; x_wconf 87' lang='lat' dir='ltr'>mus,</span> <span class='ocrx_word' id='word_1_58' title='bbox 397 662 463 684; x_wconf 91' lang='lat' dir='ltr'>non</span> <span class='ocrx_word' id='word_1_59' title='bbox 477 653 588 682; x_wconf 89' lang='lat' dir='ltr'>tamen</span> <span class='ocrx_word' id='word_1_60' title='bbox 604 652 826 690; x_wconf 78' lang='lat' dir='ltr'>penetramus.</span> <span class='ocrx_word' id='word_1_61' title='bbox 837 651 873 680; x_wconf 89' lang='lat' dir='ltr'>In</span> <span class='ocrx_word' id='word_1_62' title='bbox 897 653 993 689; x_wconf 85' lang='lat' dir='ltr'>gustu</span> 
     </span>
     <span class='ocr_line' id='line_1_11' title="bbox 285 696 990 734; baseline -0.003 -6"><span class='ocrx_word' id='word_1_63' title='bbox 285 699 336 728; x_wconf 83' lang='lat' dir='ltr'>est</span> <span class='ocrx_word' id='word_1_64' title='bbox 358 698 489 734; x_wconf 69' lang='lat' dir='ltr'>suavis,</span> <span class='ocrx_word' id='word_1_65' title='bbox 505 697 542 726; x_wconf 87' lang='lat' dir='ltr'>in</span> <span class='ocrx_word' id='word_1_66' title='bbox 562 696 797 734; x_wconf 83' lang='lat' dir='ltr'>adimpletione</span> <span class='ocrx_word' id='word_1_67' title='bbox 819 696 990 726; x_wconf 88' lang='lat' dir='ltr'>mirabilis.</span> 
     </span>
     <span class='ocr_line' id='line_1_12' title="bbox 284 740 991 774; baseline -0.003 0"><span class='ocrx_word' id='word_1_68' title='bbox 284 746 475 774; x_wconf 87' lang='lat' dir='ltr'>Sanctorum</span> <span class='ocrx_word' id='word_1_69' title='bbox 487 742 598 772; x_wconf 84' lang='lat' dir='ltr'>autem</span> <span class='ocrx_word' id='word_1_70' title='bbox 610 741 727 772; x_wconf 86' lang='lat' dir='ltr'>animae</span> <span class='ocrx_word' id='word_1_71' title='bbox 739 740 876 771; x_wconf 86' lang='lat' dir='ltr'>terrenis</span> <span class='ocrx_word' id='word_1_72' title='bbox 885 742 991 772; x_wconf 78' lang='lat' dir='ltr'>exutae</span> 
     </span>
     <span class='ocr_line' id='line_1_13' title="bbox 283 787 991 827; baseline 0 -9"><span class='ocrx_word' id='word_1_73' title='bbox 283 789 493 827; x_wconf 78' lang='lat' dir='ltr'>corporibus,</span> <span class='ocrx_word' id='word_1_74' title='bbox 505 787 658 826; x_wconf 74' lang='lat' dir='ltr'>quaejam</span> <span class='ocrx_word' id='word_1_75' title='bbox 674 787 713 817; x_wconf 90' lang='lat' dir='ltr'>ad</span> <span class='ocrx_word' id='word_1_76' title='bbox 728 787 821 817; x_wconf 88' lang='lat' dir='ltr'>sedes</span> <span class='ocrx_word' id='word_1_77' title='bbox 833 787 991 818; x_wconf 82' lang='lat' dir='ltr'>aethereas</span> 
     </span>
     <span class='ocr_line' id='line_1_14' title="bbox 283 833 988 872; baseline -0.003 -7"><span class='ocrx_word' id='word_1_78' title='bbox 283 834 525 872; x_wconf 71' lang='lat' dir='ltr'>evolaverunt,</span> <span class='ocrx_word' id='word_1_79' title='bbox 542 834 622 864; x_wconf 87' lang='lat' dir='ltr'>licet</span> <span class='ocrx_word' id='word_1_80' title='bbox 636 833 768 872; x_wconf 87' lang='lat' dir='ltr'>bibant,</span> <span class='ocrx_word' id='word_1_81' title='bbox 793 841 858 863; x_wconf 88' lang='lat' dir='ltr'>non</span> <span class='ocrx_word' id='word_1_82' title='bbox 879 834 988 863; x_wconf 86' lang='lat' dir='ltr'>tamen</span> 
     </span>
     <span class='ocr_line' id='line_1_15' title="bbox 279 879 987 919; baseline -0.003 -9"><span class='ocrx_word' id='word_1_83' title='bbox 279 881 522 919; x_wconf 74' lang='lat' dir='ltr'>adimplentur,</span> <span class='ocrx_word' id='word_1_84' title='bbox 547 888 613 910; x_wconf 90' lang='lat' dir='ltr'>non</span> <span class='ocrx_word' id='word_1_85' title='bbox 637 880 748 910; x_wconf 87' lang='lat' dir='ltr'>tamen</span> <span class='ocrx_word' id='word_1_86' title='bbox 770 879 987 909; x_wconf 80' lang='lat' dir='ltr'>inebriantur.</span> 
     </span>
     <span class='ocr_line' id='line_1_16' title="bbox 279 925 989 964; baseline 0 -8"><span class='ocrx_word' id='word_1_87' title='bbox 279 927 436 964; x_wconf 81' lang='lat' dir='ltr'>Quamvis</span> <span class='ocrx_word' id='word_1_88' title='bbox 458 927 546 956; x_wconf 89' lang='lat' dir='ltr'>enim</span> <span class='ocrx_word' id='word_1_89' title='bbox 562 927 663 956; x_wconf 90' lang='lat' dir='ltr'>multa</span> <span class='ocrx_word' id='word_1_90' title='bbox 686 925 892 955; x_wconf 86' lang='lat' dir='ltr'>beatitudine</span> <span class='ocrx_word' id='word_1_91' title='bbox 913 933 989 964; x_wconf 89' lang='lat' dir='ltr'>per-</span> 
     </span>
     <span class='ocr_line' id='line_1_17' title="bbox 279 972 988 1010; baseline 0.003 -10"><span class='ocrx_word' id='word_1_92' title='bbox 279 972 450 1010; x_wconf 72' lang='lat' dir='ltr'>fruantur,</span> <span class='ocrx_word' id='word_1_93' title='bbox 472 972 667 1010; x_wconf 85' lang='lat' dir='ltr'>exspectant</span> <span class='ocrx_word' id='word_1_94' title='bbox 690 973 802 1002; x_wconf 84' lang='lat' dir='ltr'>tamen</span> <span class='ocrx_word' id='word_1_95' title='bbox 826 979 988 1002; x_wconf 80' lang='lat' dir='ltr'>resurrec-</span> 
     </span>
     <span class='ocr_line' id='line_1_18' title="bbox 278 1017 985 1056; baseline 0 -9"><span class='ocrx_word' id='word_1_96' title='bbox 278 1018 405 1048; x_wconf 83' lang='lat' dir='ltr'>tionem</span> <span class='ocrx_word' id='word_1_97' title='bbox 422 1018 627 1048; x_wconf 90' lang='lat' dir='ltr'>mortuorum</span> <span class='ocrx_word' id='word_1_98' title='bbox 647 1025 821 1056; x_wconf 90' lang='lat' dir='ltr'>corporum</span> <span class='ocrx_word' id='word_1_99' title='bbox 835 1039 844 1055; x_wconf 86' lang='lat'>,</span> <span class='ocrx_word' id='word_1_100' title='bbox 861 1017 898 1047; x_wconf 90' lang='lat' dir='ltr'>ut</span> <span class='ocrx_word' id='word_1_101' title='bbox 913 1025 985 1047; x_wconf 89' lang='lat' dir='ltr'>cum</span> 
     </span>
     <span class='ocr_line' id='line_1_19' title="bbox 278 1063 985 1102; baseline -0.001 -9"><span class='ocrx_word' id='word_1_102' title='bbox 278 1065 313 1093; x_wconf 89' lang='lat' dir='ltr'>in</span> <span class='ocrx_word' id='word_1_103' title='bbox 329 1065 417 1094; x_wconf 85' lang='lat' dir='ltr'>terra</span> <span class='ocrx_word' id='word_1_104' title='bbox 433 1071 490 1093; x_wconf 87' lang='lat' dir='ltr'>sua</span> <span class='ocrx_word' id='word_1_105' title='bbox 506 1063 650 1101; x_wconf 85' lang='lat' dir='ltr'>duplicia</span> <span class='ocrx_word' id='word_1_106' title='bbox 665 1063 892 1102; x_wconf 84' lang='lat' dir='ltr'>possederint,</span> <span class='ocrx_word' id='word_1_107' title='bbox 903 1072 985 1094; x_wconf 84' lang='lat' dir='ltr'>sem-</span> 
     </span>
     <span class='ocr_line' id='line_1_20' title="bbox 277 1109 983 1148; baseline 0 -9"><span class='ocrx_word' id='word_1_108' title='bbox 277 1110 406 1147; x_wconf 85' lang='lat' dir='ltr'>piterna</span> <span class='ocrx_word' id='word_1_109' title='bbox 414 1109 653 1148; x_wconf 72' lang='lat' dir='ltr'>perfundantur</span> <span class='ocrx_word' id='word_1_110' title='bbox 661 1109 787 1140; x_wconf 82' lang='lat' dir='ltr'>laetitia.</span> <span class='ocrx_word' id='word_1_111' title='bbox 795 1109 886 1139; x_wconf 82' lang='lat' dir='ltr'>Modo</span> <span class='ocrx_word' id='word_1_112' title='bbox 897 1110 983 1139; x_wconf 89' lang='lat' dir='ltr'>enim</span> 
     </span>
     <span class='ocr_line' id='line_1_21' title="bbox 276 1155 983 1194; baseline 0.003 -10"><span class='ocrx_word' id='word_1_113' title='bbox 276 1156 344 1185; x_wconf 89' lang='lat' dir='ltr'>iilis</span> <span class='ocrx_word' id='word_1_114' title='bbox 359 1156 498 1194; x_wconf 81' lang='lat' dir='ltr'>singulis</span> <span class='ocrx_word' id='word_1_115' title='bbox 517 1155 653 1194; x_wconf 77' lang='lat' dir='ltr'>singulae</span> <span class='ocrx_word' id='word_1_116' title='bbox 678 1156 768 1185; x_wconf 81' lang='lat' dir='ltr'>stolae</span> <span class='ocrx_word' id='word_1_117' title='bbox 793 1155 874 1185; x_wconf 88' lang='lat' dir='ltr'>albae</span> <span class='ocrx_word' id='word_1_118' title='bbox 901 1155 983 1186; x_wconf 87' lang='lat' dir='ltr'>datae</span> 
     </span>
     <span class='ocr_line' id='line_1_22' title="bbox 276 1200 984 1239; baseline 0 -9"><span class='ocrx_word' id='word_1_119' title='bbox 276 1202 370 1239; x_wconf 79' lang='lat' dir='ltr'>snnt3</span> <span class='ocrx_word' id='word_1_120' title='bbox 389 1203 421 1231; x_wconf 87' lang='lat' dir='ltr'>et</span> <span class='ocrx_word' id='word_1_121' title='bbox 436 1201 621 1238; x_wconf 86' lang='lat' dir='ltr'>injunctum</span> <span class='ocrx_word' id='word_1_122' title='bbox 631 1223 640 1239; x_wconf 90' lang='lat'>,</span> <span class='ocrx_word' id='word_1_123' title='bbox 656 1202 693 1231; x_wconf 88' lang='lat' dir='ltr'>ut</span> <span class='ocrx_word' id='word_1_124' title='bbox 707 1200 887 1231; x_wconf 74' lang='lat' dir='ltr'>sustineant</span> <span class='ocrx_word' id='word_1_125' title='bbox 901 1202 984 1231; x_wconf 90' lang='lat' dir='ltr'>tem-</span> 
     </span>
     <span class='ocr_line' id='line_1_23' title="bbox 275 1246 981 1285; baseline 0 -9"><span class='ocrx_word' id='word_1_126' title='bbox 275 1255 337 1285; x_wconf 83' lang='lat' dir='ltr'>pus</span> <span class='ocrx_word' id='word_1_127' title='bbox 351 1248 457 1277; x_wconf 89' lang='lat' dir='ltr'>adhuc</span> <span class='ocrx_word' id='word_1_128' title='bbox 472 1247 637 1277; x_wconf 89' lang='lat' dir='ltr'>modicum</span> <span class='ocrx_word' id='word_1_129' title='bbox 652 1269 661 1285; x_wconf 94' lang='lat'>,</span> <span class='ocrx_word' id='word_1_130' title='bbox 678 1247 780 1277; x_wconf 91' lang='lat' dir='ltr'>donec</span> <span class='ocrx_word' id='word_1_131' title='bbox 797 1246 890 1284; x_wconf 91' lang='lat' dir='ltr'>impii</span> <span class='ocrx_word' id='word_1_132' title='bbox 907 1254 981 1276; x_wconf 92' lang='lat' dir='ltr'>con-</span> 
     </span>
     <span class='ocr_line' id='line_1_24' title="bbox 273 1292 980 1332; baseline 0.003 -11"><span class='ocrx_word' id='word_1_133' title='bbox 273 1293 424 1323; x_wconf 87' lang='lat' dir='ltr'>terantur</span> <span class='ocrx_word' id='word_1_134' title='bbox 453 1292 578 1330; x_wconf 85' lang='lat' dir='ltr'>duplici</span> <span class='ocrx_word' id='word_1_135' title='bbox 611 1293 827 1330; x_wconf 84' lang='lat' dir='ltr'>contritione,</span> <span class='ocrx_word' id='word_1_136' title='bbox 857 1293 891 1322; x_wconf 89' lang='lat' dir='ltr'>et</span> <span class='ocrx_word' id='word_1_137' title='bbox 918 1293 980 1332; x_wconf 85' lang='lat' dir='ltr'>ipsi</span> 
     </span>
     <span class='ocr_line' id='line_1_25' title="bbox 273 1338 981 1376; baseline 0 -8"><span class='ocrx_word' id='word_1_138' title='bbox 273 1339 405 1376; x_wconf 74' lang='lat' dir='ltr'>gemina</span> <span class='ocrx_word' id='word_1_139' title='bbox 433 1338 641 1369; x_wconf 82' lang='lat' dir='ltr'>beatitudine</span> <span class='ocrx_word' id='word_1_140' title='bbox 666 1339 877 1368; x_wconf 84' lang='lat' dir='ltr'>coronentur.</span> <span class='ocrx_word' id='word_1_141' title='bbox 902 1339 981 1368; x_wconf 89' lang='lat' dir='ltr'>Cum</span> 
     </span>
     <span class='ocr_line' id='line_1_26' title="bbox 273 1383 982 1421; baseline 0.003 -9"><span class='ocrx_word' id='word_1_142' title='bbox 273 1392 349 1421; x_wconf 78' lang='lat' dir='ltr'>ergo</span> <span class='ocrx_word' id='word_1_143' title='bbox 370 1384 516 1414; x_wconf 90' lang='lat' dir='ltr'>nondum</span> <span class='ocrx_word' id='word_1_144' title='bbox 530 1383 672 1413; x_wconf 81' lang='lat' dir='ltr'>habeant</span> <span class='ocrx_word' id='word_1_145' title='bbox 685 1383 771 1421; x_wconf 90' lang='lat' dir='ltr'>quod</span> <span class='ocrx_word' id='word_1_146' title='bbox 786 1383 907 1413; x_wconf 88' lang='lat' dir='ltr'>habere</span> <span class='ocrx_word' id='word_1_147' title='bbox 923 1384 982 1414; x_wconf 90' lang='lat' dir='ltr'>de-</span> 
     </span>
     <span class='ocr_line' id='line_1_27' title="bbox 272 1428 979 1467; baseline 0.003 -10"><span class='ocrx_word' id='word_1_148' title='bbox 272 1429 418 1458; x_wconf 82' lang='lat' dir='ltr'>siderant</span> <span class='ocrx_word' id='word_1_149' title='bbox 428 1437 437 1466; x_wconf 80' lang='lat'><em>3</em></span> <span class='ocrx_word' id='word_1_150' title='bbox 449 1428 608 1458; x_wconf 88' lang='lat' dir='ltr'>inebriari</span> <span class='ocrx_word' id='word_1_151' title='bbox 620 1437 684 1458; x_wconf 92' lang='lat' dir='ltr'>non</span> <span class='ocrx_word' id='word_1_152' title='bbox 698 1429 847 1467; x_wconf 83' lang='lat' dir='ltr'>possunt,</span> <span class='ocrx_word' id='word_1_153' title='bbox 861 1429 918 1459; x_wconf 86' lang='lat' dir='ltr'>sed</span> <span class='ocrx_word' id='word_1_154' title='bbox 933 1431 979 1460; x_wconf 88' lang='lat' dir='ltr'>est</span> 
     </span>
     <span class='ocr_line' id='line_1_28' title="bbox 273 1475 978 1514; baseline 0.003 -11"><span class='ocrx_word' id='word_1_155' title='bbox 273 1475 321 1504; x_wconf 71' lang='lat' dir='ltr'>vis</span> <span class='ocrx_word' id='word_1_156' title='bbox 349 1475 407 1504; x_wconf 86' lang='lat' dir='ltr'>illa</span> <span class='ocrx_word' id='word_1_157' title='bbox 422 1475 507 1504; x_wconf 80' lang='lat' dir='ltr'>visio</span> <span class='ocrx_word' id='word_1_158' title='bbox 521 1475 618 1512; x_wconf 90' lang='lat' dir='ltr'>potus</span> <span class='ocrx_word' id='word_1_159' title='bbox 647 1483 656 1504; x_wconf 75' lang='lat' dir='ltr'><strong><em>z</em></strong></span> <span class='ocrx_word' id='word_1_160' title='bbox 683 1476 720 1504; x_wconf 91' lang='lat' dir='ltr'>ut</span> <span class='ocrx_word' id='word_1_161' title='bbox 748 1475 835 1504; x_wconf 88' lang='lat' dir='ltr'>sicut</span> <span class='ocrx_word' id='word_1_162' title='bbox 859 1475 978 1514; x_wconf 82' lang='lat' dir='ltr'>absque</span> 
     </span>
     <span class='ocr_line' id='line_1_29' title="bbox 270 1520 979 1559; baseline 0 -9"><span class='ocrx_word' id='word_1_163' title='bbox 270 1521 384 1550; x_wconf 80' lang='lat' dir='ltr'>labore</span> <span class='ocrx_word' id='word_1_164' title='bbox 406 1520 554 1557; x_wconf 84' lang='lat' dir='ltr'>bibitur,</span> <span class='ocrx_word' id='word_1_165' title='bbox 575 1520 621 1549; x_wconf 86' lang='lat' dir='ltr'>ita</span> <span class='ocrx_word' id='word_1_166' title='bbox 643 1520 715 1550; x_wconf 87' lang='lat' dir='ltr'>sine</span> <span class='ocrx_word' id='word_1_167' title='bbox 737 1520 849 1550; x_wconf 90' lang='lat' dir='ltr'>labore</span> <span class='ocrx_word' id='word_1_168' title='bbox 871 1520 979 1559; x_wconf 89' lang='lat' dir='ltr'>quies-</span> 
     </span>
     <span class='ocr_line' id='line_1_30' title="bbox 271 1566 978 1604; baseline 0 -8"><span class='ocrx_word' id='word_1_169' title='bbox 271 1567 369 1604; x_wconf 82' lang='lat' dir='ltr'>cant,</span> <span class='ocrx_word' id='word_1_170' title='bbox 387 1566 490 1596; x_wconf 91' lang='lat' dir='ltr'>donec</span> <span class='ocrx_word' id='word_1_171' title='bbox 508 1566 669 1596; x_wconf 89' lang='lat' dir='ltr'>satientur</span> <span class='ocrx_word' id='word_1_172' title='bbox 692 1575 765 1596; x_wconf 90' lang='lat' dir='ltr'>cum</span> <span class='ocrx_word' id='word_1_173' title='bbox 789 1568 978 1604; x_wconf 82' lang='lat' dir='ltr'>apparuerit</span> 
     </span>
     <span class='ocr_line' id='line_1_31' title="bbox 270 1612 975 1650; baseline 0 -9"><span class='ocrx_word' id='word_1_174' title='bbox 270 1612 373 1649; x_wconf 71' lang='lat' dir='ltr'>gloria</span> <span class='ocrx_word' id='word_1_175' title='bbox 397 1613 479 1650; x_wconf 86' lang='lat' dir='ltr'>ejus.</span> <span class='ocrx_word' id='word_1_176' title='bbox 492 1613 571 1641; x_wconf 87' lang='lat' dir='ltr'>Cum</span> <span class='ocrx_word' id='word_1_177' title='bbox 596 1614 706 1642; x_wconf 89' lang='lat' dir='ltr'>autem</span> <span class='ocrx_word' id='word_1_178' title='bbox 722 1620 926 1649; x_wconf 79' lang='lat' dir='ltr'>resurgemus</span> <span class='ocrx_word' id='word_1_179' title='bbox 944 1612 975 1641; x_wconf 89' lang='lat' dir='ltr'>in</span> 
     </span>
     <span class='ocr_line' id='line_1_32' title="bbox 269 1657 976 1696; baseline 0.003 -11"><span class='ocrx_word' id='word_1_180' title='bbox 269 1657 380 1686; x_wconf 42' lang='lat' dir='ltr'>*irum</span> <span class='ocrx_word' id='word_1_181' title='bbox 395 1658 598 1696; x_wconf 79' lang='lat' dir='ltr'>perfectum,</span> <span class='ocrx_word' id='word_1_182' title='bbox 614 1658 648 1686; x_wconf 88' lang='lat' dir='ltr'>in</span> <span class='ocrx_word' id='word_1_183' title='bbox 661 1665 846 1686; x_wconf 84' lang='lat' dir='ltr'>mensuram</span> <span class='ocrx_word' id='word_1_184' title='bbox 873 1658 976 1687; x_wconf 82' lang='lat' dir='ltr'>aetatis</span> 
     </span>
     <span class='ocr_line' id='line_1_33' title="bbox 268 1702 977 1740; baseline 0.001 -9"><span class='ocrx_word' id='word_1_185' title='bbox 268 1702 486 1740; x_wconf 82' lang='lat' dir='ltr'>plenitudinis</span> <span class='ocrx_word' id='word_1_186' title='bbox 501 1703 642 1740; x_wconf 82' lang='lat' dir='ltr'>Christi,</span> <span class='ocrx_word' id='word_1_187' title='bbox 656 1703 686 1732; x_wconf 91' lang='lat' dir='ltr'>et</span> <span class='ocrx_word' id='word_1_188' title='bbox 703 1702 840 1739; x_wconf 78' lang='lat' dir='ltr'>gloriosa</span> <span class='ocrx_word' id='word_1_189' title='bbox 860 1702 916 1732; x_wconf 86' lang='lat' dir='ltr'>ilia</span> <span class='ocrx_word' id='word_1_190' title='bbox 933 1704 977 1732; x_wconf 87' lang='lat' dir='ltr'>ci-</span> 
     </span>
     <span class='ocr_line' id='line_1_34' title="bbox 267 1748 975 1787; baseline 0.006 -12"><span class='ocrx_word' id='word_1_191' title='bbox 267 1748 353 1777; x_wconf 50' lang='lat' dir='ltr'>ritas</span> <span class='ocrx_word' id='word_1_192' title='bbox 379 1748 564 1787; x_wconf 83' lang='lat' dir='ltr'>margaritis</span> <span class='ocrx_word' id='word_1_193' title='bbox 602 1748 772 1778; x_wconf 85' lang='lat' dir='ltr'>ornabitur</span> <span class='ocrx_word' id='word_1_194' title='bbox 785 1769 794 1784; x_wconf 93' lang='lat'>,</span> <span class='ocrx_word' id='word_1_195' title='bbox 828 1749 861 1777; x_wconf 91' lang='lat' dir='ltr'>et</span> <span class='ocrx_word' id='word_1_196' title='bbox 891 1748 975 1779; x_wconf 81' lang='lat' dir='ltr'>sieut</span> 
     </span>
     <span class='ocr_line' id='line_1_35' title="bbox 267 1793 973 1824; baseline 0.001 -2"><span class='ocrx_word' id='word_1_197' title='bbox 267 1794 451 1823; x_wconf 74' lang='lat' dir='ltr'>laetautium</span> <span class='ocrx_word' id='word_1_198' title='bbox 485 1794 631 1823; x_wconf 90' lang='lat' dir='ltr'>omnium</span> <span class='ocrx_word' id='word_1_199' title='bbox 662 1793 822 1822; x_wconf 88' lang='lat' dir='ltr'>habitatio</span> <span class='ocrx_word' id='word_1_200' title='bbox 852 1794 916 1823; x_wconf 86' lang='lat' dir='ltr'>erit</span> <span class='ocrx_word' id='word_1_201' title='bbox 941 1795 973 1824; x_wconf 84' lang='lat' dir='ltr'>in</span> 
     </span>
     <span class='ocr_line' id='line_1_36' title="bbox 268 1839 972 1877; baseline 0.004 -11"><span class='ocrx_word' id='word_1_202' title='bbox 268 1846 306 1867; x_wconf 77' lang='lat' dir='ltr'>ea</span> <span class='ocrx_word' id='word_1_203' title='bbox 329 1840 431 1868; x_wconf 88' lang='lat' dir='ltr'>:tunc</span> <span class='ocrx_word' id='word_1_204' title='bbox 456 1839 653 1877; x_wconf 85' lang='lat' dir='ltr'>adimplebit</span> <span class='ocrx_word' id='word_1_205' title='bbox 677 1847 735 1868; x_wconf 86' lang='lat' dir='ltr'>nos</span> <span class='ocrx_word' id='word_1_206' title='bbox 760 1839 874 1868; x_wconf 86' lang='lat' dir='ltr'>laetitia</span> <span class='ocrx_word' id='word_1_207' title='bbox 900 1848 972 1870; x_wconf 90' lang='lat' dir='ltr'>cum</span> 
     </span>
     <span class='ocr_line' id='line_1_37' title="bbox 265 1884 970 1923; baseline 0.004 -11"><span class='ocrx_word' id='word_1_208' title='bbox 265 1893 278 1911; x_wconf 59' lang='lat' dir='ltr'>x</span> <span class='ocrx_word' id='word_1_209' title='bbox 290 1885 360 1914; x_wconf 88' lang='lat' dir='ltr'>nitu</span> <span class='ocrx_word' id='word_1_210' title='bbox 377 1893 454 1923; x_wconf 87' lang='lat' dir='ltr'>suo,</span> <span class='ocrx_word' id='word_1_211' title='bbox 471 1886 548 1923; x_wconf 87' lang='lat' dir='ltr'>quia</span> <span class='ocrx_word' id='word_1_212' title='bbox 576 1884 762 1915; x_wconf 70' lang='lat' dir='ltr'>videbimus</span> <span class='ocrx_word' id='word_1_213' title='bbox 785 1893 860 1914; x_wconf 88' lang='lat' dir='ltr'>eum</span> <span class='ocrx_word' id='word_1_214' title='bbox 876 1886 970 1915; x_wconf 80' lang='lat' dir='ltr'>sicuti</span> 
     </span>
     <span class='ocr_line' id='line_1_38' title="bbox 266 1930 970 1960; baseline 0.001 -2"><span class='ocrx_word' id='word_1_215' title='bbox 266 1930 327 1959; x_wconf 38' lang='lat' dir='ltr'>«nst.</span> <span class='ocrx_word' id='word_1_216' title='bbox 364 1931 454 1960; x_wconf 90' lang='lat' dir='ltr'>Tunc</span> <span class='ocrx_word' id='word_1_217' title='bbox 483 1930 723 1960; x_wconf 82' lang='lat' dir='ltr'>inebriabimur</span> <span class='ocrx_word' id='word_1_218' title='bbox 752 1930 792 1959; x_wconf 88' lang='lat' dir='ltr'>ab</span> <span class='ocrx_word' id='word_1_219' title='bbox 821 1931 970 1960; x_wconf 84' lang='lat' dir='ltr'>ubertate</span> 
     </span>
     <span class='ocr_line' id='line_1_39' title="bbox 264 1975 971 2013; baseline 0.001 -10"><span class='ocrx_word' id='word_1_220' title='bbox 264 1976 380 2005; x_wconf 73' lang='lat' dir='ltr'>«lomus</span> <span class='ocrx_word' id='word_1_221' title='bbox 405 1984 470 2005; x_wconf 83' lang='lat' dir='ltr'>suae</span> <span class='ocrx_word' id='word_1_222' title='bbox 481 1997 489 2013; x_wconf 92' lang='lat'>,</span> <span class='ocrx_word' id='word_1_223' title='bbox 507 1976 539 2005; x_wconf 92' lang='lat' dir='ltr'>et</span> <span class='ocrx_word' id='word_1_224' title='bbox 552 1976 698 2005; x_wconf 86' lang='lat' dir='ltr'>torrente</span> <span class='ocrx_word' id='word_1_225' title='bbox 712 1975 891 2013; x_wconf 81' lang='lat' dir='ltr'>voluptatis</span> <span class='ocrx_word' id='word_1_226' title='bbox 906 1983 971 2004; x_wconf 79' lang='lat' dir='ltr'>suae</span> 
     </span>
     <span class='ocr_line' id='line_1_40' title="bbox 262 2021 970 2059; baseline 0.001 -9"><span class='ocrx_word' id='word_1_227' title='bbox 262 2021 391 2058; x_wconf 84' lang='lat' dir='ltr'>potabit</span> <span class='ocrx_word' id='word_1_228' title='bbox 409 2030 484 2059; x_wconf 89' lang='lat' dir='ltr'>nos,</span> <span class='ocrx_word' id='word_1_229' title='bbox 501 2021 654 2058; x_wconf 87' lang='lat' dir='ltr'>dicetque</span> <span class='ocrx_word' id='word_1_230' title='bbox 670 2021 763 2050; x_wconf 86' lang='lat' dir='ltr'>nobis</span> <span class='ocrx_word' id='word_1_231' title='bbox 779 2029 787 2049; x_wconf 74' lang='grc' dir='ltr'><strong>ε</strong></span> <span class='ocrx_word' id='word_1_232' title='bbox 810 2021 927 2056; x_wconf 75' lang='lat' dir='ltr'>Bibite,</span> <span class='ocrx_word' id='word_1_233' title='bbox 944 2024 970 2051; x_wconf 77' lang='lat' dir='ltr'>et</span> 
     </span>
     <span class='ocr_line' id='line_1_41' title="bbox 260 2065 970 2104; baseline 0 -10"><span class='ocrx_word' id='word_1_234' title='bbox 260 2066 463 2096; x_wconf 72' lang='lat' dir='ltr'>inebriamini</span> <span class='ocrx_word' id='word_1_235' title='bbox 476 2067 630 2096; x_wconf 75' lang='lat' dir='ltr'>rarissimi</span> <span class='ocrx_word' id='word_1_236' title='bbox 644 2075 653 2095; x_wconf 89' lang='grc'>.-</span> <span class='ocrx_word' id='word_1_237' title='bbox 667 2066 743 2104; x_wconf 85' lang='lat' dir='ltr'>quia</span> <span class='ocrx_word' id='word_1_238' title='bbox 756 2065 789 2094; x_wconf 90' lang='lat' dir='ltr'>et</span> <span class='ocrx_word' id='word_1_239' title='bbox 805 2065 912 2094; x_wconf 83' lang='lat' dir='ltr'>anima</span> <span class='ocrx_word' id='word_1_240' title='bbox 930 2066 970 2094; x_wconf 93' lang='lat' dir='ltr'>il-</span> 
     </span>
     <span class='ocr_line' id='line_1_42' title="bbox 260 2111 970 2149; baseline 0.003 -10"><span class='ocrx_word' id='word_1_241' title='bbox 260 2111 535 2149; x_wconf 83' lang='lat' dir='ltr'>luminationem,</span> <span class='ocrx_word' id='word_1_242' title='bbox 558 2113 591 2142; x_wconf 88' lang='lat' dir='ltr'>et</span> <span class='ocrx_word' id='word_1_243' title='bbox 616 2120 734 2149; x_wconf 88' lang='lat' dir='ltr'>corpus</span> <span class='ocrx_word' id='word_1_244' title='bbox 761 2111 970 2149; x_wconf 78' lang='lat' dir='ltr'>glorificatio—</span> 
     </span>
     <span class='ocr_line' id='line_1_43' title="bbox 258 2156 845 2196; baseline 0.005 -12"><span class='ocrx_word' id='word_1_245' title='bbox 258 2163 338 2184; x_wconf 81' lang='lat' dir='ltr'>nem</span> <span class='ocrx_word' id='word_1_246' title='bbox 354 2156 426 2192; x_wconf 83' lang='lat' dir='ltr'>jure</span> <span class='ocrx_word' id='word_1_247' title='bbox 442 2158 602 2195; x_wconf 90' lang='lat' dir='ltr'>perpetuo</span> <span class='ocrx_word' id='word_1_248' title='bbox 618 2157 845 2196; x_wconf 86' lang='lat' dir='ltr'>possidebunt.</span> 
     </span>
    </p>

    <p class='ocr_par' dir='ltr' id='par_1_2' title="bbox 254 2201 968 2331">
     <span class='ocr_line' id='line_1_44' title="bbox 303 2201 968 2240; baseline 0.006 -11"><span class='ocrx_word' id='word_1_249' title='bbox 303 2201 354 2230; x_wconf 68' lang='lat'>45.</span> <span class='ocrx_word' id='word_1_250' title='bbox 369 2202 522 2240; x_wconf 87' lang='lat' dir='ltr'>Sequitur</span> <span class='ocrx_word' id='word_1_251' title='bbox 539 2211 546 2231; x_wconf 75' lang='grc' dir='ltr'><strong>ε</strong></span> <span class='ocrx_word' id='word_1_252' title='bbox 560 2203 784 2233; x_wconf 79' lang='lat' dir='ltr'>Dclectcztiones</span> <span class='ocrx_word' id='word_1_253' title='bbox 796 2203 828 2232; x_wconf 77' lang='lat' dir='ltr'>in</span> <span class='ocrx_word' id='word_1_254' title='bbox 840 2203 968 2233; x_wconf 73' lang='lat' dir='ltr'>dextera</span> 
     </span>
     <span class='ocr_line' id='line_1_45' title="bbox 257 2248 967 2285; baseline 0.004 -11"><span class='ocrx_word' id='word_1_255' title='bbox 257 2248 318 2275; x_wconf 73' lang='lat' dir='ltr'>tua</span> <span class='ocrx_word' id='word_1_256' title='bbox 338 2254 432 2284; x_wconf 79' lang='lat' dir='ltr'>usque</span> <span class='ocrx_word' id='word_1_257' title='bbox 454 2248 486 2276; x_wconf 77' lang='lat' dir='ltr'>in</span> <span class='ocrx_word' id='word_1_258' title='bbox 507 2248 610 2284; x_wconf 80' lang='lat' dir='ltr'>finem.</span> <span class='ocrx_word' id='word_1_259' title='bbox 635 2248 773 2278; x_wconf 88' lang='lat' dir='ltr'>Sinistra</span> <span class='ocrx_word' id='word_1_260' title='bbox 797 2248 879 2285; x_wconf 89' lang='lat' dir='ltr'>Dei,</span> <span class='ocrx_word' id='word_1_261' title='bbox 899 2248 967 2277; x_wconf 68' lang='lat' dir='ltr'>vita</span> 
     </span>
     <span class='ocr_line' id='line_1_46' title="bbox 254 2293 968 2331; baseline 0.006 -12"><span class='ocrx_word' id='word_1_262' title='bbox 254 2298 403 2328; x_wconf 83' lang='lat' dir='ltr'>praesens</span> <span class='ocrx_word' id='word_1_263' title='bbox 420 2293 478 2321; x_wconf 84' lang='lat' dir='ltr'>est.</span> <span class='ocrx_word' id='word_1_264' title='bbox 495 2293 532 2322; x_wconf 87' lang='lat' dir='ltr'>Et</span> <span class='ocrx_word' id='word_1_265' title='bbox 553 2294 630 2331; x_wconf 88' lang='lat' dir='ltr'>quia</span> <span class='ocrx_word' id='word_1_266' title='bbox 646 2302 705 2331; x_wconf 89' lang='lat' dir='ltr'>pro</span> <span class='ocrx_word' id='word_1_267' title='bbox 727 2293 856 2323; x_wconf 89' lang='lat' dir='ltr'>sinistro</span> <span class='ocrx_word' id='word_1_268' title='bbox 874 2294 968 2323; x_wconf 86' lang='lat' dir='ltr'>duci-</span> 
     </span>
    </p>
   </div>
   <div class='ocr_carea' id='block_1_2' title="bbox 255 2337 981 2382">
    <p class='ocr_par' dir='ltr' id='par_1_3' title="bbox 255 2337 981 2382">
     <span class='ocr_line' id='line_1_47' title="bbox 255 2337 981 2382; baseline 0.007 -18"><span class='ocrx_word' id='word_1_269' title='bbox 255 2343 351 2374; x_wconf 83' lang='lat' dir='ltr'>mus,</span> <span class='ocrx_word' id='word_1_270' title='bbox 367 2337 525 2374; x_wconf 87' lang='lat' dir='ltr'>quicquid</span> <span class='ocrx_word' id='word_1_271' title='bbox 550 2346 614 2367; x_wconf 87' lang='lat' dir='ltr'>non</span> <span class='ocrx_word' id='word_1_272' title='bbox 631 2339 771 2368; x_wconf 89' lang='lat' dir='ltr'>multum</span> <span class='ocrx_word' id='word_1_273' title='bbox 796 2348 981 2382; x_wconf 65' lang='lat' dir='ltr'>curamns3¹</span> 
     </span>
    </p>
   </div>
   <div class='ocr_carea' id='block_1_3' title="bbox 254 2382 963 2423">
    <p class='ocr_par' dir='ltr' id='par_1_4' title="bbox 254 2382 963 2423">
     <span class='ocr_line' id='line_1_48' title="bbox 254 2382 963 2423; baseline 0.007 -14"><span class='ocrx_word' id='word_1_274' title='bbox 254 2390 321 2419; x_wconf 76' lang='lat' dir='ltr'>per</span> <span class='ocrx_word' id='word_1_275' title='bbox 346 2382 510 2411; x_wconf 83' lang='lat' dir='ltr'>sinistram</span> <span class='ocrx_word' id='word_1_276' title='bbox 525 2391 668 2420; x_wconf 80' lang='lat' dir='ltr'>praesens</span> <span class='ocrx_word' id='word_1_277' title='bbox 693 2384 762 2413; x_wconf 68' lang='lat' dir='ltr'>vita</span> <span class='ocrx_word' id='word_1_278' title='bbox 788 2385 963 2423; x_wconf 84' lang='lat' dir='ltr'>accipitur,</span> 
     </span>
    </p>
   </div>
   <div class='ocr_carea' id='block_1_4' title="bbox 254 2428 966 2513">
    <p class='ocr_par' dir='ltr' id='par_1_5' title="bbox 254 2428 966 2513">
     <span class='ocr_line' id='line_1_49' title="bbox 254 2428 966 2466; baseline 0.003 -9"><span class='ocrx_word' id='word_1_279' title='bbox 254 2428 293 2457; x_wconf 83' lang='lat' dir='ltr'>&#39;m</span> <span class='ocrx_word' id='word_1_280' title='bbox 310 2436 373 2466; x_wconf 87' lang='lat' dir='ltr'>qua</span> <span class='ocrx_word' id='word_1_281' title='bbox 391 2428 548 2457; x_wconf 89' lang='lat' dir='ltr'>Dominus</span> <span class='ocrx_word' id='word_1_282' title='bbox 565 2429 685 2458; x_wconf 86' lang='lat' dir='ltr'>electos</span> <span class='ocrx_word' id='word_1_283' title='bbox 699 2437 772 2459; x_wconf 86' lang='lat' dir='ltr'>suos</span> <span class='ocrx_word' id='word_1_284' title='bbox 787 2430 832 2459; x_wconf 87' lang='lat' dir='ltr'>sic</span> <span class='ocrx_word' id='word_1_285' title='bbox 847 2430 886 2459; x_wconf 93' lang='lat' dir='ltr'>ab</span> <span class='ocrx_word' id='word_1_286' title='bbox 903 2430 966 2459; x_wconf 91' lang='lat' dir='ltr'>im-</span> 
     </span>
     <span class='ocr_line' id='line_1_50' title="bbox 257 2473 966 2513; baseline 0.004 -11"><span class='ocrx_word' id='word_1_287' title='bbox 257 2473 322 2511; x_wconf 88' lang='lat' dir='ltr'>piis</span> <span class='ocrx_word' id='word_1_288' title='bbox 345 2473 507 2512; x_wconf 88' lang='lat' dir='ltr'>permittit</span> <span class='ocrx_word' id='word_1_289' title='bbox 528 2473 704 2511; x_wconf 75' lang='lat' dir='ltr'>flagellari,</span> <span class='ocrx_word' id='word_1_290' title='bbox 727 2476 762 2503; x_wconf 92' lang='lat' dir='ltr'>ut</span> <span class='ocrx_word' id='word_1_291' title='bbox 788 2476 886 2504; x_wconf 88' lang='lat' dir='ltr'>etiam</span> <span class='ocrx_word' id='word_1_292' title='bbox 910 2484 966 2513; x_wconf 84' lang='lat' dir='ltr'>pa-</span> 
     </span>
    </p>
   </div>
   <div class='ocr_carea' id='block_1_5' title="bbox 257 2518 964 2549">
    <p class='ocr_par' dir='ltr' id='par_1_6' title="bbox 257 2518 964 2549">
     <span class='ocr_line' id='line_1_51' title="bbox 257 2518 964 2549; baseline 0.003 -2"><span class='ocrx_word' id='word_1_293' title='bbox 257 2518 360 2547; x_wconf 86' lang='lat' dir='ltr'>tiatur</span> <span class='ocrx_word' id='word_1_294' title='bbox 373 2519 489 2548; x_wconf 89' lang='lat' dir='ltr'>occidi.</span> <span class='ocrx_word' id='word_1_295' title='bbox 507 2519 620 2548; x_wconf 80' lang='lat' dir='ltr'>Annon</span> <span class='ocrx_word' id='word_1_296' title='bbox 636 2519 695 2547; x_wconf 85' lang='lat' dir='ltr'>tibi</span> <span class='ocrx_word' id='word_1_297' title='bbox 712 2520 866 2549; x_wconf 85' lang='lat' dir='ltr'>videntur</span> <span class='ocrx_word' id='word_1_298' title='bbox 880 2521 964 2549; x_wconf 86' lang='lat' dir='ltr'>obli-</span> 
     </span>
    </p>
   </div>
   <div class='ocr_carea' id='block_1_6' title="bbox 254 2563 964 2695">
    <p class='ocr_par' dir='ltr' id='par_1_7' title="bbox 254 2563 964 2695">
     <span class='ocr_line' id='line_1_52' title="bbox 256 2563 964 2603; baseline 0.004 -11"><span class='ocrx_word' id='word_1_299' title='bbox 256 2563 347 2593; x_wconf 85' lang='lat' dir='ltr'>vioni</span> <span class='ocrx_word' id='word_1_300' title='bbox 362 2564 429 2594; x_wconf 87' lang='lat' dir='ltr'>dati</span> <span class='ocrx_word' id='word_1_301' title='bbox 439 2564 496 2603; x_wconf 90' lang='lat' dir='ltr'>qui</span> <span class='ocrx_word' id='word_1_302' title='bbox 512 2564 625 2594; x_wconf 89' lang='lat' dir='ltr'>dicunt</span> <span class='ocrx_word' id='word_1_303' title='bbox 642 2573 650 2592; x_wconf 75' lang='grc' dir='ltr'><em>τ</em></span> <span class='ocrx_word' id='word_1_304' title='bbox 667 2567 799 2603; x_wconf 76' lang='lat' dir='ltr'>Propter</span> <span class='ocrx_word' id='word_1_305' title='bbox 814 2568 840 2595; x_wconf 88' lang='lat' dir='ltr'>te</span> <span class='ocrx_word' id='word_1_306' title='bbox 856 2568 964 2596; x_wconf 79' lang='lat' dir='ltr'>morti-</span> 
     </span>
     <span class='ocr_line' id='line_1_53' title="bbox 254 2609 964 2648; baseline 0.003 -10"><span class='ocrx_word' id='word_1_307' title='bbox 254 2609 386 2646; x_wconf 78' lang='lat' dir='ltr'>ficamur</span> <span class='ocrx_word' id='word_1_308' title='bbox 411 2612 476 2640; x_wconf 88' lang='lat' dir='ltr'>tota</span> <span class='ocrx_word' id='word_1_309' title='bbox 494 2611 559 2648; x_wconf 81' lang='lat' dir='ltr'>die‚·</span> <span class='ocrx_word' id='word_1_310' title='bbox 593 2611 738 2640; x_wconf 81' lang='lat' dir='ltr'>oestimati</span> <span class='ocrx_word' id='word_1_311' title='bbox 761 2619 867 2641; x_wconf 74' lang='lat' dir='ltr'>sumus</span> <span class='ocrx_word' id='word_1_312' title='bbox 886 2612 964 2641; x_wconf 80' lang='lat' dir='ltr'>sicut</span> 
     </span>
     <span class='ocr_line' id='line_1_54' title="bbox 258 2655 964 2695; baseline -0.001 -8"><span class='ocrx_word' id='word_1_313' title='bbox 258 2664 324 2687; x_wconf 70' lang='lat' dir='ltr'>eves</span> <span class='ocrx_word' id='word_1_314' title='bbox 345 2655 522 2687; x_wconf 75' lang='lat' dir='ltr'>occisionis?</span> <span class='ocrx_word' id='word_1_315' title='bbox 536 2665 634 2695; x_wconf 78' lang='lat' dir='ltr'>quare</span> <span class='ocrx_word' id='word_1_316' title='bbox 649 2656 760 2695; x_wconf 74' lang='lat' dir='ltr'>faciem</span> <span class='ocrx_word' id='word_1_317' title='bbox 775 2657 862 2687; x_wconf 75' lang='lat' dir='ltr'>tuam</span> <span class='ocrx_word' id='word_1_318' title='bbox 879 2665 964 2690; x_wconf 58' lang='lat' dir='ltr'>aver-</span> 
     </span>
    </p>
   </div>
   <div class='ocr_carea' id='block_1_7' title="bbox 979 2272 994 2315">
    <p class='ocr_par' dir='ltr' id='par_1_8' title="bbox 979 2272 994 2315">
     <span class='ocr_line' id='line_1_55' title="bbox 979 2272 994 2315; baseline 0 758"><span class='ocrx_word' id='word_1_319' title='bbox 979 2272 994 2315; x_wconf 95' lang='lat' dir='ltr'> </span> 
     </span>
    </p>
   </div>
   <div class='ocr_carea' id='block_1_8' title="bbox 757 234 1283 262">
    <p class='ocr_par' dir='ltr' id='par_1_9' title="bbox 757 234 1283 262">
     <span class='ocr_line' id='line_1_56' title="bbox 757 234 1283 262; baseline 0.002 -1"><span class='ocrx_word' id='word_1_320' title='bbox 757 234 786 262; x_wconf 86' lang='lat' dir='ltr'>S.</span> <span class='ocrx_word' id='word_1_321' title='bbox 812 234 1047 262; x_wconf 61' lang='lat' dir='ltr'>BERNARDI</span> <span class='ocrx_word' id='word_1_322' title='bbox 1074 235 1283 262; x_wconf 69' lang='lat' dir='ltr'>ABBATts.</span> 
     </span>
    </p>
   </div>
   <div class='ocr_carea' id='block_1_9' title="bbox 1018 287 1739 1148">
    <p class='ocr_par' dir='ltr' id='par_1_10' title="bbox 1018 287 1739 1148">
     <span class='ocr_line' id='line_1_57' title="bbox 1035 287 1739 329; baseline 0.003 -11"><span class='ocrx_word' id='word_1_323' title='bbox 1035 288 1092 324; x_wconf 75' lang='lat' dir='ltr'>tis,</span> <span class='ocrx_word' id='word_1_324' title='bbox 1108 287 1289 319; x_wconf 70' lang='lat' dir='ltr'>oblivisceris</span> <span class='ocrx_word' id='word_1_325' title='bbox 1308 290 1419 329; x_wconf 72' lang='lat' dir='ltr'>inopiae</span> <span class='ocrx_word' id='word_1_326' title='bbox 1437 291 1549 321; x_wconf 80' lang='lat' dir='ltr'>nostroe</span> <span class='ocrx_word' id='word_1_327' title='bbox 1559 289 1572 320; x_wconf 72' lang='grc' dir='ltr'><em>ἕ</em></span> <span class='ocrx_word' id='word_1_328' title='bbox 1583 290 1642 320; x_wconf 89' lang='lat' dir='ltr'>Per</span> <span class='ocrx_word' id='word_1_329' title='bbox 1657 289 1739 320; x_wconf 76' lang='lat' dir='ltr'>dex-</span> 
     </span>
     <span class='ocr_line' id='line_1_58' title="bbox 1032 333 1734 374; baseline 0.004 -12"><span class='ocrx_word' id='word_1_330' title='bbox 1032 333 1135 362; x_wconf 85' lang='lat' dir='ltr'>teram</span> <span class='ocrx_word' id='word_1_331' title='bbox 1146 341 1224 363; x_wconf 86' lang='lat' dir='ltr'>vero</span> <span class='ocrx_word' id='word_1_332' title='bbox 1236 334 1291 363; x_wconf 87' lang='lat' dir='ltr'>illa</span> <span class='ocrx_word' id='word_1_333' title='bbox 1306 334 1401 366; x_wconf 84' lang='lat' dir='ltr'>beata</span> <span class='ocrx_word' id='word_1_334' title='bbox 1415 336 1483 366; x_wconf 78' lang='lat' dir='ltr'>vita</span> <span class='ocrx_word' id='word_1_335' title='bbox 1495 336 1650 374; x_wconf 80' lang='lat' dir='ltr'>signatur,</span> <span class='ocrx_word' id='word_1_336' title='bbox 1662 344 1734 374; x_wconf 81' lang='lat' dir='ltr'>quae</span> 
     </span>
     <span class='ocr_line' id='line_1_59' title="bbox 1031 378 1735 420; baseline 0.007 -13"><span class='ocrx_word' id='word_1_337' title='bbox 1031 378 1137 408; x_wconf 86' lang='lat' dir='ltr'>nescit</span> <span class='ocrx_word' id='word_1_338' title='bbox 1150 378 1213 409; x_wconf 85' lang='lat' dir='ltr'>nisi</span> <span class='ocrx_word' id='word_1_339' title='bbox 1231 380 1346 417; x_wconf 81' lang='lat' dir='ltr'>gaudia</span> <span class='ocrx_word' id='word_1_340' title='bbox 1358 403 1368 419; x_wconf 97' lang='lat'>,</span> <span class='ocrx_word' id='word_1_341' title='bbox 1394 381 1434 412; x_wconf 89' lang='lat' dir='ltr'>de</span> <span class='ocrx_word' id='word_1_342' title='bbox 1456 390 1520 420; x_wconf 87' lang='lat' dir='ltr'>qua</span> <span class='ocrx_word' id='word_1_343' title='bbox 1535 382 1621 411; x_wconf 89' lang='lat' dir='ltr'>nihil</span> <span class='ocrx_word' id='word_1_344' title='bbox 1647 381 1735 412; x_wconf 86' lang='lat' dir='ltr'>aliud</span> 
     </span>
     <span class='ocr_line' id='line_1_60' title="bbox 1031 423 1736 467; baseline 0.007 -14"><span class='ocrx_word' id='word_1_345' title='bbox 1031 423 1140 455; x_wconf 88' lang='lat' dir='ltr'>dicere</span> <span class='ocrx_word' id='word_1_346' title='bbox 1151 433 1320 464; x_wconf 89' lang='lat' dir='ltr'>possumus</span> <span class='ocrx_word' id='word_1_347' title='bbox 1328 448 1338 464; x_wconf 89' lang='lat'>,</span> <span class='ocrx_word' id='word_1_348' title='bbox 1346 426 1411 456; x_wconf 92' lang='lat' dir='ltr'>nisi</span> <span class='ocrx_word' id='word_1_349' title='bbox 1419 428 1495 466; x_wconf 90' lang='lat' dir='ltr'>quia</span> <span class='ocrx_word' id='word_1_350' title='bbox 1511 429 1643 467; x_wconf 76' lang='lat' dir='ltr'>qloriosa</span> <span class='ocrx_word' id='word_1_351' title='bbox 1654 429 1736 458; x_wconf 73' lang='lat' dir='ltr'>dicta</span> 
     </span>
     <span class='ocr_line' id='line_1_61' title="bbox 1029 472 1734 508; baseline 0.006 -8"><span class='ocrx_word' id='word_1_352' title='bbox 1029 472 1146 501; x_wconf 77' lang='lat' dir='ltr'>suntdc</span> <span class='ocrx_word' id='word_1_353' title='bbox 1161 473 1188 501; x_wconf 78' lang='lat' dir='ltr'>tc</span> <span class='ocrx_word' id='word_1_354' title='bbox 1199 493 1210 508; x_wconf 83' lang='lat'>,</span> <span class='ocrx_word' id='word_1_355' title='bbox 1227 473 1331 503; x_wconf 68' lang='lat' dir='ltr'>civitas</span> <span class='ocrx_word' id='word_1_356' title='bbox 1345 474 1413 503; x_wconf 82' lang='lat' dir='ltr'>Dei.</span> <span class='ocrx_word' id='word_1_357' title='bbox 1429 474 1478 503; x_wconf 87' lang='lat' dir='ltr'>lbi</span> <span class='ocrx_word' id='word_1_358' title='bbox 1494 475 1570 504; x_wconf 86' lang='lat' dir='ltr'>sunt</span> <span class='ocrx_word' id='word_1_359' title='bbox 1589 474 1734 504; x_wconf 87' lang='lat' dir='ltr'>delecta-</span> 
     </span>
     <span class='ocr_line' id='line_1_62' title="bbox 1029 515 1732 557; baseline 0.009 -13"><span class='ocrx_word' id='word_1_360' title='bbox 1029 515 1135 546; x_wconf 89' lang='lat' dir='ltr'>tiones</span> <span class='ocrx_word' id='word_1_361' title='bbox 1150 516 1215 546; x_wconf 82' lang='lat' dir='ltr'>illae</span> <span class='ocrx_word' id='word_1_362' title='bbox 1225 538 1235 554; x_wconf 95' lang='lat'>,</span> <span class='ocrx_word' id='word_1_363' title='bbox 1251 525 1331 555; x_wconf 88' lang='lat' dir='ltr'>quas</span> <span class='ocrx_word' id='word_1_364' title='bbox 1346 518 1459 548; x_wconf 89' lang='lat' dir='ltr'>oculus</span> <span class='ocrx_word' id='word_1_365' title='bbox 1472 527 1538 549; x_wconf 91' lang='lat' dir='ltr'>non</span> <span class='ocrx_word' id='word_1_366' title='bbox 1553 519 1656 557; x_wconf 80' lang='lat' dir='ltr'>vidit,</span> <span class='ocrx_word' id='word_1_367' title='bbox 1668 526 1732 550; x_wconf 79' lang='lat' dir='ltr'>nec</span> 
     </span>
     <span class='ocr_line' id='line_1_63' title="bbox 1028 561 1733 600; baseline 0.007 -10"><span class='ocrx_word' id='word_1_368' title='bbox 1028 561 1115 591; x_wconf 88' lang='lat' dir='ltr'>auris</span> <span class='ocrx_word' id='word_1_369' title='bbox 1132 561 1281 600; x_wconf 79' lang='lat' dir='ltr'>audivit,</span> <span class='ocrx_word' id='word_1_370' title='bbox 1306 571 1369 593; x_wconf 92' lang='lat' dir='ltr'>nec</span> <span class='ocrx_word' id='word_1_371' title='bbox 1392 563 1426 592; x_wconf 89' lang='lat' dir='ltr'>in</span> <span class='ocrx_word' id='word_1_372' title='bbox 1443 571 1498 593; x_wconf 92' lang='lat' dir='ltr'>cor</span> <span class='ocrx_word' id='word_1_373' title='bbox 1519 564 1662 595; x_wconf 88' lang='lat' dir='ltr'>hominis</span> <span class='ocrx_word' id='word_1_374' title='bbox 1679 572 1733 594; x_wconf 86' lang='lat' dir='ltr'>as-</span> 
     </span>
     <span class='ocr_line' id='line_1_64' title="bbox 1028 607 1734 647; baseline 0.007 -11"><span class='ocrx_word' id='word_1_375' title='bbox 1028 607 1209 637; x_wconf 85' lang='lat' dir='ltr'>cenderunt</span> <span class='ocrx_word' id='word_1_376' title='bbox 1221 630 1230 646; x_wconf 89' lang='lat'>,</span> <span class='ocrx_word' id='word_1_377' title='bbox 1247 617 1318 646; x_wconf 84' lang='lat' dir='ltr'>quae</span> <span class='ocrx_word' id='word_1_378' title='bbox 1339 609 1534 647; x_wconf 77' lang='lat' dir='ltr'>praeparavit</span> <span class='ocrx_word' id='word_1_379' title='bbox 1551 610 1639 641; x_wconf 90' lang='lat' dir='ltr'>Deus</span> <span class='ocrx_word' id='word_1_380' title='bbox 1654 610 1734 640; x_wconf 87' lang='lat' dir='ltr'>dili-</span> 
     </span>
     <span class='ocr_line' id='line_1_65' title="bbox 1025 653 1729 695; baseline 0.006 -13"><span class='ocrx_word' id='word_1_381' title='bbox 1025 653 1176 689; x_wconf 79' lang='lat' dir='ltr'>gentibus</span> <span class='ocrx_word' id='word_1_382' title='bbox 1198 661 1245 683; x_wconf 88' lang='lat' dir='ltr'>se.</span> <span class='ocrx_word' id='word_1_383' title='bbox 1263 654 1299 683; x_wconf 90' lang='lat' dir='ltr'>ln</span> <span class='ocrx_word' id='word_1_384' title='bbox 1323 655 1454 684; x_wconf 87' lang='lat' dir='ltr'>sinistra</span> <span class='ocrx_word' id='word_1_385' title='bbox 1481 655 1729 695; x_wconf 86' lang='lat' dir='ltr'>tribulationes,</span> 
     </span>
     <span class='ocr_line' id='line_1_66' title="bbox 1025 697 1731 739; baseline 0.006 -12"><span class='ocrx_word' id='word_1_386' title='bbox 1025 697 1059 727; x_wconf 92' lang='lat' dir='ltr'>in</span> <span class='ocrx_word' id='word_1_387' title='bbox 1073 698 1210 728; x_wconf 80' lang='lat' dir='ltr'>dextera</span> <span class='ocrx_word' id='word_1_388' title='bbox 1222 699 1469 729; x_wconf 86' lang='lat' dir='ltr'>delectationes.</span> <span class='ocrx_word' id='word_1_389' title='bbox 1486 701 1658 739; x_wconf 88' lang='lat' dir='ltr'>Usquequo</span> <span class='ocrx_word' id='word_1_390' title='bbox 1672 709 1731 731; x_wconf 84' lang='lat' dir='ltr'>au-</span> 
     </span>
     <span class='ocr_line' id='line_1_67' title="bbox 1024 743 1730 783; baseline 0.007 -11"><span class='ocrx_word' id='word_1_391' title='bbox 1024 743 1112 773; x_wconf 77' lang='lat' dir='ltr'>tem?</span> <span class='ocrx_word' id='word_1_392' title='bbox 1127 745 1224 783; x_wconf 79' lang='lat' dir='ltr'>Usque</span> <span class='ocrx_word' id='word_1_393' title='bbox 1240 746 1272 774; x_wconf 77' lang='lat' dir='ltr'>in</span> <span class='ocrx_word' id='word_1_394' title='bbox 1285 745 1390 782; x_wconf 82' lang='lat' dir='ltr'>finem.</span> <span class='ocrx_word' id='word_1_395' title='bbox 1405 745 1483 782; x_wconf 90' lang='lat' dir='ltr'>Quis</span> <span class='ocrx_word' id='word_1_396' title='bbox 1499 746 1548 776; x_wconf 90' lang='lat' dir='ltr'>est</span> <span class='ocrx_word' id='word_1_397' title='bbox 1560 746 1621 776; x_wconf 87' lang='lat' dir='ltr'>iste</span> <span class='ocrx_word' id='word_1_398' title='bbox 1636 745 1730 777; x_wconf 71' lang='lat' dir='ltr'>finis?</span> 
     </span>
     <span class='ocr_line' id='line_1_68' title="bbox 1023 789 1728 827; baseline 0.006 -9"><span class='ocrx_word' id='word_1_399' title='bbox 1023 789 1112 820; x_wconf 84' lang='lat' dir='ltr'>Finis</span> <span class='ocrx_word' id='word_1_400' title='bbox 1127 790 1168 819; x_wconf 89' lang='lat' dir='ltr'>ad</span> <span class='ocrx_word' id='word_1_401' title='bbox 1187 790 1366 827; x_wconf 79' lang='lat' dir='ltr'>justitiam,</span> <span class='ocrx_word' id='word_1_402' title='bbox 1381 790 1526 821; x_wconf 88' lang='lat' dir='ltr'>Christus</span> <span class='ocrx_word' id='word_1_403' title='bbox 1545 791 1634 821; x_wconf 89' lang='lat' dir='ltr'>omni</span> <span class='ocrx_word' id='word_1_404' title='bbox 1656 800 1728 822; x_wconf 84' lang='lat' dir='ltr'>cre-</span> 
     </span>
     <span class='ocr_line' id='line_1_69' title="bbox 1022 834 1727 875; baseline 0.006 -11"><span class='ocrx_word' id='word_1_405' title='bbox 1022 834 1126 865; x_wconf 86' lang='lat' dir='ltr'>denti.</span> <span class='ocrx_word' id='word_1_406' title='bbox 1140 836 1230 866; x_wconf 85' lang='lat' dir='ltr'>Finis</span> <span class='ocrx_word' id='word_1_407' title='bbox 1244 836 1321 873; x_wconf 88' lang='lat' dir='ltr'>ille,</span> <span class='ocrx_word' id='word_1_408' title='bbox 1347 836 1386 866; x_wconf 86' lang='lat' dir='ltr'>de</span> <span class='ocrx_word' id='word_1_409' title='bbox 1408 844 1471 874; x_wconf 91' lang='lat' dir='ltr'>quo</span> <span class='ocrx_word' id='word_1_410' title='bbox 1492 836 1659 875; x_wconf 84' lang='lat' dir='ltr'>Sapientia</span> <span class='ocrx_word' id='word_1_411' title='bbox 1675 838 1727 868; x_wconf 82' lang='lat' dir='ltr'>di-</span> 
     </span>
     <span class='ocr_line' id='line_1_70' title="bbox 1022 880 1726 920; baseline 0.007 -11"><span class='ocrx_word' id='word_1_412' title='bbox 1022 880 1066 910; x_wconf 83' lang='lat' dir='ltr'>cit</span> <span class='ocrx_word' id='word_1_413' title='bbox 1082 889 1091 910; x_wconf 74' lang='lat'>2</span> <span class='ocrx_word' id='word_1_414' title='bbox 1108 882 1239 920; x_wconf 72' lang='lat' dir='ltr'>Attinqit</span> <span class='ocrx_word' id='word_1_415' title='bbox 1251 890 1271 911; x_wconf 79' lang='lat' dir='ltr'><em>a</em></span> <span class='ocrx_word' id='word_1_416' title='bbox 1286 882 1346 918; x_wconf 80' lang='lat' dir='ltr'>fine</span> <span class='ocrx_word' id='word_1_417' title='bbox 1363 891 1458 920; x_wconf 76' lang='lat' dir='ltr'>usque</span> <span class='ocrx_word' id='word_1_418' title='bbox 1477 883 1517 912; x_wconf 85' lang='lat' dir='ltr'>ad</span> <span class='ocrx_word' id='word_1_419' title='bbox 1530 882 1622 918; x_wconf 76' lang='lat' dir='ltr'>finem</span> <span class='ocrx_word' id='word_1_420' title='bbox 1637 883 1726 920; x_wconf 85' lang='lat' dir='ltr'>forti-</span> 
     </span>
     <span class='ocr_line' id='line_1_71' title="bbox 1022 928 1724 966; baseline 0.003 -10"><span class='ocrx_word' id='word_1_421' title='bbox 1022 928 1083 964; x_wconf 78' lang='lat' dir='ltr'>ter,</span> <span class='ocrx_word' id='word_1_422' title='bbox 1109 929 1138 957; x_wconf 84' lang='lat' dir='ltr'>et</span> <span class='ocrx_word' id='word_1_423' title='bbox 1159 929 1291 966; x_wconf 75' lang='lat' dir='ltr'>disponit</span> <span class='ocrx_word' id='word_1_424' title='bbox 1318 929 1425 957; x_wconf 80' lang='lat' dir='ltr'>omnia</span> <span class='ocrx_word' id='word_1_425' title='bbox 1448 929 1594 958; x_wconf 63' lang='lat' dir='ltr'>suaviter.</span> <span class='ocrx_word' id='word_1_426' title='bbox 1618 929 1724 959; x_wconf 87' lang='lat' dir='ltr'>Deum</span> 
     </span>
     <span class='ocr_line' id='line_1_72' title="bbox 1021 973 1720 1011; baseline 0.003 -9"><span class='ocrx_word' id='word_1_427' title='bbox 1021 973 1109 1002; x_wconf 89' lang='lat' dir='ltr'>enim</span> <span class='ocrx_word' id='word_1_428' title='bbox 1123 981 1258 1003; x_wconf 88' lang='lat' dir='ltr'>cernere</span> <span class='ocrx_word' id='word_1_429' title='bbox 1271 995 1280 1011; x_wconf 92' lang='lat'>,</span> <span class='ocrx_word' id='word_1_430' title='bbox 1297 973 1370 1003; x_wconf 84' lang='lat' dir='ltr'>finis</span> <span class='ocrx_word' id='word_1_431' title='bbox 1396 973 1445 1003; x_wconf 86' lang='lat' dir='ltr'>est</span> <span class='ocrx_word' id='word_1_432' title='bbox 1465 975 1720 1005; x_wconf 88' lang='lat' dir='ltr'>consummatus.</span> 
     </span>
     <span class='ocr_line' id='line_1_73' title="bbox 1020 1019 1721 1058; baseline 0.003 -11"><span class='ocrx_word' id='word_1_433' title='bbox 1020 1019 1090 1056; x_wconf 88' lang='lat' dir='ltr'>lpse</span> <span class='ocrx_word' id='word_1_434' title='bbox 1105 1019 1153 1049; x_wconf 88' lang='lat' dir='ltr'>est</span> <span class='ocrx_word' id='word_1_435' title='bbox 1164 1019 1259 1057; x_wconf 89' lang='lat' dir='ltr'>finis,</span> <span class='ocrx_word' id='word_1_436' title='bbox 1270 1019 1308 1048; x_wconf 87' lang='lat' dir='ltr'>ad</span> <span class='ocrx_word' id='word_1_437' title='bbox 1321 1027 1419 1057; x_wconf 90' lang='lat' dir='ltr'>quem</span> <span class='ocrx_word' id='word_1_438' title='bbox 1433 1027 1507 1049; x_wconf 89' lang='lat' dir='ltr'>cum</span> <span class='ocrx_word' id='word_1_439' title='bbox 1520 1020 1721 1058; x_wconf 81' lang='lat' dir='ltr'>venerimus,</span> 
     </span>
     <span class='ocr_line' id='line_1_74' title="bbox 1020 1064 1723 1103; baseline 0.003 -10"><span class='ocrx_word' id='word_1_440' title='bbox 1020 1064 1106 1093; x_wconf 92' lang='lat' dir='ltr'>nihil</span> <span class='ocrx_word' id='word_1_441' title='bbox 1131 1065 1271 1103; x_wconf 89' lang='lat' dir='ltr'>amplius</span> <span class='ocrx_word' id='word_1_442' title='bbox 1286 1065 1452 1102; x_wconf 87' lang='lat' dir='ltr'>sitiemus,</span> <span class='ocrx_word' id='word_1_443' title='bbox 1469 1065 1562 1094; x_wconf 90' lang='lat' dir='ltr'>Jesus</span> <span class='ocrx_word' id='word_1_444' title='bbox 1577 1065 1723 1095; x_wconf 86' lang='lat' dir='ltr'>Christus</span> 
     </span>
     <span class='ocr_line' id='line_1_75' title="bbox 1018 1109 1722 1148; baseline 0.004 -10"><span class='ocrx_word' id='word_1_445' title='bbox 1018 1118 1152 1147; x_wconf 90' lang='lat' dir='ltr'>sponsus</span> <span class='ocrx_word' id='word_1_446' title='bbox 1165 1110 1318 1140; x_wconf 87' lang='lat' dir='ltr'>Ecclesiae</span> <span class='ocrx_word' id='word_1_447' title='bbox 1327 1132 1336 1148; x_wconf 89' lang='lat'>,</span> <span class='ocrx_word' id='word_1_448' title='bbox 1345 1109 1402 1148; x_wconf 89' lang='lat' dir='ltr'>qui</span> <span class='ocrx_word' id='word_1_449' title='bbox 1418 1110 1467 1139; x_wconf 88' lang='lat' dir='ltr'>est</span> <span class='ocrx_word' id='word_1_450' title='bbox 1477 1109 1671 1141; x_wconf 84' lang='lat' dir='ltr'>benedictus</span> <span class='ocrx_word' id='word_1_451' title='bbox 1685 1110 1722 1141; x_wconf 86' lang='lat' dir='ltr'>in</span> 
     </span>
    </p>
   </div>
   <div class='ocr_carea' id='block_1_10' title="bbox 1017 1156 1273 1195">
    <p class='ocr_par' dir='ltr' id='par_1_11' title="bbox 1017 1156 1273 1195">
     <span class='ocr_line' id='line_1_76' title="bbox 1017 1156 1273 1195; baseline 0.004 -11"><span class='ocrx_word' id='word_1_452' title='bbox 1017 1156 1134 1186; x_wconf 82' lang='lat' dir='ltr'>saecula</span> <span class='ocrx_word' id='word_1_453' title='bbox 1144 1177 1154 1195; x_wconf 92' lang='lat'>,</span> <span class='ocrx_word' id='word_1_454' title='bbox 1166 1163 1273 1186; x_wconf 88' lang='lat' dir='ltr'>amen.</span> 
     </span>
    </p>
   </div>
   <div class='ocr_carea' id='block_1_11' title="bbox 1315 1211 1416 1218">
    <p class='ocr_par' dir='ltr' id='par_1_12' title="bbox 1315 1211 1416 1218">
     <span class='ocr_line' id='line_1_77' title="bbox 1315 1211 1416 1218; baseline 0.03 -3"><span class='ocrx_word' id='word_1_455' title='bbox 1315 1211 1416 1218; x_wconf 60' lang='lat'>.-</span> 
     </span>
    </p>
   </div>
   <div class='ocr_carea' id='block_1_12' title="bbox 1209 1255 1541 1289">
    <p class='ocr_par' dir='ltr' id='par_1_13' title="bbox 1209 1255 1541 1289">
     <span class='ocr_line' id='line_1_78' title="bbox 1209 1255 1541 1289; baseline 0 -1"><span class='ocrx_word' id='word_1_456' title='bbox 1209 1255 1379 1289; x_wconf 77' lang='lat' dir='ltr'>SEmIO</span> <span class='ocrx_word' id='word_1_457' title='bbox 1416 1255 1541 1289; x_wconf 85' lang='lat' dir='ltr'><strong>XLII.</strong></span> 
     </span>
    </p>
   </div>
   <div class='ocr_carea' id='block_1_13' title="bbox 1035 1331 1696 1397">
    <p class='ocr_par' dir='ltr' id='par_1_14' title="bbox 1035 1331 1696 1397">
     <span class='ocr_line' id='line_1_79' title="bbox 1035 1331 1696 1363; baseline 0 -7"><span class='ocrx_word' id='word_1_458' title='bbox 1035 1331 1076 1356; x_wconf 81' lang='lat' dir='ltr'>De</span> <span class='ocrx_word' id='word_1_459' title='bbox 1098 1331 1227 1363; x_wconf 84' lang='lat' dir='ltr'>quinque</span> <span class='ocrx_word' id='word_1_460' title='bbox 1250 1332 1500 1362; x_wconf 74' lang='lat' dir='ltr'>negotiationibus,</span> <span class='ocrx_word' id='word_1_461' title='bbox 1520 1334 1546 1355; x_wconf 79' lang='lat' dir='ltr'>et</span> <span class='ocrx_word' id='word_1_462' title='bbox 1568 1331 1696 1363; x_wconf 85' lang='lat' dir='ltr'>quinque</span> 
     </span>
     <span class='ocr_line' id='line_1_80' title="bbox 1285 1367 1455 1397; baseline 0.006 -7"><span class='ocrx_word' id='word_1_463' title='bbox 1285 1367 1455 1397; x_wconf 67' lang='lat' dir='ltr'>regionibus.</span> 
     </span>
    </p>
   </div>
   <div class='ocr_carea' id='block_1_14' title="bbox 996 1427 1717 2696">
    <p class='ocr_par' dir='ltr' id='par_1_15' title="bbox 996 1427 1717 2696">
     <span class='ocr_line' id='line_1_81' title="bbox 1054 1427 1716 1467; baseline 0 -9"><span class='ocrx_word' id='word_1_464' title='bbox 1054 1429 1084 1458; x_wconf 77' lang='lat'>1.</span> <span class='ocrx_word' id='word_1_465' title='bbox 1101 1429 1250 1458; x_wconf 66' lang='lat' dir='ltr'>Venerin</span> <span class='ocrx_word' id='word_1_466' title='bbox 1274 1428 1397 1467; x_wconf 88' lang='lat' dir='ltr'>Patris,</span> <span class='ocrx_word' id='word_1_467' title='bbox 1422 1427 1617 1467; x_wconf 80' lang='lat' dir='ltr'>Unigenitus</span> <span class='ocrx_word' id='word_1_468' title='bbox 1635 1428 1716 1466; x_wconf 86' lang='lat' dir='ltr'>Dei,</span> 
     </span>
     <span class='ocr_line' id='line_1_82' title="bbox 1013 1474 1716 1512; baseline -0.001 -8"><span class='ocrx_word' id='word_1_469' title='bbox 1013 1474 1066 1504; x_wconf 89' lang='lat' dir='ltr'>Sol</span> <span class='ocrx_word' id='word_1_470' title='bbox 1087 1474 1244 1512; x_wconf 78' lang='lat' dir='ltr'>justitiae,</span> <span class='ocrx_word' id='word_1_471' title='bbox 1267 1483 1412 1505; x_wconf 89' lang='lat' dir='ltr'>summus</span> <span class='ocrx_word' id='word_1_472' title='bbox 1436 1475 1493 1504; x_wconf 90' lang='lat' dir='ltr'>ille</span> <span class='ocrx_word' id='word_1_473' title='bbox 1508 1474 1716 1512; x_wconf 79' lang='lat' dir='ltr'>¹negotiator,</span> 
     </span>
     <span class='ocr_line' id='line_1_83' title="bbox 1012 1520 1717 1550; baseline -0.003 0"><span class='ocrx_word' id='word_1_474' title='bbox 1012 1520 1052 1550; x_wconf 88' lang='lat' dir='ltr'>de</span> <span class='ocrx_word' id='word_1_475' title='bbox 1068 1521 1194 1550; x_wconf 88' lang='lat' dir='ltr'>ultimis</span> <span class='ocrx_word' id='word_1_476' title='bbox 1214 1521 1370 1550; x_wconf 83' lang='lat' dir='ltr'>coelorum</span> <span class='ocrx_word' id='word_1_477' title='bbox 1387 1520 1507 1549; x_wconf 85' lang='lat' dir='ltr'>finibus</span> <span class='ocrx_word' id='word_1_478' title='bbox 1532 1520 1650 1549; x_wconf 83' lang='lat' dir='ltr'>nostrae</span> <span class='ocrx_word' id='word_1_479' title='bbox 1665 1528 1717 1549; x_wconf 89' lang='lat' dir='ltr'>re-</span> 
     </span>
     <span class='ocr_line' id='line_1_84' title="bbox 1013 1565 1715 1604; baseline -0.003 -8"><span class='ocrx_word' id='word_1_480' title='bbox 1013 1566 1209 1604; x_wconf 85' lang='lat' dir='ltr'>demptionis</span> <span class='ocrx_word' id='word_1_481' title='bbox 1223 1566 1366 1604; x_wconf 82' lang='lat' dir='ltr'>pretium</span> <span class='ocrx_word' id='word_1_482' title='bbox 1382 1565 1578 1604; x_wconf 82' lang='lat' dir='ltr'>apportavit.</span> <span class='ocrx_word' id='word_1_483' title='bbox 1595 1565 1715 1595; x_wconf 87' lang='lat' dir='ltr'>Fidelis</span> 
     </span>
     <span class='ocr_line' id='line_1_85' title="bbox 1010 1610 1713 1650; baseline -0.004 -8"><span class='ocrx_word' id='word_1_484' title='bbox 1010 1612 1072 1642; x_wconf 85' lang='lat' dir='ltr'>ista</span> <span class='ocrx_word' id='word_1_485' title='bbox 1088 1612 1265 1650; x_wconf 76' lang='lat' dir='ltr'>negotiatio</span> <span class='ocrx_word' id='word_1_486' title='bbox 1279 1612 1312 1641; x_wconf 86' lang='lat' dir='ltr'>et</span> <span class='ocrx_word' id='word_1_487' title='bbox 1327 1611 1415 1640; x_wconf 88' lang='lat' dir='ltr'>omni</span> <span class='ocrx_word' id='word_1_488' title='bbox 1439 1610 1628 1648; x_wconf 86' lang='lat' dir='ltr'>acceptione</span> <span class='ocrx_word' id='word_1_489' title='bbox 1645 1610 1713 1647; x_wconf 81' lang='lat' dir='ltr'>dig-</span> 
     </span>
     <span class='ocr_line' id='line_1_86' title="bbox 1008 1655 1714 1696; baseline -0.003 -9"><span class='ocrx_word' id='word_1_490' title='bbox 1008 1658 1139 1688; x_wconf 85' lang='lat' dir='ltr'>nissima</span> <span class='ocrx_word' id='word_1_491' title='bbox 1154 1679 1163 1695; x_wconf 92' lang='lat'>,</span> <span class='ocrx_word' id='word_1_492' title='bbox 1184 1658 1217 1687; x_wconf 85' lang='lat' dir='ltr'>in</span> <span class='ocrx_word' id='word_1_493' title='bbox 1236 1665 1299 1696; x_wconf 86' lang='lat' dir='ltr'>qua</span> <span class='ocrx_word' id='word_1_494' title='bbox 1327 1658 1398 1687; x_wconf 80' lang='lat' dir='ltr'>Rex</span> <span class='ocrx_word' id='word_1_495' title='bbox 1419 1656 1507 1685; x_wconf 86' lang='lat' dir='ltr'>filius</span> <span class='ocrx_word' id='word_1_496' title='bbox 1526 1655 1620 1693; x_wconf 81' lang='lat' dir='ltr'>Regis</span> <span class='ocrx_word' id='word_1_497' title='bbox 1643 1656 1714 1685; x_wconf 79' lang='lat' dir='ltr'>effi-</span> 
     </span>
     <span class='ocr_line' id='line_1_87' title="bbox 1008 1701 1713 1742; baseline -0.004 -9"><span class='ocrx_word' id='word_1_498' title='bbox 1008 1704 1093 1733; x_wconf 89' lang='lat' dir='ltr'>citur</span> <span class='ocrx_word' id='word_1_499' title='bbox 1117 1703 1314 1742; x_wconf 79' lang='lat' dir='ltr'>negotiatio,</span> <span class='ocrx_word' id='word_1_500' title='bbox 1345 1711 1461 1732; x_wconf 89' lang='lat' dir='ltr'>aurum</span> <span class='ocrx_word' id='word_1_501' title='bbox 1490 1710 1548 1740; x_wconf 90' lang='lat' dir='ltr'>pro</span> <span class='ocrx_word' id='word_1_502' title='bbox 1576 1701 1713 1739; x_wconf 91' lang='lat' dir='ltr'>plumbo</span> 
     </span>
     <span class='ocr_line' id='line_1_88' title="bbox 1007 1747 1712 1787; baseline -0.003 -9"><span class='ocrx_word' id='word_1_503' title='bbox 1007 1749 1182 1786; x_wconf 86' lang='lat' dir='ltr'>tribuitur,</span> <span class='ocrx_word' id='word_1_504' title='bbox 1207 1757 1266 1787; x_wconf 89' lang='lat' dir='ltr'>pro</span> <span class='ocrx_word' id='word_1_505' title='bbox 1294 1749 1466 1786; x_wconf 86' lang='lat' dir='ltr'>peccatore</span> <span class='ocrx_word' id='word_1_506' title='bbox 1496 1748 1634 1777; x_wconf 88' lang='lat' dir='ltr'>donatus</span> <span class='ocrx_word' id='word_1_507' title='bbox 1663 1747 1712 1777; x_wconf 87' lang='lat' dir='ltr'>est</span> 
     </span>
     <span class='ocr_line' id='line_1_89' title="bbox 1003 1792 1711 1833; baseline -0.006 -8"><span class='ocrx_word' id='word_1_508' title='bbox 1003 1795 1122 1831; x_wconf 71' lang='lat' dir='ltr'>justus.</span> <span class='ocrx_word' id='word_1_509' title='bbox 1149 1798 1174 1824; x_wconf 82' lang='lat'>0</span> <span class='ocrx_word' id='word_1_510' title='bbox 1203 1803 1301 1833; x_wconf 83' lang='lat' dir='ltr'>quam</span> <span class='ocrx_word' id='word_1_511' title='bbox 1336 1793 1485 1823; x_wconf 83' lang='lat' dir='ltr'>indebita</span> <span class='ocrx_word' id='word_1_512' title='bbox 1522 1792 1711 1830; x_wconf 86' lang='lat' dir='ltr'>miseratio,</span> 
     </span>
     <span class='ocr_line' id='line_1_90' title="bbox 1007 1838 1710 1879; baseline -0.007 -8"><span class='ocrx_word' id='word_1_513' title='bbox 1007 1850 1104 1879; x_wconf 85' lang='lat' dir='ltr'>quam</span> <span class='ocrx_word' id='word_1_514' title='bbox 1119 1841 1258 1878; x_wconf 80' lang='lat' dir='ltr'>gratuita</span> <span class='ocrx_word' id='word_1_515' title='bbox 1285 1841 1318 1870; x_wconf 89' lang='lat' dir='ltr'>et</span> <span class='ocrx_word' id='word_1_516' title='bbox 1333 1840 1378 1869; x_wconf 78' lang='lat' dir='ltr'>sic</span> <span class='ocrx_word' id='word_1_517' title='bbox 1400 1839 1533 1877; x_wconf 87' lang='lat' dir='ltr'>probata</span> <span class='ocrx_word' id='word_1_518' title='bbox 1554 1838 1686 1867; x_wconf 89' lang='lat' dir='ltr'>dilectio</span> <span class='ocrx_word' id='word_1_519' title='bbox 1700 1859 1710 1876; x_wconf 82' lang='lat'>,</span> 
     </span>
     <span class='ocr_line' id='line_1_91' title="bbox 1006 1884 1711 1924; baseline -0.006 -8"><span class='ocrx_word' id='word_1_520' title='bbox 1006 1895 1103 1924; x_wconf 84' lang='lat' dir='ltr'>quam</span> <span class='ocrx_word' id='word_1_521' title='bbox 1133 1886 1300 1923; x_wconf 81' lang='lat' dir='ltr'>inopinata</span> <span class='ocrx_word' id='word_1_522' title='bbox 1330 1884 1492 1922; x_wconf 81' lang='lat' dir='ltr'>dignatio,</span> <span class='ocrx_word' id='word_1_523' title='bbox 1519 1892 1615 1922; x_wconf 88' lang='lat' dir='ltr'>quam</span> <span class='ocrx_word' id='word_1_524' title='bbox 1643 1884 1711 1913; x_wconf 83' lang='lat' dir='ltr'>stu-</span> 
     </span>
     <span class='ocr_line' id='line_1_92' title="bbox 1005 1929 1710 1967; baseline -0.006 -6"><span class='ocrx_word' id='word_1_525' title='bbox 1005 1932 1111 1967; x_wconf 83' lang='lat' dir='ltr'>penda</span> <span class='ocrx_word' id='word_1_526' title='bbox 1126 1931 1280 1967; x_wconf 82' lang='lat' dir='ltr'>dulcedo,</span> <span class='ocrx_word' id='word_1_527' title='bbox 1297 1938 1394 1967; x_wconf 88' lang='lat' dir='ltr'>quam</span> <span class='ocrx_word' id='word_1_528' title='bbox 1411 1929 1532 1958; x_wconf 73' lang='lat' dir='ltr'>invicta</span> <span class='ocrx_word' id='word_1_529' title='bbox 1559 1937 1710 1958; x_wconf 82' lang='lat' dir='ltr'>mansue-</span> 
     </span>
     <span class='ocr_line' id='line_1_93' title="bbox 1004 1972 1708 2012; baseline -0.001 -9"><span class='ocrx_word' id='word_1_530' title='bbox 1004 1974 1099 2012; x_wconf 72' lang='lat' dir='ltr'>tudo,</span> <span class='ocrx_word' id='word_1_531' title='bbox 1117 1982 1215 2012; x_wconf 87' lang='lat' dir='ltr'>quam</span> <span class='ocrx_word' id='word_1_532' title='bbox 1231 1974 1308 2003; x_wconf 78' lang='lat' dir='ltr'>vilis</span> <span class='ocrx_word' id='word_1_533' title='bbox 1324 1973 1500 2010; x_wconf 72' lang='lat' dir='ltr'>negotiatio</span> <span class='ocrx_word' id='word_1_534' title='bbox 1511 1994 1520 2010; x_wconf 88' lang='lat'>,</span> <span class='ocrx_word' id='word_1_535' title='bbox 1536 1973 1593 2002; x_wconf 92' lang='lat' dir='ltr'>ubi</span> <span class='ocrx_word' id='word_1_536' title='bbox 1608 1972 1708 2002; x_wconf 75' lang='lat' dir='ltr'>filius</span> 
     </span>
     <span class='ocr_line' id='line_1_94' title="bbox 1003 2020 1708 2058; baseline -0.004 -8"><span class='ocrx_word' id='word_1_537' title='bbox 1003 2021 1062 2050; x_wconf 89' lang='lat' dir='ltr'>Dei</span> <span class='ocrx_word' id='word_1_538' title='bbox 1088 2029 1146 2058; x_wconf 88' lang='lat' dir='ltr'>pro</span> <span class='ocrx_word' id='word_1_539' title='bbox 1170 2029 1264 2050; x_wconf 76' lang='lat' dir='ltr'>servo</span> <span class='ocrx_word' id='word_1_540' title='bbox 1285 2020 1448 2057; x_wconf 85' lang='lat' dir='ltr'>traditur,</span> <span class='ocrx_word' id='word_1_541' title='bbox 1474 2027 1531 2057; x_wconf 87' lang='lat' dir='ltr'>pro</span> <span class='ocrx_word' id='word_1_542' title='bbox 1560 2020 1708 2048; x_wconf 85' lang='lat' dir='ltr'>creatura</span> 
     </span>
     <span class='ocr_line' id='line_1_95' title="bbox 1002 2064 1708 2102; baseline -0.003 -7"><span class='ocrx_word' id='word_1_543' title='bbox 1002 2066 1132 2095; x_wconf 77' lang='lat' dir='ltr'>Creator</span> <span class='ocrx_word' id='word_1_544' title='bbox 1139 2065 1310 2101; x_wconf 89' lang='lat' dir='ltr'>occiditur,</span> <span class='ocrx_word' id='word_1_545' title='bbox 1320 2074 1376 2102; x_wconf 85' lang='lat' dir='ltr'>pro</span> <span class='ocrx_word' id='word_1_546' title='bbox 1384 2064 1545 2102; x_wconf 85' lang='lat' dir='ltr'>mancipio</span> <span class='ocrx_word' id='word_1_547' title='bbox 1553 2064 1708 2093; x_wconf 85' lang='lat' dir='ltr'>Dominus</span> 
     </span>
     <span class='ocr_line' id='line_1_96' title="bbox 1003 2109 1706 2148; baseline -0.003 -8"><span class='ocrx_word' id='word_1_548' title='bbox 1003 2111 1233 2141; x_wconf 81' lang='lat' dir='ltr'>condemnatm</span> <span class='ocrx_word' id='word_1_549' title='bbox 1250 2113 1258 2140; x_wconf 77' lang='lat'>¹.</span> <span class='ocrx_word' id='word_1_550' title='bbox 1281 2111 1347 2140; x_wconf 88' lang='lat' dir='ltr'>Tua</span> <span class='ocrx_word' id='word_1_551' title='bbox 1361 2111 1436 2139; x_wconf 88' lang='lat' dir='ltr'>sunt</span> <span class='ocrx_word' id='word_1_552' title='bbox 1459 2110 1527 2139; x_wconf 81' lang='lat' dir='ltr'>haec</span> <span class='ocrx_word' id='word_1_553' title='bbox 1539 2131 1547 2147; x_wconf 95' lang='lat'>,</span> <span class='ocrx_word' id='word_1_554' title='bbox 1563 2109 1706 2148; x_wconf 83' lang='lat' dir='ltr'>Christe,</span> 
     </span>
     <span class='ocr_line' id='line_1_97' title="bbox 1002 2155 1706 2195; baseline -0.006 -8"><span class='ocrx_word' id='word_1_555' title='bbox 1002 2165 1098 2195; x_wconf 86' lang='lat' dir='ltr'>opera</span> <span class='ocrx_word' id='word_1_556' title='bbox 1111 2180 1120 2195; x_wconf 89' lang='lat'>,</span> <span class='ocrx_word' id='word_1_557' title='bbox 1137 2157 1192 2195; x_wconf 91' lang='lat' dir='ltr'>qui</span> <span class='ocrx_word' id='word_1_558' title='bbox 1209 2156 1248 2186; x_wconf 89' lang='lat' dir='ltr'>de</span> <span class='ocrx_word' id='word_1_559' title='bbox 1273 2156 1397 2185; x_wconf 87' lang='lat' dir='ltr'>lumine</span> <span class='ocrx_word' id='word_1_560' title='bbox 1411 2155 1483 2185; x_wconf 78' lang='lat' dir='ltr'>coeli</span> <span class='ocrx_word' id='word_1_561' title='bbox 1498 2155 1539 2184; x_wconf 89' lang='lat' dir='ltr'>ad</span> <span class='ocrx_word' id='word_1_562' title='bbox 1557 2155 1706 2184; x_wconf 87' lang='lat' dir='ltr'>tenebras</span> 
     </span>
     <span class='ocr_line' id='line_1_98' title="bbox 1002 2200 1706 2240; baseline 0 -9"><span class='ocrx_word' id='word_1_563' title='bbox 1002 2202 1122 2232; x_wconf 77' lang='lat' dir='ltr'>inferni</span> <span class='ocrx_word' id='word_1_564' title='bbox 1134 2224 1143 2240; x_wconf 96' lang='lat'>,</span> <span class='ocrx_word' id='word_1_565' title='bbox 1170 2210 1187 2231; x_wconf 90' lang='lat' dir='ltr'>a</span> <span class='ocrx_word' id='word_1_566' title='bbox 1204 2201 1340 2231; x_wconf 78' lang='lat' dir='ltr'>dextera</span> <span class='ocrx_word' id='word_1_567' title='bbox 1361 2201 1539 2238; x_wconf 82' lang='lat' dir='ltr'>majestatis</span> <span class='ocrx_word' id='word_1_568' title='bbox 1556 2200 1595 2230; x_wconf 88' lang='lat' dir='ltr'>ad</span> <span class='ocrx_word' id='word_1_569' title='bbox 1611 2201 1706 2231; x_wconf 87' lang='lat' dir='ltr'>mise-</span> 
     </span>
     <span class='ocr_line' id='line_1_99' title="bbox 1000 2246 1705 2284; baseline -0.004 -7"><span class='ocrx_word' id='word_1_570' title='bbox 1000 2248 1080 2277; x_wconf 90' lang='lat' dir='ltr'>riam</span> <span class='ocrx_word' id='word_1_571' title='bbox 1106 2247 1343 2284; x_wconf 86' lang='lat' dir='ltr'>humanitatis,</span> <span class='ocrx_word' id='word_1_572' title='bbox 1366 2254 1384 2275; x_wconf 87' lang='lat' dir='ltr'>a</span> <span class='ocrx_word' id='word_1_573' title='bbox 1411 2246 1512 2284; x_wconf 78' lang='lat' dir='ltr'>gloria</span> <span class='ocrx_word' id='word_1_574' title='bbox 1540 2246 1644 2275; x_wconf 86' lang='lat' dir='ltr'>Patris</span> <span class='ocrx_word' id='word_1_575' title='bbox 1665 2246 1705 2275; x_wconf 88' lang='lat' dir='ltr'>ad</span> 
     </span>
     <span class='ocr_line' id='line_1_100' title="bbox 999 2291 1704 2329; baseline -0.003 -7"><span class='ocrx_word' id='word_1_576' title='bbox 999 2294 1137 2323; x_wconf 86' lang='lat' dir='ltr'>mortem</span> <span class='ocrx_word' id='word_1_577' title='bbox 1167 2293 1271 2322; x_wconf 86' lang='lat' dir='ltr'>crucis</span> <span class='ocrx_word' id='word_1_578' title='bbox 1300 2292 1519 2329; x_wconf 72' lang='lat' dir='ltr'>descendisti,</span> <span class='ocrx_word' id='word_1_579' title='bbox 1540 2291 1704 2321; x_wconf 85' lang='lat' dir='ltr'>infernum</span> 
     </span>
     <span class='ocr_line' id='line_1_101' title="bbox 1000 2337 1704 2377; baseline -0.006 -8"><span class='ocrx_word' id='word_1_580' title='bbox 1000 2339 1210 2377; x_wconf 87' lang='lat' dir='ltr'>illustrando,</span> <span class='ocrx_word' id='word_1_581' title='bbox 1236 2338 1404 2368; x_wconf 85' lang='lat' dir='ltr'>hominem</span> <span class='ocrx_word' id='word_1_582' title='bbox 1427 2337 1635 2374; x_wconf 86' lang='lat' dir='ltr'>redimendo,</span> <span class='ocrx_word' id='word_1_583' title='bbox 1651 2346 1704 2366; x_wconf 91' lang='lat' dir='ltr'>su-</span> 
     </span>
     <span class='ocr_line' id='line_1_102' title="bbox 999 2383 1702 2424; baseline -0.006 -9"><span class='ocrx_word' id='word_1_584' title='bbox 999 2385 1142 2424; x_wconf 89' lang='lat' dir='ltr'>perando</span> <span class='ocrx_word' id='word_1_585' title='bbox 1163 2386 1320 2421; x_wconf 89' lang='lat' dir='ltr'>mortem,</span> <span class='ocrx_word' id='word_1_586' title='bbox 1349 2385 1382 2414; x_wconf 88' lang='lat' dir='ltr'>et</span> <span class='ocrx_word' id='word_1_587' title='bbox 1398 2383 1511 2412; x_wconf 88' lang='lat' dir='ltr'>mortis</span> <span class='ocrx_word' id='word_1_588' title='bbox 1526 2383 1702 2412; x_wconf 86' lang='lat' dir='ltr'>auctorem.</span> 
     </span>
     <span class='ocr_line' id='line_1_103' title="bbox 999 2428 1703 2468; baseline -0.006 -7"><span class='ocrx_word' id='word_1_589' title='bbox 999 2432 1085 2461; x_wconf 79' lang='lat' dir='ltr'>Unus</span> <span class='ocrx_word' id='word_1_590' title='bbox 1111 2439 1164 2468; x_wconf 87' lang='lat' dir='ltr'>es,</span> <span class='ocrx_word' id='word_1_591' title='bbox 1195 2431 1229 2460; x_wconf 85' lang='lat' dir='ltr'>et</span> <span class='ocrx_word' id='word_1_592' title='bbox 1256 2429 1435 2459; x_wconf 88' lang='lat' dir='ltr'>secundum</span> <span class='ocrx_word' id='word_1_593' title='bbox 1471 2437 1536 2458; x_wconf 89' lang='lat' dir='ltr'>non</span> <span class='ocrx_word' id='word_1_594' title='bbox 1564 2428 1664 2458; x_wconf 86' lang='lat' dir='ltr'>habes</span> <span class='ocrx_word' id='word_1_595' title='bbox 1693 2436 1703 2457; x_wconf 92' lang='lat'><strong>:</strong></span> 
     </span>
     <span class='ocr_line' id='line_1_104' title="bbox 997 2473 1704 2515; baseline -0.006 -9"><span class='ocrx_word' id='word_1_596' title='bbox 997 2486 1094 2515; x_wconf 91' lang='lat' dir='ltr'>quem</span> <span class='ocrx_word' id='word_1_597' title='bbox 1111 2477 1150 2506; x_wconf 91' lang='lat' dir='ltr'>ad</span> <span class='ocrx_word' id='word_1_598' title='bbox 1166 2484 1225 2506; x_wconf 86' lang='lat' dir='ltr'>nos</span> <span class='ocrx_word' id='word_1_599' title='bbox 1245 2475 1475 2505; x_wconf 88' lang='lat' dir='ltr'>redimendum</span> <span class='ocrx_word' id='word_1_600' title='bbox 1491 2474 1620 2512; x_wconf 88' lang='lat' dir='ltr'>propria</span> <span class='ocrx_word' id='word_1_601' title='bbox 1644 2473 1704 2502; x_wconf 89' lang='lat' dir='ltr'>be-</span> 
     </span>
     <span class='ocr_line' id='line_1_105' title="bbox 996 2518 1701 2560; baseline -0.006 -8"><span class='ocrx_word' id='word_1_602' title='bbox 996 2523 1140 2560; x_wconf 81' lang='lat' dir='ltr'>nignitas</span> <span class='ocrx_word' id='word_1_603' title='bbox 1156 2521 1309 2551; x_wconf 75' lang='lat' dir='ltr'>invitavit</span> <span class='ocrx_word' id='word_1_604' title='bbox 1323 2543 1332 2559; x_wconf 91' lang='lat'>,</span> <span class='ocrx_word' id='word_1_605' title='bbox 1348 2519 1572 2550; x_wconf 81' lang='lat' dir='ltr'>misericordia</span> <span class='ocrx_word' id='word_1_606' title='bbox 1585 2518 1701 2556; x_wconf 85' lang='lat' dir='ltr'>traxit;</span> 
     </span>
     <span class='ocr_line' id='line_1_106' title="bbox 996 2563 1702 2608; baseline -0.01 -10"><span class='ocrx_word' id='word_1_607' title='bbox 996 2569 1122 2599; x_wconf 70' lang='lat' dir='ltr'>veritas</span> <span class='ocrx_word' id='word_1_608' title='bbox 1147 2576 1209 2606; x_wconf 91' lang='lat' dir='ltr'>qua</span> <span class='ocrx_word' id='word_1_609' title='bbox 1229 2568 1262 2597; x_wconf 89' lang='lat' dir='ltr'>te</span> <span class='ocrx_word' id='word_1_610' title='bbox 1289 2568 1466 2596; x_wconf 77' lang='lat' dir='ltr'>venturum</span> <span class='ocrx_word' id='word_1_611' title='bbox 1486 2563 1702 2608; x_wconf 86' lang='lat' dir='ltr'>promiseras,</span> 
     </span>
     <span class='ocr_line' id='line_1_107' title="bbox 998 2608 1702 2650; baseline -0.009 -8"><span class='ocrx_word' id='word_1_612' title='bbox 998 2612 1178 2650; x_wconf 88' lang='lat' dir='ltr'>compulit,</span> <span class='ocrx_word' id='word_1_613' title='bbox 1194 2611 1321 2650; x_wconf 88' lang='lat' dir='ltr'>puritas</span> <span class='ocrx_word' id='word_1_614' title='bbox 1339 2610 1426 2641; x_wconf 92' lang='lat' dir='ltr'>uteri</span> <span class='ocrx_word' id='word_1_615' title='bbox 1450 2608 1618 2646; x_wconf 82' lang='lat' dir='ltr'>virginalis</span> <span class='ocrx_word' id='word_1_616' title='bbox 1633 2616 1702 2637; x_wconf 87' lang='lat' dir='ltr'>sus-</span> 
     </span>
     <span class='ocr_line' id='line_1_108' title="bbox 998 2652 1701 2696; baseline -0.007 -10"><span class='ocrx_word' id='word_1_617' title='bbox 998 2658 1105 2696; x_wconf 87' lang='lat' dir='ltr'>cepit,</span> <span class='ocrx_word' id='word_1_618' title='bbox 1125 2658 1214 2688; x_wconf 85' lang='lat' dir='ltr'>salva</span> <span class='ocrx_word' id='word_1_619' title='bbox 1229 2655 1426 2695; x_wconf 78' lang='lat' dir='ltr'>virginitatis</span> <span class='ocrx_word' id='word_1_620' title='bbox 1440 2652 1627 2694; x_wconf 80' lang='lat' dir='ltr'>integritate</span> <span class='ocrx_word' id='word_1_621' title='bbox 1641 2660 1701 2691; x_wconf 85' lang='lat' dir='ltr'>po-</span> 
     </span>
    </p>
   </div>
  </div>
 </body>
</html>
