1846 3078
295 212 354 243 298

295 267 534 306 correptionem*
555 275 618 297 non
638 266 763 298 abnuit.
786 268 847 297 Nos
866 267 900 296 et
917 273 989 295 cum

294 322 408 352 inagna
432 314 671 352 delinquimus,
698 314 754 343 vix
779 312 913 342 ferimus
938 318 990 339 re-

293 360 468 398 prehendi:
483 359 550 390 haec
562 361 768 397 autemaequo
783 358 891 387 animo
900 356 991 386 audit

292 406 404 435 contra
418 413 452 435 se
477 405 710 434 amaritudines
731 403 817 432 nihil
837 409 987 440 peccans.

291 451 369 480 Nam
403 451 431 480 si
463 451 624 481 desiderat
657 449 769 478 videre
806 448 987 477 claritatem

291 497 419 535 sponsi,
435 497 513 535 quid
528 496 603 525 mali
628 494 697 524 est?
712 494 812 532 magis
836 494 869 523 et
886 493 989 523 laudis

291 543 350 572 est.
374 543 412 572 1-:t
433 544 541 572 tamen
569 540 733 576 increpata
760 539 987 577 poenitentiam

290 587 373 625 agit,
390 588 422 616 et
437 587 515 616 dicit
531 585 725 615 :Fasciculus
736 585 871 622 myrrlioe
897 586 988 615 dilec-

291 635 338 663 tus
352 642 435 662 meus
462 631 552 666 milii,
569 631 648 659 inter
662 629 758 659 ubera
771 639 840 659 mea
856 639 987 661 commo-

288 678 420 708 rabilur.
449 677 513 705 Hoc
536 676 605 712 est,
634 675 760 705 Sufficit
784 676 886 713 mihi,
913 677 986 706 nolo

287 723 353 760 jam
372 723 454 751 scire
480 720 542 750 nisi
562 720 691 757 Jesum,
717 721 750 750 et
771 721 859 751 hunc
881 722 987 752 cruci-

288 768 400 797 fixum.
413 768 523 803 Magna
539 765 721 796 humilitas!
734 767 815 796 Actu
829 767 986 799 innocens

287 813 422 849 suscipit
446 811 635 849 poenitentis
660 812 829 849 affectum3
858 813 891 842 et
914 822 985 851 quae

287 866 351 888 non
365 858 461 887 habet
476 857 562 886 unde
571 857 731 894 poeniteat
743 879 751 894 ‚
761 857 861 888 habet
875 860 984 890 tamen

285 905 321 933 ut
336 903 503 941 poeniteat.
525 903 588 931 Cur
603 911 698 941 ergo,
721 902 829 940 inquis
842 925 851 940 ‚
875 903 985 933 incre-

284 950 357 986 pata
373 950 440 986 cst,
461 949 486 978 si
502 948 585 977 nihil
606 948 685 977 mali
707 947 805 978 fecit?
817 948 880 978 Sed
897 950 984 978 enim

285 995 359 1025 audi
376 1004 462 1024 nunc
487 994 762 1032 dispensationem
787 995 821 1024 et
841 995 985 1032 pruden-

284 1042 362 1071 tiam
389 1041 509 1079 sponsi.
539 1041 629 1070 Sicut
649 1040 785 1070 Abrahae
807 1041 884 1070 olim
907 1041 985 1070 obe-

285 1086 407 1116 dientia
429 1095 507 1117 sane
532 1087 657 1116 tentata
682 1087 749 1124 est,
772 1086 817 1116 ita
843 1087 876 1116 et
898 1095 984 1117 nunc

284 1133 450 1162 humilitas
465 1141 598 1170 sponsae.
615 1132 652 1161 Et
673 1132 831 1170 quomodo
848 1133 903 1162 ille
923 1133 983 1162 im-

282 1177 371 1216 pleta
397 1178 583 1207 obedientia
612 1178 691 1206 tunc
721 1177 864 1215 audivit,
894 1180 984 1208 Nunc

754 215 784 242 S.
814 214 896 241 BER
907 211 1048 240 NARDI
1072 213 1261 242 Ansslt'rls

1027 272 1076 293 inc
1092 265 1260 298 dumtaxat
1280 268 1442 301 incarnato
1458 273 1490 301 ct
1506 279 1609 310 passo,
1625 270 1719 300 oculo

1025 309 1154 340 intuens
1166 312 1359 345 columbino.

1063 355 1165 385 11..ἱυῖ
1181 359 1267 387 certe
1282 361 1358 398 quia
1370 362 1404 391 in
1419 364 1527 401 specie
1543 361 1611 393 avis
1621 359 1720 396 hujus

1022 399 1162 436 Spiritus
1195 405 1324 435 sanctus
1344 409 1512 447 apparuit,
1541 407 1719 446 spiritualis

1022 446 1122 484 inagis
1136 456 1232 485 quam
1248 450 1387 488 simplex
1402 454 1436 482 in
1458 463 1496 484 ea
1511 454 1652 484 intuitus
1666 460 1721 482 co-

1021 491 1138 522 lumbae
1153 494 1283 524 nomine
1296 499 1551 529 commendatur.
1566 500 1605 528 Et
1619 498 1645 527 si
1657 497 1717 526 hoc

1021 537 1157 576 placeat,
1171 541 1298 578 oportet
1311 542 1432 572 referas
1443 545 1620 581 capitulum
1633 551 1718 581 prae-

1019 591 1092 613 sens
1120 584 1160 613 ad
1182 585 1232 623 id,
1258 587 1343 624 quod
1371 589 1468 626 paulo
1489 590 1563 619 ante
1592 589 1720 618 sodales

1020 631 1212 661 muraenulas
1238 632 1270 662 ei
1298 632 1405 663 facere
1427 642 1540 664 aureas
1560 634 1719 672 promise-

1019 676 1112 713 runt,
1128 684 1192 706 non
1207 677 1413 708 intendentes
1430 677 1486 718 (ut
1496 679 1575 708 tunc
1600 677 1717 717 docui)

1018 729 1131 752 ornare
1158 731 1251 753 aures
1273 725 1432 763 corporis,
1455 725 1512 755 sed
1541 724 1716 754 informare

1017 767 1163 798 auditum
1179 769 1296 799 cordis.
1316 771 1426 801 Potuit
1446 771 1554 809 itaque
1576 769 1666 806 fieri,
1681 769 1719 798 ut

1017 812 1078 842 fide
1090 835 1099 851 ,
1111 822 1182 851 quae
1199 815 1248 845 est
1263 823 1305 845 ex
1320 816 1434 846 auditu
1444 838 1453 854 ‚
1470 816 1566 846 corde
1578 815 1716 853 amplius

1017 859 1188 897 mundato,
1203 861 1241 890 ad
1254 861 1430 891 videndum
1453 862 1538 899 quod
1560 862 1634 891 ante
1650 868 1715 890 non

1016 904 1161 943 poterat,
1175 905 1362 936 instructior
1373 907 1575 936 redderetur.
1589 908 1627 936 Et
1638 914 1715 944 quo-

1016 949 1102 978 niam
1128 950 1168 981 de
1199 952 1342 990 acceptis
1363 953 1552 982 muraenulis
1580 953 1615 982 in
1642 953 1714 982 visu

1016 995 1153 1025 acutiori
1169 996 1210 1026 ad
1234 997 1487 1035 intelligentiam
1512 998 1712 1035 spiritualem

1017 1039 1083 1070 visa
1101 1042 1149 1071 est
1163 1041 1356 1080 profecisse3
1372 1043 1495 1080 placuit
1508 1050 1644 1081 sponsm
1661 1044 1713 1072 cui

1015 1094 1143 1124 semper
1157 1086 1263 1126 (quod
1288 1088 1321 1117 in
1341 1096 1374 1118 se
1398 1087 1468 1127 est)
1485 1089 1593 1126 placet
1613 1088 1714 1126 magis

1017 1131 1121 1161 videri
1147 1132 1181 1161 in
1207 1133 1323 1170 spiritu
1338 1142 1346 1170 3
1374 1134 1407 1162 et
1436 1141 1654 1163 annumerans
1679 1133 1715 1162 id

997 1185 1142 1226 jquoque
1170 1178 1240 1215 ejus
1268 1179 1437 1216 laudibus,
1463 1179 1509 1208 ait
1530 1187 1538 1207 :
1561 1179 1647 1209 Oculi
1671 1180 1716 1208 tui

283 1225 406 1261 (09110σὶ
420 1225 497 1262 quod
513 1226 620 1253 timeas
645 1226 746 1254 Deum
762 1233 772 1253 .·
788 1224 834 1254 sic
850 1226 883 1254 et
907 1225 983 1255 huic
997 1227 1000 1245 1
1014 1224 1238 1254 columbarum.
1255 1225 1324 1253 Jam
1345 1232 1398 1254 me
1410 1247 1418 1262 ,
1438 1224 1563 1263 inquit,
1584 1225 1714 1254 intuere

283 1269 377 1298 inodo
405 1269 494 1307 quasi
523 1270 582 1299 sub
611 1270 684 1298 aliis
710 1270 820 1299 verbis
846 1252 1047 1309 (11011111,1111
1068 1269 1204 1306 spiritu,
1234 1270 1310 1308 quia
1338 1270 1470 1308 spiritus
1498 1271 1574 1299 ante
1596 1268 1712 1298 faciem

282 1315 371 1344 Nunc
399 1315 532 1353 cognovi
562 1315 646 1353 quod
674 1315 808 1345 humilis
837 1316 891 1345 sis.
917 1312 999 1347 Hoc&
1016 1315 1102 1343 tuam
1117 1315 1262 1345 Christus
1277 1316 1444 1345 Dominus.
1462 1316 1500 1345 Et
1516 1315 1615 1345 habes
1627 1314 1713 1344 unde

284 1361 373 1390 enini
390 1363 436 1390 est
449 1361 534 1398 quod
545 1361 589 1390 ait
602 1370 609 1389 :
624 1362 701 1391 Ecce
718 1364 748 1391 lu
763 1363 871 1400 pulcra
888 1373 928 1393 cs.
945 1348 999 1394 Et?
1017 1359 1047 1389 id
1071 1360 1191 1398 ΡΟὸΞῐΞ,
1213 1360 1288 1398 (luia
1311 1362 1391 1390 oculi
1417 1362 1462 1390 lui
1488 1360 1711 1390 columbarum·

282 1406 355 1434 ideo
370 1406 568 1443 praeconium
583 1407 678 1435 iterat
689 1428 697 1443 ‚
713 1409 748 1436 ut
764 1408 872 1445 gloriae
888 1417 982 1439 sanc-
1013 1406 1095 1434 Ante
1108 1413 1171 1435 non
1188 1406 1346 1444 habebas,
1364 1408 1397 1436 et
1418 1406 1490 1436 ideo
1505 1405 1714 1443 reprimenda

282 1452 385 1480 litatis
401 1451 545 1480 additum
559 1452 664 1488 signet
679 1452 874 1482 humilitatis
889 1454 983 1484 deco-

282 1504 363 1525 rem.
378 1499 453 1526 Ecce
471 1499 501 1526 lu
518 1497 624 1534 pulcra
639 1506 686 1532 es,
703 1499 801 1527 ainicu
820 1508 905 1536 mea,
919 1509 981 1530 ecce

282 1545 313 1571 lu
327 1543 446 1580 pulcra.
456 1543 545 1571 Nunc
558 1543 690 1580 cognovi
703 1543 787 1581 quod
803 1544 912 1581 pulcra
925 1547 979 1584 sis,

282 1595 345 1616 non
360 1588 461 1616 solum
479 1595 518 1615 ex
535 1596 606 1616 meo
619 1596 743 1626 amore,
757 1589 811 1618 sed
825 1591 922 1620 etiam
939 1600 979 1621 ex

282 1634 335 1661 tua
352 1632 548 1663 humilitate.
565 1634 631 1662 Non
648 1633 718 1662 dico
735 1632 819 1663 nnnc
836 1637 979 1672 pulcram

281 1677 367 1706 inter
383 1677 554 1714 mulieres2
571 1687 629 1708 nec
653 1679 800 1716 pulcram
816 1680 848 1708 in
868 1682 978 1718 genis,

282 1731 339 1751 nec
358 1723 390 1750 111
412 1723 511 1759 collo,
537 1724 619 1753 sicut
636 1726 709 1753 ante
733 1724 880 1754 dicebam
898 1735 906 1754 z
924 1728 979 1756 sed

283 1769 425 1804 pulcram
443 1768 635 1805 simpliciter
647 1769 749 1799 fateor
761 1791 770 1807 ,
787 1779 849 1799 non
865 1772 978 1810 utique

278 1814 423 1850 pulcram
451 1822 493 1842 ex
521 1815 759 1851 comparatione
771 1837 780 1853 ‚
811 1824 877 1845 non
907 1825 980 1847 cum

279 1858 503 1895 diStinctione,
517 1866 580 1887 non
597 1866 637 1887 ex
652 1861 754 1896 parte.

317 1903 347 1932 [ι.
367 1905 403 1933 Et
428 1904 516 1933 addit
539 1912 546 1932 :
575 1904 662 1934 Oculi
687 1906 732 1934 lui
752 1907 976 1937 columbarum.

279 1950 397 1986 Aperte
416 1950 521 1979 adhuc
537 1951 782 1981 commendatur
798 1952 975 1983 humilitas.

280 1995 327 2024 Ad
339 1995 397 2024 hoc
412 1995 574 2033 siquidem
589 1996 739 2034 respicit,
755 1998 840 2035 quod
855 1999 910 2028 illa
926 2008 978 2029 re-

278 2041 437 2078 prehensa
453 2041 492 2070 de
505 2042 569 2070 alta
586 2042 795 2080 inquisitione
811 2052 886 2081 sua,
904 2053 978 2075 con-

278 2087 368 2115 tinuo
384 2095 448 2115 non
474 2087 623 2116 cunctata
650 2088 698 2116 est
719 2088 759 2117 ad
781 2089 977 2127 simpliciora

281 2130 474 2160 descendere
486 2153 495 2169 ,
512 2132 556 2160 ita
578 2132 615 2162 ut
629 2132 754 2162 diceret
771 2142 778 2161 :
802 2135 977 2167 Fasciculus

280 2176 412 2212 iii)·›·v·lice
427 2177 548 2207 dilectus
560 2186 644 2208 meus
658 2179 743 2208 milii.
759 2179 893 2209 Multum
906 2189 978 2218 pro-

280 2220 363 2249 secto
390 2220 485 2250 distat
511 2222 597 2251 inter
625 2224 754 2253 vultum
782 2225 909 2264 gloriae,
944 2228 976 2256 et

280 2265 467 2295 fasciculum
489 2268 627 2304 myrrhae
645 2278 652 2297 :
671 2270 703 2299 et
724 2269 798 2300 ideo
824 2279 975 2310 magnum

279 2311 474 2341 humilitatis
492 2313 633 2352 insigne⁷
654 2315 730 2346 inde
746 2316 809 2346 huc
830 2318 976 2355 acquies—

279 2365 352 2386 cere
379 2358 534 2386 revocari.
556 2360 633 2396 Ergo
649 2362 729 2391 oculi
753 2363 800 2392 tui
822 2363 978 2394 columba-

278 2411 362 2432 rum.
391 2403 460 2431 Jam
471 2424 481 2439 ‚
519 2403 641 2441 inquit,
670 2414 736 2435 non
766 2408 913 2438 ambulas
942 2410 975 2439 in

279 2448 404 2484 magnis
413 2469 422 2485 ,
430 2455 537 2485 neque
549 2448 582 2477 in
598 2450 801 2482 mirabilibus
812 2462 908 2492 super
919 2455 952 2484 te
966 2464 973 2484 :

279 2493 335 2522 sed
359 2493 458 2523 instar
472 2493 718 2531 simplicissimae
742 2499 883 2529 volucris
899 2509 976 2530 con-

280 2539 370 2568 tenta
392 2547 427 2569 es
447 2539 719 2578 simplicioribus,
745 2543 916 2574 nidificans
942 2546 974 2575 in

279 2584 490 2616 foraminibus
518 2585 620 2624 petrae
632 2607 641 2623 ,
674 2587 756 2616 meis
783 2589 973 2621 vulneribus

280 2629 472 2670 immorans,
486 2631 519 2662 et
533 2630 674 2662 libenter
689 2639 725 2662 ea
739 2641 828 2670 ‚quae
843 2634 918 2664 sunt
933 2635 972 2666 de

996 1481 997 1489 ἵ
1013 1450 1121 1479 fuisti:
1137 1451 1193 1480 sed
1206 1460 1289 1481 nunc
1304 1452 1428 1489 copiam
1441 1452 1557 1481 habeto
1566 1450 1712 1487 videndi,

995 1491 1087 1533 'quia
1109 1497 1194 1525 oculi
1218 1498 1265 1526 tui
1280 1498 1499 1527 columbarum
1510 1519 1518 1534 ,
1536 1498 1567 1526 id
1583 1499 1631 1527 est
1645 1498 1713 1535 spi-

1012 1542 1156 1572 rituales.
1175 1543 1243 1572 Non
1267 1551 1344 1572 sane
1362 1543 1486 1581 copiam
1502 1551 1596 1580 quam
1618 1543 1713 1580 pete-

1011 1587 1067 1617 bas
1080 1596 1086 1615 :
1098 1596 1159 1617 nee
1174 1589 1263 1617 enim
1279 1589 1332 1618 vel
1345 1588 1437 1617 modo
1453 1588 1556 1618 adhuc
1567 1588 1605 1617 ad
1622 1589 1710 1618 illam

1011 1633 1120 1671 potes⁷
1136 1634 1193 1663 sed
1206 1642 1278 1672 quae
1290 1635 1398 1663 tamen
1413 1634 1545 1664 interim
1561 1634 1711 1665 sufficere

1011 1679 1121 1715 possit.
1148 1679 1231 1708 Sane
1263 1679 1412 1709 ducenda
1440 1688 1474 1708 es
1495 1679 1534 1709 de
1562 1680 1710 1710 claritate

1012 1724 1043 1752 in
1060 1724 1243 1754 claritatem
1266 1733 1274 1753 ε
1303 1725 1334 1753 et
1360 1726 1533 1762 propterea
1555 1725 1630 1755 vide
1644 1747 1652 1762 ‚
1675 1726 1711 1756 ut

1010 1770 1102 1806 potes
1113 1792 1121 1807 ,
1138 1771 1249 1808 mod03
1263 1771 1381 1800 etcum
1393 1770 1466 1808 plus
1480 1771 1619 1809 poteris,
1637 1771 1712 1809 plus

993 1839 995 1843 ,
1011 1814 1147 1844 videbis.

1049 1860 1078 1889 6.
1095 1861 1163 1890 Non
1186 1860 1282 1899 puto,
1301 1861 1433 1898 fratres,
1459 1869 1521 1891 non
1547 1862 1625 1899 puto
1641 1869 1710 1892 me-

1010 1906 1152 1936 diocrem
1169 1907 1271 1943 banc,
1294 1915 1400 1945 neque
1417 1915 1620 1937 communem
1639 1915 1709 1938 esse

991 1942 993 1978 1
1009 1952 1157 1982 omnibus
1167 1953 1327 1982 visionem
1338 1975 1347 1990 ,
1361 1953 1421 1982 etsi
1437 1952 1622 1982 sitinferi0r
1634 1953 1708 1992 illa,

992 1990 993 2006 1
1008 2006 1070 2036 qua
1082 1998 1240 2028 videndus
1256 1999 1303 2028 est
1319 1998 1352 2027 in
1368 1998 1487 2028 futuro.
1504 1998 1652 2035 Denique
1666 2007 1709 2029 ex

991 2032 993 2061 1
1009 2044 1060 2073 his
1079 2053 1149 2082 quae
1166 2044 1346 2082 sequuntur
1361 2044 1532 2074 advertite.
1554 2043 1709 2081 Sequitur

990 2078 993 2113 1
1009 2091 1096 2120 enim
1113 2100 1119 2119 :
1134 2092 1210 2120 Ecce
1224 2092 1255 2120 tu
1269 2090 1393 2128 pulcher
1405 2100 1446 2126 es,
1457 2091 1559 2119 dilecte
1574 2090 1630 2125 mi,
1645 2098 1709 2119 ecce

990 2128 992 2144 ¹
1010 2139 1041 2166 lu
1053 2136 1190 2175 pulcher.
1210 2135 1304 2165 Vides
1319 2143 1415 2173 quam
1428 2135 1460 2163 in
1477 2135 1606 2164 excelso
1627 2135 1706 2172 stat,

990 2159 993 2202 1
1009 2183 1041 2212 et
1057 2182 1090 2210 in
1105 2180 1243 2211 sublime
1255 2180 1375 2209 mentis
1391 2180 1548 2209 verticem
1565 2178 1707 2217 extulit,

990 2219 993 2272 J
1008 2236 1079 2265 quae
1108 2225 1332 2256 universitatis
1357 2225 1529 2253 Dominum
1567 2223 1707 2262 quadam

990 2272 1071 2301 'sibi
1092 2271 1292 2310 proprietate
1316 2270 1464 2300 vindicet
1487 2270 1519 2298 in
1536 2269 1707 2299 dilectum.

1007 2317 1145 2348 Attende
1161 2317 1247 2346 enim
1262 2316 1422 2355 quomodo
1434 2323 1498 2345 non
1513 2315 1709 2353 simpliciter

1009 2363 1126 2393 dilecte
1137 2385 1146 2401 ,
1161 2362 1235 2400 sed,
1251 2363 1353 2392 dilecte
1368 2363 1429 2398 mi,
1446 2361 1571 2399 inquit,
1584 2361 1621 2390 ut
1631 2369 1706 2399 pro-

990 2406 991 2444 1
1007 2409 1115 2447 prium
1131 2408 1325 2446 designaret.
1338 2408 1450 2445 Magna
1460 2406 1543 2436 visio
1557 2415 1704 2445 prorsus,

1009 2455 1048 2485 de
1064 2463 1126 2493 qua
1142 2454 1201 2484 ista
1219 2453 1251 2483 in
1268 2453 1300 2483 id
1315 2452 1441 2482 fiduciae
1459 2453 1491 2482 et
1505 2451 1707 2481 auctoritatis

1009 2499 1156 2531 excrevit
1166 2522 1175 2538 ,
1187 2499 1223 2529 ut
1239 2499 1380 2529 omnium
1395 2496 1569 2527 Dominum
1579 2518 1588 2534 ‚
1601 2495 1706 2526 domi-

1007 2554 1085 2576 num
1113 2545 1256 2582 nesciat,
1283 2544 1340 2574 sed
1358 2543 1525 2574 dilectum.
1548 2540 1705 2570 Existimo

1008 2592 1095 2621 enim
1103 2598 1306 2628 nequaquam
1315 2590 1375 2619 hac
1388 2589 1460 2618 viee
1470 2587 1540 2624 ejus
1554 2585 1703 2616 sensibus

988 2606 993 2666 1
1006 2636 1192 2674 importatas
1207 2635 1364 2673 imagines
1379 2631 1482 2663 carnis
1491 2653 1500 2671 ‚
1513 2631 1568 2662 aut
1579 2630 1682 2663 crucis
1691 2653 1703 2670 ,
