1810 3073
430 234 485 262 DE
509 232 723 262 DIVERSIS
745 230 896 260 SERMO
922 230 1077 259 CXXIV.

1436 231 1493 261 4457

58 292 116 330 qui
141 296 267 322 omnem
294 287 548 318 sollicitudinem
575 288 611 318 in
625 289 686 319 hoc
707 287 781 326 po-l
796 284 852 323 qui
869 284 998 315 invitati
1021 284 1136 315 venire
1160 285 1333 322 excusant,
1350 285 1383 315 in
1402 287 1497 317 tene-

61 337 161 375 nunt,
184 333 342 373 quomodo
371 334 537 363 molestias
561 334 668 364 carnis
691 333 764 364 evi-

62 383 142 412 tent.
152 380 191 410 Hi
202 379 293 417 sunt,
302 379 357 417 qui
370 379 449 408 licet
462 379 599 410 virtutes
612 378 763 418 probent,

59 428 169 458 tamen
196 425 274 455 dum
299 425 464 455 molestias
498 425 604 456 carnis
633 424 764 454 omnino

61 473 182 503 evitare
221 471 356 509 volunt,
386 470 660 509 concupiscentiis
693 469 778 506 ejus

59 518 166 557 pravis
180 517 347 555 nequeunt
361 517 526 547 resistere.
536 516 669 545 Talibus
683 514 764 544 dicit

59 562 225 601 Apostolus
241 571 249 591 z
263 564 380 601 sz'rt'ln
392 563 559 598 ambtdate,
573 561 606 591 id
618 561 667 591 est
676 582 685 598 ,
702 561 764 590 sol-

58 608 260 638 licitudinem
287 609 447 646 vestram,
471 607 629 645 quomodo
646 607 761 636 moles-

58 653 119 683 tias
135 655 239 683 caruis
264 654 418 690 evitetis,
441 653 606 691 deponite.
638 653 674 681 In
699 652 760 682 hac

58 699 123 730 vita
136 699 269 737 spiritus
279 699 342 728 duo
358 699 474 737 gradus
484 700 578 736 sunt,
596 698 762 736 superior,

59 835 93 866 in
105 836 221 874 spiritu
236 836 308 865 Dei.
321 837 357 865 ln
372 836 518 866 inferiori
535 835 635 874 gradu
650 835 764 864 ambu-

59 928 244 958 affectiones
269 936 341 958 suas
355 928 534 965 sollicitus,
552 927 587 956 in
603 935 636 956 se
652 935 765 964 repre-

57 974 170 1004 hendit
182 974 266 1012 quod
275 974 389 1003 virtuti
400 974 595 1003 contrarium
612 981 680 1003 esse
692 981 764 1011 eog-

59 1020 174 1049 noscit.
198 1021 233 1049 ln
260 1020 320 1049 hoc
349 1019 449 1056 gradu
481 1018 674 1049 sacrificium
697 1019 764 1048 Deo

58 1065 266 1095 contribulati
282 1065 414 1102 spiritus
429 1065 462 1094 et
478 1064 583 1094 cordis
598 1064 763 1093 humiliati

56 1202 126 1230 tare
143 1201 300 1230 beneficia
317 1200 376 1229 Dei
390 1209 398 1229 ε
415 1201 629 1230 etconversus
642 1200 681 1229 ad
696 1208 763 1237 gra-

58 1246 178 1275 tiarum
206 1246 367 1282 actiones,
398 1246 492 1275 ossert
515 1247 583 1276 Deo
617 1254 679 1284 per
706 1246 764 1275 de-

57 1291 223 1322 votionem
239 1291 432 1321 sacrificium
442 1290 557 1320 laudis.
574 1291 609 1320 In
625 1292 761 1329 utroquo

58 1337 160 1376 gradu
182 1336 275 1366 videt
298 1336 461 1366 Christum
484 1336 542 1365 :in
568 1336 674 1374 primo
688 1344 760 1366 cru-

60 1381 267 1420 cifixum‚[iii
293 1381 435 1411 secundo
457 1381 561 1419 gloria
590 1381 623 1411 et
641 1382 762 1412 honore

59 1428 256 1457 coronatum.
267 1427 301 1456 In
310 1426 413 1465 primo
426 1427 494 1456 erat
507 1426 603 1456 isaias
612 1448 621 1463 ‚
634 1427 761 1465 quando

59 1473 167 1503 dixit:
184 1474 225 1502 Et
253 1473 386 1503 vide'mus
410 1481 497 1509 eum,
520 1474 549 1502 et
575 1481 637 1501 non
655 1474 722 1502 erat
736 1482 761 1502 ea

58 1519 168 1556 species
194 1526 290 1556 ‘neque
314 1519 413 1547 decor.
440 1518 476 1547 In
503 1518 645 1548 secundo
671 1518 761 1555 erat,

57 1563 187 1602 quando
204 1563 311 1593 dixit:
331 1565 403 1595 Vidi
429 1565 600 1594 Dominum
613 1564 761 1594 sedentem

56 1619 147 1648 super
159 1610 269 1640 solium
296 1610 462 1640 excelsum.
480 1609 518 1639 Et
538 1610 615 1639 nota
629 1609 714 1648 quod
730 1609 760 1639 in

57 1655 163 1693 primo
174 1655 270 1693 dixit,
286 1656 444 1686 Vidimus.-
458 1655 491 1684 in
502 1655 644 1685 secundo
655 1676 664 1692 ‚
676 1656 763 1693 Vidi,-

57 1699 231 1739 quiaillud
256 1701 435 1730 multorum
463 1701 536 1738 est,
552 1700 586 1730 et
611 1701 761 1738 peccato-

57 1754 128 1776 rum
145 1746 252 1776 :istud
264 1754 457 1784 paucorum,
471 1746 505 1775 et
514 1746 613 1776 solius
621 1746 763 1783 Prophe—

56 1792 110 1821 tae.
126 1792 216 1821 Unde
233 1791 402 1829 Apostolus
415 1799 424 1819 t
440 1792 494 1821 Eae
506 1793 596 1829 parte
610 1793 764 1829 coqnosci-

57 1845 125 1866 mus
141 1836 315 1872 Christum,
339 1837 367 1865 et
395 1835 474 1865 hunc
499 1836 682 1873 crucifixum
698 1846 709 1865 .-
724 1845 763 1866 ex

54 1884 143 1920 parte
169 1881 386 1920 prophetamus
402 1891 411 1910 :
427 1883 502 1920 qnia
528 1883 667 1911 nondum.
681 1883 763 1912 vide-

57 1936 126 1958 mus
140 1928 230 1957 sicali
239 1928 293 1956 est.
307 1928 426 1957 Scimus
436 1928 518 1956 enim
533 1928 680 1965 quoniam
695 1937 761 1957 cum

25 2009 30 2013 ἡ
58 1973 248 2011 apparuerit,
267 1973 378 2002 similes
394 1974 423 2002 ei
436 1974 550 2002 erimus
566 1982 577 2002 .·
595 1973 669 2011 quia
681 1974 764 2003 vide—

60 2017 158 2048 bimus
168 2026 236 2047 cum
245 2018 334 2047 sicuti
346 2019 400 2048 est.
410 2017 500 2047 Vidit
515 2018 674 2055 Propheta
684 2039 693 2055 ‚
706 2018 762 2048 sed

58 2063 152 2093 oculo
177 2063 385 2101 prophetico,
401 2063 574 2093 Dominum
595 2063 763 2094 sedentem

58 2117 156 2146 super
176 2109 292 2138 solium
311 2109 478 2138 excelsum
492 2130 501 2145 ,
517 2108 551 2137 id
573 2109 642 2147 est,
668 2118 765 2147 super

59 2155 239 2193 angelicam
269 2154 451 2183 creaturam
478 2163 485 2183 :
512 2154 546 2183 et
577 2155 743 2184 elevatum
754 2177 762 2192 ‚

61 2200 95 2230 id
110 2201 176 2238 est,
191 2207 287 2237 supra
303 2199 476 2228 humanam
493 2208 501 2228 :
518 2200 594 2237 quia
610 2200 679 2238 ipse
694 2208 764 2231 sus—

61 2245 173 2276 citabit
189 2245 229 2274 de
251 2245 386 2282 pulvere
409 2253 564 2284 egenum,
582 2247 614 2275 et
630 2246 670 2275 de
683 2246 760 2276 ster-

61 2300 133 2321 core
159 2291 264 2329 eriget
287 2299 464 2329 pauperem
478 2313 487 2329 ,
503 2292 540 2321 ut
565 2291 676 2322 sedeat
692 2301 763 2321 cum

61 2336 278 2375 principibus,
306 2337 341 2366 et
367 2336 484 2366 solium
508 2337 618 2375 gloriae
640 2338 762 2367 teneat.

61 2384 102 2413 Et
115 2384 204 2421 plena
219 2384 286 2412 erat
301 2383 400 2412 omnis
418 2384 501 2413 terra
515 2383 674 2420 majestate
688 2383 763 2421 ejus.

60 2431 171 2460 Omnis
185 2431 269 2460 terra
280 2452 289 2468 ‚
306 2430 365 2460 hoc
381 2431 430 2460 est
441 2452 450 2468 ,
464 2432 570 2460 onmia
587 2431 765 2461 electorum

63 2483 212 2514 corpora,
241 2475 338 2513 plena
363 2477 460 2505 erunt
487 2476 655 2512 majestate
673 2476 765 2515 ejus,

62 2521 189 2559 quando
221 2519 410 2550 reformabit
432 2529 546 2558 corpus
572 2521 766 2553 humilitatis

62 2567 196 2604 nostrae,
216 2565 450 2604 configuratum
466 2566 591 2604 corpori
610 2567 766 2598 claritatis

63 2619 140 2641 suae.
153 2613 193 2642 Et
207 2620 244 2642 ea
260 2620 327 2649 quoe
343 2611 398 2641 sub
414 2613 476 2650 ipso
489 2613 595 2646 erant,
610 2613 766 2652 replebant

63 2657 218 2695 templum.
243 2656 399 2693 Projectis
435 2654 632 2695 hypocritis,
659 2659 691 2688 et
715 2659 765 2689 his

794 330 867 360 bras
879 330 1076 360 exteriores:
1095 330 1235 360 humiles
1247 330 1280 359 et
1294 332 1361 360 Deo
1375 333 1496 364 subditi

793 376 968 414 replebunt
982 377 1142 414 templum
1158 385 1165 404 :
1183 375 1336 414 quoniam
1360 377 1428 414 ipse
1443 387 1497 415 po-

794 424 906 462 pulum
921 424 1081 454 humilem
1095 425 1220 455 salvum
1241 423 1359 461 faciet,
1375 425 1408 454 et
1423 433 1499 455 ocu-

794 473 840 503 los
853 473 1066 511 superborum
1083 473 1281 503 humiliabit.

833 519 864 548 2.
883 519 1036 558 Seraphin
1060 520 1185 550 stabant
1211 528 1303 557 super
1328 518 1423 549 illud.-
1444 528 1500 549 sea:

793 565 851 595 aloe
866 566 939 602 um',
960 567 988 595 et
1001 575 1056 596 sex
1074 566 1132 595 aloe
1155 566 1255 595 alteri.
1272 564 1449 602 Seraphin,
1468 564 1501 594 id

793 610 841 639 est
856 609 1026 647 ardentes,
1043 609 1225 648 significant
1241 617 1295 638 eos
1316 608 1372 646 qui
1389 608 1422 638 in
1438 608 1501 638 fer-

793 665 869 687 vore
882 658 949 687 Deo
964 656 1111 687 serviunt
1128 665 1135 685 :
1153 663 1232 694 quos
1246 654 1401 684 Dominus
1416 655 1501 693 vigi-

777 725 778 740 }
793 703 896 733 lantes
908 703 1056 740 invenit,
1069 703 1102 732 et
1117 710 1215 741 super
1227 701 1334 730 omnia
1347 701 1430 730 bona
1443 709 1502 730 sua

60 745 93 776 ct
120 745 267 776 inferior.
284 747 319 774 ln
336 745 483 775 inferiori
501 745 603 783 gradu
619 745 714 774 homo
730 741 778 774 inl

57 799 115 821 suo
129 791 246 830 spiritu
262 791 367 821 ambul
375 792 426 828 at3
443 791 477 820 in
489 790 648 829 superiori
663 790 778 828 gradu÷

794 748 968 779 constituet
984 756 1050 778 eos.
1074 750 1136 778 Sea:
1162 748 1220 777 alce
1235 748 1308 783 uni,
1328 749 1355 776 el
1373 756 1428 777 sex
1443 748 1502 776 alce

793 795 885 825 alteri
896 804 906 824 .·
918 794 1066 832 quianon
1075 794 1178 823 solum
1188 792 1326 831 praelati,
1335 792 1391 821 sed
1401 792 1501 822 etiam

776 872 778 881 Ι
794 840 934 876 subjecti
951 840 1017 870 alas
1032 840 1155 870 habent
1167 861 1176 877 ,
1193 838 1226 868 et
1240 838 1401 877 Seraphin
1413 839 1500 874 suut,

59 883 105 912 lat
119 883 230 920 homo,
242 882 369 920 quando
383 890 534 912 reversus
547 881 585 911 ad
599 889 664 919 cor,
678 881 779 910 circa·

793 886 818 916 si
835 886 1000 916 ferventes
1033 885 1170 915 fuerint.
1198 885 1330 916 Duabus
1358 884 1499 923 teqebant

776 953 779 961 .
794 934 884 970 caput
896 954 906 969 ,
923 934 951 962 et
975 932 1094 962 duabus
1120 933 1226 970 pedes,
1242 932 1270 961 et
1284 930 1405 961 duabus
1418 931 1503 961 vola-

777 1001 778 1009 ,
795 978 879 1008 bant.
896 978 1026 1008 Habent
1040 977 1207 1008 ferventes
1221 977 1337 1007 animae
1350 977 1416 1006 alas
1430 976 1502 1015 qui-

794 1023 853 1052 bus
865 1023 994 1061 volant,
1011 1031 1103 1061 spem
1118 1023 1153 1053 et
1166 1022 1317 1052 timorem
1334 1029 1342 1050 ε
1358 1021 1434 1059 quia
1448 1030 1504 1052 vo-

778 1068 892 1106 ilantis
921 1069 970 1099 est
999 1069 1172 1107 aliquando
1197 1069 1261 1098 alta
1284 1068 1417 1106 petere,
1441 1069 1503 1098 ali-

58 1117 116 1147 per
125 1110 406 1147 compunctionem
421 1109 525 1139 oilert.
536 1110 581 1138 De
591 1109 650 1138 hoc
664 1109 764 1146 gradu
777 1110 780 1121 ’
793 1114 920 1151 quando
935 1114 1011 1144 ima.
1021 1115 1181 1152 Perspem
1195 1114 1283 1144 euim
1298 1113 1362 1144 alta
1370 1114 1501 1152 petunt,

56 1156 98 1184 ad
113 1155 312 1193 superiorem
329 1155 526 1193 ascendens,
545 1155 662 1192 incipit
677 1154 779 1192 cogi—'

794 1159 869 1196 quia
886 1160 921 1189 in
937 1160 1123 1190 coelestibus
1148 1159 1307 1189 habitant.
1324 1159 1415 1189 Unde
1429 1160 1504 1198 qui-

794 1205 866 1234 dam
883 1213 925 1235 ex
940 1206 988 1236 eis
1008 1205 1121 1235 dicunt
1140 1214 1149 1234 z
1170 1206 1286 1235 Nostra
1313 1206 1503 1236 conversatio

794 1251 826 1279 in
840 1251 920 1281 coelis
935 1253 988 1281 est.
1010 1252 1070 1280 Per
1085 1251 1236 1280 timorem
1259 1250 1336 1280 ima.
1360 1251 1504 1281 condes-

794 1296 962 1325 cendendo
977 1295 1066 1326 enim
1082 1295 1219 1325 infirmis
1229 1317 1238 1333 ‚
1252 1295 1418 1326 instruunt
1433 1304 1501 1333 eos,

794 1341 1035 1372 considerantes
1063 1341 1204 1379 seipsos,
1227 1348 1270 1371 ne
1285 1341 1319 1371 et
1342 1341 1406 1380 ipsi
1429 1342 1503 1372 ten-

793 1387 915 1419 tentur.
941 1388 1072 1418 Duabus
1099 1387 1240 1426 teqebant
1266 1388 1366 1426 pedes.
1401 1387 1504 1418 Pedes

793 1441 905 1463 eorum
913 1434 1099 1464 affectiones
1107 1433 1200 1470 sunt,
1209 1433 1328 1472 quibus
1341 1434 1504 1472 proximis

791 1479 982 1517 junguntur.
1003 1480 1067 1510 Sed
1092 1480 1168 1518 quia
1184 1479 1235 1510 his
1251 1479 1377 1509 duobus
1397 1480 1504 1510 modis

793 1525 986 1562 offenditur,
1016 1526 1142 1556 scilicet
1166 1525 1270 1555 nimio
1291 1525 1397 1563 rigore
1413 1526 1505 1556 infir-

792 1578 861 1600 mos
870 1570 1053 1607 dejiciendo
1063 1592 1071 1608 ,
1083 1579 1119 1600 ac
1127 1570 1374 1600 nimialenitate
1387 1579 1504 1602 eorum

793 1615 885 1645 vitiis
908 1616 1164 1654 consentiendo,
1180 1616 1336 1646 velabant
1358 1616 1431 1647 illos
1445 1617 1505 1647 Se-

793 1661 910 1699 raphin
926 1662 1051 1692 duabus
1064 1661 1125 1691 alis
1140 1670 1149 1690 z
1167 1662 1280 1692 contra
1303 1661 1443 1691 nimium
1458 1664 1505 1693 ri-

794 1715 902 1744 gorem
914 1730 923 1746 ‚
947 1707 1206 1738 consideratione
1221 1707 1360 1745 propriae
1382 1707 1504 1746 fragili-

794 1753 893 1783 tatis:
911 1753 1024 1783 contra
1052 1753 1190 1782 nimiam
1217 1752 1407 1790 lenitatem,
1434 1755 1504 1784 zelo

795 1798 1013 1828 rectitudinis.
1050 1798 1181 1829 Duabus
1219 1798 1364 1828 velabant
1398 1802 1502 1838 caput.

794 1845 913 1882 Caput,
943 1844 1085 1874 intentio
1111 1843 1398 1881 contemplationis
1431 1846 1481 1875 est
1493 1868 1503 1883 ,

795 1890 863 1920 sive
873 1890 1059 1920 intellectus
1074 1889 1264 1927 spiritualis.
1274 1889 1379 1919 Ethoc
1391 1891 1504 1921 velant

795 1936 954 1974 Seraphin
966 1958 975 1971 ,
1014 1936 1148 1974 propter
1173 1934 1342 1973 inimicos,
1371 1938 1505 1975 propter

794 1989 910 2012 vanam
926 1981 1077 2019 gloriam,
1091 1982 1124 2010 et
1135 1981 1295 2011 occultam
1304 1983 1503 2021 superbiam,

795 2027 920 2057 duabus
933 2027 992 2056 alis
1009 2035 1017 2056 ε
1034 2027 1147 2056 contra
1159 2035 1275 2057 vanam
1287 2027 1422 2064 gloriam
1436 2037 1503 2059 una

796 2073 863 2111 ala,
879 2073 1004 2103 scilicet
1020 2080 1128 2102 amore
1145 2072 1309 2102 veritatis:
1326 2074 1438 2105 contra
1448 2084 1504 2106 su-

796 2119 941 2157 perbiam
952 2141 962 2157 ,
978 2118 1085 2149 studio
1110 2118 1317 2149 humilitatis.

953 2224 1122 2257 SERMO
1160 2225 1337 2259 cxxiv,

840 2293 869 2323 1.
887 2293 1006 2323 SERMO
1021 2293 1081 2322 Dei
1105 2292 1167 2322 duo
1183 2292 1312 2331 operari
1327 2292 1426 2324 dehet
1438 2317 1447 2332 ‚
1471 2295 1505 2326 et

798 2338 922 2369 animas
936 2338 1071 2369 vitiosas
1086 2346 1216 2376 sanare,
1233 2339 1267 2369 et
1277 2339 1377 2369 bonas
1393 2340 1503 2371 admo-

798 2392 890 2414 nere.
906 2384 1047 2414 Vitiosas
1059 2384 1131 2414 dico
1143 2406 1153 2421 ‚
1171 2392 1237 2414 non
1255 2393 1368 2415 omnes
1381 2387 1503 2424 quibus

799 2430 884 2460 inest
897 2430 1036 2468 vitium,
1052 2430 1111 2460 sed
1134 2438 1205 2468 quae
1220 2430 1302 2460 vitio
1321 2438 1363 2460 ex
1386 2432 1502 2462 volun-

799 2477 865 2506 tate
885 2475 1114 2513 consentiunt,
1136 2484 1196 2505 nec
1222 2475 1380 2506 resistunt
1400 2485 1502 2514 quan-

799 2522 869 2552 tum
893 2521 1043 2559 possunt.
1058 2521 1128 2551 Tali
1148 2521 1264 2551 animae
1279 2520 1423 2557 loquitur
1437 2522 1501 2551 Ve-

799 2568 878 2598 ritas
893 2567 926 2597 in
952 2567 1146 2605 Evangelio,
1170 2567 1308 2596 dicens:
1326 2567 1400 2595 Esto
1426 2575 1500 2597 con-

799 2614 929 2644 sentiens
942 2614 1118 2644 adversario
1131 2615 1182 2642 luo
1192 2633 1201 2647 ,
1212 2611 1357 2649 quamdiu
1369 2619 1437 2640 cum
1449 2614 1499 2644 illo

798 2668 830 2690 es
855 2660 887 2689 in
911 2660 987 2696 via,
1009 2660 1063 2688 etc.
1082 2658 1147 2686 Nou
1171 2657 1272 2693 dixit,
1304 2654 1497 2697 v11103sed,

1341 2699 1382 2725 io.
