1846 3078
278 223 338 253 528

278 278 402 319 triplici
415 279 476 311 isto
487 280 603 312 timore
617 282 808 321 repleveris,
818 284 854 312 ut
862 283 978 310 timeas

278 325 412 362 quidem
425 334 483 365 pro
497 329 629 366 accepta
643 329 756 366 gratia,
772 327 910 365 amplius
921 333 978 364 pro

278 368 406 409 amissa,
419 372 515 410 longe
525 374 599 411 plus
613 381 673 412 pro
688 373 894 410 recuperata.
911 372 978 400 Hoc

277 415 329 446 fac
339 437 349 454 ,
365 418 400 447 et
410 418 474 449 eris
487 419 603 458 hydria
622 419 657 448 in
671 418 791 448 Christi
806 417 976 454 convivio,

276 461 414 500 impleta
429 472 532 502 usque
555 464 595 494 ad
609 471 790 499 summum,
807 462 978 492 continens

275 507 429 538 nimirum
445 510 597 539 metretas
609 531 618 546 ‚
634 516 699 538 non
719 508 812 537 blnas
824 508 951 537 tantum
966 529 975 545 ,

275 553 334 583 sed
349 555 382 584 et
396 555 513 591 ternas:
527 555 564 584 ut
575 553 691 582 Christi
706 553 863 583 merearis
877 553 975 583 bene-

275 598 463 634 dictionem,
480 608 550 637 quae
562 607 659 636 aquas
673 604 744 627 tuas
759 599 925 628 convertat
941 598 976 628 111

274 644 387 674 vinum
398 645 520 674 laetitiae
530 666 539 680 ,
557 646 588 673 01
599 644 744 682 perfecta
761 644 877 674 caritas
890 644 974 674 foras

276 689 384 720 mittat
398 691 559 719 timorem.

314 736 365 765 12.
388 735 479 772 Quod
497 735 586 772 dico,
601 734 666 764 tale
688 735 747 765 est.
766 734 854 773 Aqua
877 735 975 765 timor

274 782 323 810 cst
333 802 340 817 ,
350 780 501 818 quoniam
516 780 556 809 ab
571 781 651 810 aestu
665 780 836 817 refrigerat
846 780 974 810 deside-

271 826 393 855 riorum
408 825 605 855 carnalium:
618 828 763 862 Initium,
780 826 905 864 inquit,
921 835 974 856 sa-

269 873 390 908 pienlae'oe
415 872 507 900 timor
527 872 666 901 Domini.
682 873 721 902 Et
738 871 839 901 hahes
856 879 864 900 ε
880 873 971 910 Aqua

270 917 425 954 sapientz'oe
437 917 584 947 salutaris
598 918 711 954 potavit
723 917 820 946 illum.
835 916 868 946 Si
878 916 973 946 timor

272 961 443 998 sapientia,
454 962 487 991 et
499 961 660 1000 sapientia
671 970 752 1000 aqua
762 970 771 999 3
782 962 879 990 timor
892 969 973 999 aqua

270 1008 330 1036 est.
370 1007 520 1045 Denique
549 1009 641 1038 timor
678 1008 822 1043 Domini,
848 1007 972 1045 inquit,

269 1053 338 1089 fons
361 1054 443 1082 vitae.
469 1054 565 1083 Porro
587 1053 702 1091 hydria
723 1061 813 1082 mens
828 1053 895 1082 tua.
912 1054 973 1082 Ca-

267 1099 401 1135 pientes,
417 1099 539 1136 inquit,
564 1100 691 1137 sinqulae
716 1101 860 1129 metretas
886 1098 973 1128 binas

269 1144 317 1173 vel
344 1145 458 1175 ternas.
474 1145 551 1174 Tres
565 1145 712 1174 metretae
722 1166 731 1182 ,
746 1144 881 1174 timores
894 1143 970 1172 tres.

269 1190 311 1219 Et
337 1191 534 1228 impleverunt
562 1199 632 1227 eas,
659 1189 788 1228 inquit,
812 1199 907 1228 usque
934 1190 973 1218 ad

269 1244 436 1265 summum.
467 1236 536 1265 Non
561 1243 647 1265 unus
671 1236 786 1273 timor,
813 1243 878 1265 non
909 1234 972 1264 duo

270 1290 398 1320 quoque
409 1304 418 1320 ,
430 1281 487 1311 sed
502 1281 561 1311 toti
574 1283 640 1312 tres
658 1281 757 1312 simul
775 1281 904 1319 replent
918 1288 973 1310 us-

267 1336 332 1365 que
353 1328 394 1357 ad
415 1336 590 1358 summum.
612 1328 703 1358 Omni
730 1329 875 1366 tempore
892 1326 972 1356 time

269 1374 392 1411 Deum,
409 1374 443 1403 et
466 1381 509 1403 ex
524 1373 612 1403 omni
640 1373 735 1403 corde
758 1374 834 1410 tuo,
851 1373 885 1402 et
910 1372 972 1401 im-

270 1419 368 1457 plesti
376 1419 525 1456 hydriam
537 1420 625 1448 tuam
634 1427 736 1457 usque
748 1418 787 1448 ad
796 1426 970 1448 summum.

270 1465 364 1493 Amat
375 1464 462 1494 Deus
484 1464 646 1501 integrum
669 1472 788 1493 munus
799 1486 808 1501 ,
821 1464 972 1493 affectum

270 1509 422 1547 plenum,
447 1509 631 1547 perfectum
658 1509 862 1538 sacrificium.
890 1509 972 1538 Cura

268 1554 407 1592 proinde
421 1555 545 1593 nuptiis
564 1555 752 1585 coelestihus
767 1555 898 1592 plenam
921 1554 972 1583 in-

268 1601 356 1630 ferre
368 1600 517 1638 hydriam
527 1601 580 1637 ,ut
592 1600 632 1630 de
643 1601 676 1630 te
689 1608 816 1638 quoque
827 1600 970 1630 dicatur:

270 1646 351 1684 Quia
365 1646 485 1683 replevit
496 1654 565 1675 cum
579 1647 687 1684 spirim
699 1647 818 1675 timoris
832 1647 971 1675 Domini.

267 1691 331 1728 Qui
367 1692 413 1721 510
448 1691 562 1729 timet,
588 1691 673 1720 nihil
700 1691 849 1728 negligit.
881 1691 971 1721 Unde

267 1745 410 1775 namque
435 1738 635 1776 negligentia
651 1737 751 1766 intret
780 1737 815 1765 10
830 1737 973 1774 pleniiu-
990 1766 991 1776 η

268 1783 398 1813 dinem?
423 1784 574 1822 Alioquin
600 1783 685 1821 quod
715 1791 831 1821 capere
867 1783 991 1824 adhuc}

268 1830 391 1868 aliquid
407 1831 529 1868 potest,
545 1830 680 1868 plenum
695 1837 758 1859 non
778 1829 838 1859 est.
854 1829 971 1859 Eadem

269 1884 345 1905 sane
360 1877 486 1905 ratione
508 1884 573 1905 11011
588 1876 694 1914 potest
705 1875 802 1905 simul
819 1875 852 1904 et
866 1874 912 1904 sic
928 1874 972 1904 ti—

268 1930 376 1959 mere,
394 1923 427 1952 et
445 1922 546 1951 altum
569 1929 693 1959 sapere.
711 1921 786 1951 Nox
808 1928 868 1951 EST
885 1910 991 1950 011101ι

269 1976 353 2005 quo
345 1967 493 1997 admittas
504 1966 708 2005 superbiam,
719 1966 865 2004 repletus
877 1966 972 1996 timo-

267 2021 303 2042 re
318 2013 458 2042 Domini.
474 2013 514 2042 Et
529 2013 574 2042 510
587 2012 626 2042 (10
649 2012 774 2042 caeteris
788 2011 878 2041 vitiis
898 2020 989 2041 sen-

267 2059 415 2088 tiendum
425 2081 434 2096 ,
446 2059 522 2097 quia
535 2066 669 2088 necesse
682 2059 731 2088 051
743 2057 849 2087 omnia
864 2049 990 2100 pleni-

267 2103 381 2133 tudine
409 2104 536 2134 timoris
564 2103 709 2134 excludi.
724 2104 814 2133 Tunc
838 2103 990 2133 demum

269 2149 295 2177 si
321 2149 436 2187 plene,
460 2150 487 2179 si
514 2149 661 2187 perfecte
686 2149 856 2186 timueris,
879 2149 969 2179 dabit

270 2194 385 2223 caritas
411 2203 557 2232 saporem
578 2195 671 2233 aquis
694 2195 761 2225 tuis
786 2195 827 2224 ad
843 2190 989 2225 Domini

269 2239 544 2270 benedictionem.
562 2240 637 2271 Sine
664 2241 797 2271 caritate
813 2241 901 2271 enim
927 2242 988 2272 ti-¹

268 2293 338 2314 mor
358 2293 486 2323 poenam
513 2286 622 2316 habet.
641 2288 679 2317 Et
706 2287 838 2325 quidem
855 2282 987 2317 caritas

267 2331 398 2367 vinum,
411 2330 495 2367 quod
513 2331 653 2362 laetificat
665 2341 720 2362 cor
732 2331 883 2361 hominis.
896 2333 970 2362 Per-

267 2377 351 2406 fecta
364 2377 472 2404 autem
488 2385 542 2405 cur
544 2378 601 2407 ilas
613 2378 662 2415 sor
664 2388 698 2409 as
712 2379 804 2408 millit
816 2379 968 2414 timorem,

267 2422 304 2451 ut
319 2421 375 2450 ubi
390 2429 471 2458 aqua
482 2420 604 2459 suerat,
616 2423 729 2452 vinum
746 2431 816 2453 esse
833 2424 931 2461 incipi
937 2424 987 2455 2¹11:

268 2467 309 2497 ad
322 2468 451 2496 laudem
474 2467 509 2496 et
525 2445 657 2505 gloriam
675 2469 787 2506 Sponsi
816 2471 969 2501 Ecclesiae

266 2514 344 2543 Jesu
361 2513 476 2542 Christi
498 2513 627 2542 Domini
643 2515 761 2551 nostri,
778 2516 835 2553 qui
850 2516 899 2545 est
917 2524 970 2545 su·

268 2567 329 2597 per
346 2559 452 2588 omnia
469 2559 554 2588 Deus
579 2558 769 2588 benedictus
785 2560 817 2588 in
835 2561 963 2597 saecula,

271 2612 375 2634 amen.

737 229 769 257 S.
792 227 1033 257 BERNARDI
1056 227 1251 256 ABBATIS

1226 295 1394 330 SERMO
1427 295 1507 329 LV.

1012 367 1140 398 Qualiter
1152 369 1238 394 homo
1251 377 1300 400 per
1314 378 1411 395 veram
1423 370 1613 402 paenitentiam
1625 372 1711 401 potest

1187 405 1306 430 evadere
1317 407 1460 437 judicium
1475 407 1533 432 Dei.

1051 465 1080 495 1.
1096 467 1211 498 Similis
1225 469 1268 498 est
1281 468 1404 499 dilectus
1418 477 1503 499 meus
1517 476 1634 507 capreae
1642 468 1711 498 hin-

1009 512 1139 550 nuloque
1163 522 1330 543 cervorum.
1347 514 1396 542 Ex
1419 514 1618 551 praecedenti
1636 521 1709 543 ver-

1008 556 1108 586 siculo
1120 557 1251 595 pendet.
1266 558 1371 594 Quem
1387 558 1475 587 enim
1491 559 1662 588 salientem
1675 558 1709 587 et

1008 604 1235 640 properantem
1261 604 1355 633 modo
1384 604 1616 641 descripserat,
1632 611 1708 633 con-

1007 649 1181 686 sequenter
1196 649 1359 686 comparat
1369 658 1493 687 capreae
1506 649 1707 686 hinnuloque

1008 701 1186 723 cervorum.
1209 695 1290 732 Apte
1311 695 1461 733 quidem,
1477 694 1562 732 quod
1577 694 1638 723 hoc
1653 701 1709 731 ge-

1007 747 1065 767 nus
1088 740 1300 770 animantium
1326 748 1422 770 cursu
1437 740 1555 776 velox,
1572 739 1606 769 et
1625 739 1708 770 saltu

1006 784 1088 822 agile
1105 785 1156 814 sit.
1169 787 1264 816 Porro
1279 794 1385 816 sermo
1401 786 1441 815 de
1456 793 1571 823 sponso
1587 784 1656 822 est,
1671 785 1706 814 et

1005 839 1109 861 sermo
1121 839 1254 869 sponsus
1269 833 1329 862 est.
1347 833 1385 862 Et
1398 832 1557 869 Propheta
1573 830 1653 860 dicit
1667 830 1707 860 de

1006 877 1091 916 Deo,
1113 878 1190 915 quia
1218 879 1358 908 11100ῖίον
1381 879 1477 908 currit
1501 886 1600 907 sermo
1622 877 1708 915 ejus3

1005 930 1080 952 sane
1097 931 1280 962 congruens
1290 924 1368 953 huic
1379 925 1450 953 loco
1459 946 1468 961 ,
1480 923 1537 953 11111
1552 930 1706 961 sponsus,

1004 968 1059 1005 qui
1075 968 1186 998 Sermo
1200 970 1259 998 Dei
1275 971 1341 1006 est,
1358 969 1476 998 saliens
1490 967 1708 998 transsiliens-

1004 1022 1066 1052 que
1082 1013 1298 1052 describitur,
1313 1015 1431 1044 similis
1450 1013 1588 1051 proinde
1602 1012 1708 1042 factus

1005 1067 1128 1097 capreae
1147 1060 1350 1098 hinnuloque
1380 1066 1561 1088 cervorum.
1574 1057 1614 1087 Et
1637 1057 1706 1087 haec

1003 1104 1085 1134 ratio
1111 1103 1347 1134 similitudinis.
1383 1103 1472 1133 Adde
1511 1103 1640 1139 tamen,
1664 1109 1707 1131 ne

1004 1149 1094 1178 nulla
1117 1149 1343 1179 similitudinis
1369 1149 1471 1187 ipsius
1495 1147 1549 1177 vel
1569 1146 1706 1176 minima

1004 1196 1268 1234 proportiuncula
1284 1196 1395 1233 vacet,
1410 1195 1485 1233 quia
1502 1200 1617 1231 caprea
1635 1192 1708 1230 qui-

1005 1241 1078 1271 dem
1099 1249 1163 1271 non
1183 1241 1276 1271 modo
1293 1249 1406 1271 cursus
1420 1239 1634 1279 pernicitate,
1651 1237 1708 1267 sed

1005 1287 1037 1316 et
1053 1286 1201 1316 acumine
1223 1286 1310 1316 visus
1331 1286 1464 1316 eminet.
1481 1284 1571 1322 Quod
1593 1283 1706 1321 utique

1004 1333 1133 1370 proprie
1149 1333 1240 1362 illam
1265 1331 1400 1370 respicit
1420 1329 1616 1360 narrationis
1632 1336 1708 1367 par-

1004 1379 1089 1416 tem,
1104 1386 1166 1417 qua
1187 1378 1327 1416 Sponsus
1335 1385 1422 1414 ,0011
1449 1377 1553 1406 solum
1577 1375 1706 1409 saliens,

990 1424 1060 1454 1sed
1086 1425 1119 1453 01
1142 1424 1334 1454 transsiliens
1360 1429 1516 1461 apparere
1538 1419 1680 1451 refertur
1695 1427 1705 1447 t

990 1469 1078 1506 *quia
1093 1468 1156 1497 11151
1166 1469 1260 1498 1101110
1269 1469 1301 1498 01
1312 1467 1493 1506 perspicaci
1510 1466 1706 1496 intuitunon

1003 1515 1110 1552 posset
1125 1514 1256 1543 omnino
1265 1536 1274 1551 ‚
1287 1513 1467 1551 praesertim
1477 1513 1563 1543 inter
1574 1519 1706 1541 curren-

1003 1559 1077 1589 dum
1088 1581 1097 1598 ‚
1114 1559 1298 1589 discernere
1312 1559 1345 1588 in
1355 1566 1432 1596 quos
1447 1555 1561 1595 salire,
1577 1558 1611 1587 et
1625 1564 1705 1594 quos

1002 1605 1183 1634 transsilire
1209 1605 1354 1634 deberet.
1394 1603 1548 1641 Alioquin
1577 1603 1706 1639 poterat

1003 1650 1168 1688 sufficere,
1194 1650 1235 1679 ad
1263 1649 1493 1687 designandam
1519 1647 1705 1678 festinantis

1002 1694 1210 1724 velocitatem
1222 1715 1230 1730 ,
1248 1693 1287 1723 (10
1303 1694 1369 1723 5010
1384 1693 1522 1722 hinnulo
1538 1699 1704 1730 compara-

1002 1739 1067 1777 tio;
1085 1739 1110 1768 is
1126 1740 1249 1777 quippe
1272 1737 1429 1776 rapidiori
1449 1746 1483 1767 se
1498 1737 1583 1767 ferre
1599 1737 1705 1766 nosci-

1002 1785 1055 1814 tur
1067 1793 1173 1814 cursu.
1188 1785 1277 1814 Nunc
1299 1792 1378 1814 vero
1400 1783 1556 1821 quoniam
1571 1791 1705 1820 sponsus

1004 1830 1084 1868 1510,
1097 1831 1156 1860 0151
1172 1829 1324 1860 ardenter
1340 1837 1471 1867 amans,
1481 1828 1598 1858 cursim
1609 1836 1705 1858 ruere

1003 1877 1036 1906 10
1059 1877 1186 1906 dilectae
1207 1876 1358 1906 'videatur
1375 1876 1562 1912 amplexus3
1585 1874 1705 1904 nihilo-

1002 1922 1108 1952 minus
1123 1923 1231 1952 tamen
1253 1928 1397 1959 gressus,
1413 1929 1433 1950 v
1437 1921 1467 1949 el
1482 1920 1590 1957 potius
1604 1919 1705 1949 saltus

988 1976 1074 1997 suos
1099 1967 1252 2006 prudenti
1279 1965 1537 1996 consideratione
1563 1965 1703 2002 dirigere

986 1998 1109 2051 1110111,
1119 2014 1232 2043 cautus
1241 2012 1297 2041 ubi
1307 2011 1555 2050 oporteatfigere
1565 2010 1702 2049 pedem:

1002 2059 1144 2098 oportuit
1165 2058 1312 2097 profecto
1335 2065 1410 2087 cum
1437 2057 1576 2086 hinnulo
1603 2056 1703 2085 etiam

1002 2106 1041 2135 de
1051 2113 1168 2144 caprea
1183 2103 1431 2134 similitudinem
1444 2103 1510 2132 dari
1524 2124 1533 2140 ‚
1547 2104 1704 2140 quatenus

987 2129 1034 2187 iet
1059 2151 1226 2189 perillum
1251 2149 1448 2179 desiderium
1474 2148 1542 2177 sz'ili
1546 2148 1646 2184 1111115,
1670 2147 1703 2177 et

986 2206 1060 2241 ,[101·
1087 2197 1170 2227 hanc
1186 2195 1335 2234 eligentIs
1358 2194 1599 2231 exprimeretur
1612 2193 1702 2230 judi-

1001 2244 1098 2273 cium.
1112 2242 1201 2272 Chiis
1206 2242 1256 2270 tus
1272 2248 1388 2277 nempe
1402 2240 1507 2275 3-151115
1524 2239 1557 2268 et
1573 2239 1703 2268 miseri—

1001 2297 1089 2325 cors,
1103 2288 1243 2318 5111111101·
1266 2285 1436 2322 etJ'udex:
1451 2286 1483 2314 et
1504 2284 1579 2321 quia
1596 2292 1659 2313 am·
1658 2285 1702 2321 1,

1000 2335 1071 2364 vult
1087 2341 1200 2363 omnes
1221 2332 1370 2362 homines
1388 2330 1491 2360 salios
1506 2329 1597 2367 11011,
1614 2330 1645 2360 et
1663 2330 1704 2360 ad

985 2379 1201 2418 agnitionem
1228 2377 1313 2407 ierit
1319 2377 1380 2406 atis
1409 2385 1429 2405 1
1435 2375 1548 2405 enixe:
1567 2378 1600 2406 01
1624 2376 1702 2414 quia

1000 2425 1142 2462 judicat,
1167 2424 1259 2453 novit
1287 2422 1342 2460 qui
1366 2421 1439 2451 sunt
1465 2412 1608 2459 01115,οῐ
1633 2421 1702 2459 ipse

985 2469 987 2491 ¹
1001 2471 1059 2501 scit
1074 2479 1153 2508 quos
1168 2470 1267 2506 elegit
1281 2476 1297 2497 a
1313 2467 1484 2506 principio.

1064 2516 1188 2553 Agitur
1203 2515 1265 2547 duo
1279 2514 1347 2543 liaec
1363 2513 1447 2542 bona
1463 2511 1503 2549 Sp
1507 2509 1592 2546 0051,
1607 2508 1703 2537 mise-

1004 2538 1173 2592 ric-ordiam
1203 2560 1328 2590 scilicet
1351 2554 1622 2594 etjudiciun1‚i=1
1651 2553 1701 2582 his

986 2606 988 2618 ’
1004 2607 1126 2635 duobus
1139 2604 1357 2635 animantibus
1368 2599 1589 2632 commendata
1601 2606 1618 2627 a
1629 2598 1701 2636 Spi-

985 2682 987 2688 ⁴
1004 2652 1067 2679 ritu
1084 2659 1096 2679 5
1119 2652 1189 2678 neto
1208 2649 1297 2677 nohis
1313 2647 1441 2676 interim
1459 2643 1651 2679 sentiamusz
1666 2642 1703 2674 nt
