1830 3073
576 216 631 244 DE
654 213 862 244 DIVERSIS
885 215 1034 243 SERMO
1055 216 1109 245 lv.

130 278 244 300 servus
259 268 361 300 nescit
375 269 454 308 quid
469 268 566 299 iaciat
581 270 731 300 dominus
748 269 829 307 eius.

129 316 192 345 Sed
213 324 273 345 nec
298 315 521 344 mercenarius
545 316 671 353 rapitur
693 316 734 345 ad
755 323 832 344 con-

130 360 348 398 templandam
376 360 569 398 veritatem,
592 361 647 399 qui
668 361 830 399 propriam

128 406 246 443 quaerit
259 405 448 435 utilitatem.
458 406 539 435 Filio
552 407 661 436 autem
675 408 767 444 pater
775 414 831 435 no-

128 451 194 479 tam
209 450 308 481 saciet
318 451 490 481 veritatem
505 460 595 481 suam
607 473 616 489 ,
630 460 727 489 quem
740 451 831 481 audit

127 495 292 526 dicentem
314 505 322 526 ε
347 497 569 527 Verumtamen
592 506 656 526 ‘non
678 499 757 535 quod
778 506 829 535 eqo

127 542 196 570 volo
206 563 215 578 ‚
231 543 282 572 secl
295 543 374 580 quod
389 544 439 578 lu,
456 545 561 572 Pater.
577 542 753 572 Revelatur
767 543 830 572 ita-

127 593 190 622 que
204 594 296 617 servo
312 587 372 617 Dei
389 588 546 625 potestas3
562 587 761 616 mercenario
784 587 831 617 fe-

127 677 189 706 ista
205 677 343 708 discreta
358 677 440 715 sint,
453 677 505 706 cui
519 677 607 707 idem
619 685 711 716 posse
720 699 730 715 ,
743 679 829 716 quod

127 721 260 752 felicem
276 723 309 752 et
330 730 478 752 veracem
498 730 568 752 esse
594 731 603 752 t
625 723 681 753 sed
701 724 788 762 quod
811 732 828 754 a

128 769 275 796 creatura
299 767 428 796 Creator
448 775 505 805 pro
530 767 666 798 diversis
681 769 828 805 ejusdem

127 813 284 842 creaturae
308 812 493 850 affectibus,
509 812 646 844 diversis
669 815 828 845 sentiatur

128 858 340 896 respectibus.
353 859 430 888 Cum
446 861 555 889 sancto
576 859 664 888 enim
679 860 806 890 sanctus
816 882 826 899 ,

127 904 163 932 et
185 912 255 932 cum
277 912 428 942 perverso
455 904 518 934 erit
536 912 720 942 perversus.
743 906 826 936 Audi

128 948 268 987 denique
279 957 393 980 vocem
408 950 477 979 filii.
487 952 636 987 Domine,
648 952 764 982 salvum
778 961 826 982 me

129 996 195 1031 suc,
211 995 429 1031 Quare3forte
445 1004 486 1026 ne
502 996 613 1027 ardeat
627 997 661 1026 in
676 997 825 1036 inferno,

129 1040 210 1071 torte
232 1049 273 1071 ne
295 1041 463 1072 fraudetur
486 1042 637 1080 praemio?
661 1044 729 1073 Non
744 1065 754 1081 ,
776 1044 827 1073 in-

129 1086 200 1122 quit
227 1095 236 1114 2
265 1088 316 1116 sed
341 1088 476 1124 psalmos
499 1089 620 1118 ‘nostros
635 1089 827 1120 cantabimus

130 1132 243 1161 cunctis
262 1131 364 1162 diebus
384 1134 454 1162 ve'toe
473 1134 585 1163 noslrae
609 1134 642 1162 in
655 1135 744 1164 domo
763 1137 827 1166 Do-

130 1177 215 1205 mini.
232 1177 298 1205 Non
309 1198 317 1214 ,
336 1177 464 1214 inqu1t‚
485 1186 595 1215 quaero
618 1179 753 1209 salutem
765 1201 774 1217 ‚
789 1181 826 1210 ut

128 1228 238 1258 poenas
250 1221 350 1251 vitem
363 1242 372 1258 ,
388 1222 491 1251 autin
508 1223 588 1251 coelo
600 1230 752 1260 regnem:
768 1225 825 1255 sed

129 1267 164 1296 ut
180 1267 210 1295 te
225 1266 258 1295 in
273 1267 429 1296 aeternum
441 1275 514 1296 cum
535 1267 601 1297 illis
619 1268 767 1306 laudem,
784 1270 824 1300 de

128 1311 244 1348 quibus
257 1312 410 1350 scriptum
423 1312 473 1342 est
487 1320 495 1340 ε
512 1313 602 1343 Beati
615 1314 669 1351 qui
684 1314 825 1346 habitant

128 1359 159 1386 in
168 1358 255 1387 domo
269 1359 321 1388 tua
330 1358 476 1388 Domine!
486 1359 517 1387 in
527 1359 638 1388 soecula
645 1360 823 1390 soeculorum

129 1403 298 1433 laudabunt
319 1405 357 1433 te.
378 1403 495 1433 Servus
519 1403 616 1441 dicit,
639 1405 761 1435 Vadam
785 1407 824 1435 ad

125 1450 230 1485 portas
253 1449 355 1486 inferi.
376 1448 608 1487 MercenariUS,
624 1451 695 1480 Νοη
719 1451 823 1481 videbo

126 1494 294 1523 Dominum
305 1495 404 1524 Deum
419 1496 451 1524 in
478 1496 562 1524 terra
580 1496 756 1525 viventium.
771 1496 824 1526 Fi-

128 1537 188 1567 lius
197 1560 206 1575 ,
221 1540 360 1569 Psalmos
371 1541 491 1570 nostros
507 1540 698 1571 cantabimus
710 1544 823 1572 cunctIs

126 1583 227 1613 <liebus
241 1584 311 1613 citce
324 1586 435 1614 noslrae
455 1585 487 1614 in
502 1584 589 1614 domo
610 1586 747 1616 Donzz‘nz'.
766 1587 822 1616 Cui

126 1628 232 1658 simile
249 1630 297 1658 est
312 1629 393 1658 illud
406 1638 413 1658 :
425 1628 546 1667 Aperite
557 1630 747 1668 mihz’portas
756 1632 823 1668 jus·

128 1675 218 1712 islioe3
234 1675 384 1713 inqressus
399 1677 431 1705 in
446 1685 496 1705 eas
505 1676 666 1712 confitebor
677 1678 821 1708 Domino.

126 1720 163 1748 Et
175 1719 229 1757 qui
245 1720 336 1749 timet
351 1720 399 1749 ire
412 1721 451 1749 ad
465 1720 571 1758 portas
586 1720 682 1750 inseri
694 1743 703 1759 ,
719 1723 752 1752 et
766 1723 822 1760 qui

126 1765 229 1794 Deum
242 1765 453 1802 cupitvidere
466 1766 597 1802 propter
605 1766 748 1803 quietem
759 1768 821 1806 sui,

126 1810 264 1846 uterque
282 1809 426 1846 profecto
442 1810 559 1846 quaerit
577 1818 647 1847 quae
665 1819 720 1840 sua
735 1813 820 1842 sunt.

126 1855 222 1883 Porro
233 1854 288 1892 qui
311 1853 449 1892 psalmos
464 1855 590 1884 cantare
606 1855 768 1887 desiderat
788 1857 821 1887 in

126 1899 220 1928 domo
232 1899 379 1936 Domini,
395 1906 459 1928 non
472 1907 529 1928 sua
543 1900 595 1929 vel
610 1901 755 1937 pericula
769 1902 821 1932 fu-

125 1944 193 1982 git,
214 1944 266 1974 vel
292 1945 379 1974 lucra
399 1944 542 1983 appetit,
563 1945 726 1976 sedilium
746 1955 820 1985 pro-

124 1989 275 2019 culdubio
295 1989 424 2028 diligit,
451 1998 547 2028 quem
566 1990 698 2021 laudare
725 1993 820 2031 gestit

125 2035 248 2064 cunctis
269 2035 384 2065 diebus
398 2034 474 2065 vitae
488 2044 566 2066 suae.
579 2037 742 2067 Laudatur
756 2047 818 2069 non

125 2080 286 2110 immerito
313 2081 348 2111 in
376 2081 532 2111 aeternum
546 2103 554 2119 ‚
583 2082 640 2121 qui
674 2083 758 2114 vivit
787 2086 819 2115 et

124 2127 236 2164 regnat
258 2134 316 2165 per
343 2126 450 2156 omnia
477 2127 591 2157 saecula
611 2129 816 2169 saeculorum,

122 2180 230 2201 amen.

426 2220 518 2227 ..—

337 2267 505 2300 SERMO
527 2268 600 2301 lv.

135 2344 173 2366 De
196 2342 350 2372 quaerendo
373 2343 446 2371 Deo,
470 2343 574 2373 triplici
595 2343 726 2375 vinculo,
750 2352 805 2376 quo

340 2379 517 2403 cohaeremus
529 2379 596 2403 Deo.

165 2439 192 2467 l.
206 2438 277 2467 Non
294 2438 346 2468 hic
358 2439 478 2468 stamus
490 2439 555 2469 tota
567 2439 620 2469 die
632 2439 737 2471 otiosi.
751 2441 816 2471 Sci-

121 2491 193 2512 mus
205 2482 291 2512 enim
305 2482 425 2521 etquid
436 2484 609 2521 quaerimus
618 2507 627 2522 ,
643 2485 757 2523 etquis
769 2487 816 2517 est

120 2528 176 2565 qui
201 2536 259 2557 nos
293 2528 459 2558 conduxit.
484 2530 587 2559 Deum
620 2531 793 2568 quaerimus
806 2555 815 2571 ,

120 2574 223 2603 Deum
240 2574 473 2612 exspectamus.
486 2576 553 2604 Non
570 2576 619 2605 cst
632 2584 730 2613 parva
743 2585 794 2607 rcs
805 2600 815 2616 ,

120 2626 180 2649 nec
196 2620 283 2657 parvi
298 2620 417 2658 animi,
440 2630 512 2650 cum
529 2621 602 2659 illa,
623 2630 692 2660 quae
707 2622 815 2661 singu-

1522 221 1552 251 11

865 267 924 297 lari
949 269 1081 307 pietatis
1104 269 1233 299 nomine
1254 271 1425 310 gloriatur,
1445 275 1560 313 saepiu-³

863 323 932 344 sese
953 317 1110 353 queratur
1125 323 1194 345 esse
1210 315 1410 350 frustratam,
1424 320 1532 349 (licens
1548 331 1556 349 :

864 361 995 398 Quaesivi
1014 361 1121 391 illum.
1135 361 1164 390 et
1184 355 1247 390 vion
1267 361 1378 390 inveni.
1402 363 1454 392 Est
1473 366 1560 394 enim

862 404 947 434 sicut
963 405 1130 443 amabilis,
1151 404 1199 436 ita
1217 405 1316 435 etiam
1338 405 1558 439 admirabilis:

862 450 936 488 quia
955 458 1029 479 cum
1050 459 1116 479 non
1136 451 1292 489 quaeritur
1312 451 1501 486 invenitur,
1528 457 1560 483 et

860 503 926 524 non
955 495 1122 525 invenitur
1145 505 1219 525 cum
1242 496 1408 534 quaeritur.
1424 496 1457 525 Sl
1477 505 1560 527 NATI

861 547 1008 570 Essemus
1023 548 1064 570 ex
1075 549 1139 578 quo
1159 540 1263 570 factus
1284 542 1333 570 est
1356 541 1451 570 homo
1466 550 1563 579 super

861 585 997 623 terram,
1011 586 1044 615 et
1054 594 1157 623 usque
1178 586 1219 615 ad
1231 586 1363 615 centum
1384 586 1487 615 millia
1502 594 1562 615 an-

127 631 254 669 licitas,
271 632 336 661 tilio
358 633 489 662 veritas.
506 632 573 661 Non
597 632 682 671 quod
705 632 741 662 in
761 633 842 674 Deo]
860 639 974 660 norum
998 631 1065 661 vita
1088 631 1196 661 nostra
1218 631 1472 663 extenderetur:
1496 640 1562 661 non

841 675 945 706 'esset
970 676 1080 705 tamen
1107 676 1264 714 condigna
1289 677 1438 714 quaesitio
1461 677 1561 714 hujus

860 722 1015 760 temporis
1029 722 1069 752 ad
1088 721 1229 752 futuram
1245 722 1381 760 glorIam
1393 743 1403 760 ,
1419 726 1490 760 quae
1510 730 1561 752 re-

859 767 1024 797 velabitur
1049 767 1084 797 in
1105 768 1209 797 nobiS.
1227 769 1308 797 Ecce
1324 776 1413 797 nunc
1433 769 1562 806 tempus

859 813 1043 851 quaerendi,
1069 821 1146 843 ecce
1167 821 1252 843 nunc
1276 813 1347 843 dies
1370 812 1561 843 inveniendi

858 867 924 896 prae
935 858 1084 888 manibus
1095 858 1182 888 sunt.
1196 859 1327 897 Quoerz'te
1336 880 1346 895 ‚
1359 858 1483 896 inquit,
1496 860 1561 888 Do-

858 905 975 934 minum
986 905 1058 934 (lum
1071 905 1202 934 inveniri
1213 906 1309 942 potest
1321 914 1331 943 ‚-
1343 905 1478 935 invocate
1489 913 1559 934 eum

858 950 930 979 dum
942 958 1035 988 prope
1046 951 1099 980 est.
1113 949 1180 979 Erit
1194 950 1341 988 tempus,
1354 949 1482 988 quando
1494 958 1559 980 non

859 994 921 1025 erit
937 995 1044 1033 locus,
1066 1003 1142 1025 cum
1166 995 1222 1024 ille
1249 995 1320 1025 fons
1339 995 1560 1025 miserationis

859 1040 1093 1070 interminabili
1107 1040 1283 1071 siccabitur
1295 1040 1453 1070 siccitate.
1470 1042 1559 1079 Quoe-

858 1085 928 1115 retis
939 1094 1004 1122 me,
1020 1085 1127 1123 inquit
1140 1106 1149 1123 ‚
1162 1087 1190 1115 et
1200 1094 1264 1115 non
1277 1086 1442 1116 invenietis.
1451 1086 1558 1120 Bonus

860 1137 911 1167 es,
937 1130 1074 1160 Domine
1085 1151 1094 1168 ,
1126 1130 1243 1160 animae
1264 1130 1423 1168 quaerenti
1449 1132 1496 1160 te.
1524 1130 1557 1159 Si

860 1175 1035 1213 quaerenti,
1051 1175 1170 1214 quanto
1188 1176 1290 1214 magis
1301 1175 1510 1206 invenienti?
1524 1175 1556 1205 Si

860 1219 923 1247 tam
935 1219 1036 1249 dulcis
1049 1222 1096 1250 est
1109 1221 1262 1250 memoria
1271 1221 1392 1259 ,qualis
1404 1221 1466 1250 erit
1477 1229 1557 1258 prae-

858 1264 980 1294 sentia?
994 1265 1026 1294 Si
1041 1266 1103 1295 mel
1129 1267 1163 1295 et
1176 1266 1226 1295 lac
1241 1266 1335 1295 dulce
1351 1266 1400 1295 est
1416 1262 1557 1295 sub'lin-

858 1317 917 1348 gua
929 1332 938 1348 ,
949 1310 1027 1347 quid
1039 1311 1101 1340 erit
1113 1319 1211 1349 super
1221 1310 1388 1348 linguam?

895 1355 926 1385 2.
937 1355 1018 1385 Hinc
1030 1357 1163 1394 probate
1175 1364 1249 1394 vos,
1262 1355 1405 1393 Fratres,
1418 1354 1446 1385 si
1458 1354 1491 1385 in
1503 1355 1555 1386 via

858 1400 953 1439 estis,
975 1401 1003 1431 si
1023 1410 1088 1431 non
1109 1401 1312 1431 exorbitatis.
1325 1403 1483 1437 Loetetur,
1506 1401 1555 1430 in-

857 1446 926 1483 quit
936 1467 945 1484 ,
960 1455 1013 1477 cor
1024 1448 1224 1485 quoerentz'um
1239 1447 1420 1477 Dominum.
1433 1445 1466 1475 Si
1478 1454 1555 1483 gau—

857 1491 940 1521 detis
958 1491 999 1521 ad
1015 1493 1160 1530 labores,
1176 1492 1204 1522 si
1218 1491 1377 1521 inoffenso
1388 1512 1397 1528 ,
1420 1492 1446 1520 si
1462 1490 1555 1521 inde-

857 1536 939 1567 fesso
959 1537 1043 1575 pede
1068 1538 1197 1567 curritis
1221 1537 1309 1567 viam
1331 1537 1554 1566 mandatorum

857 1582 915 1612 Dei
926 1604 935 1620 ,
950 1583 977 1612 si
990 1583 1136 1621 quotidie
1153 1583 1320 1620 utriusque
1336 1583 1477 1612 hominis
1491 1583 1555 1613 sta—

857 1626 907 1656 tus
918 1628 1080 1657 recentior
1092 1629 1140 1658 est
1151 1628 1192 1658 ad
1203 1628 1447 1666 proficiendum,
1456 1636 1553 1665 quam

857 1671 896 1701 ad
910 1672 1150 1710 incipiendum3
1171 1673 1318 1711 profecto
1339 1673 1484 1711 quaeritis
1505 1673 1554 1702 fa·

857 1715 939 1746 ciem
955 1717 1024 1754 eJus
1035 1725 1175 1756 semper.
1187 1719 1256 1755 Quo
1271 1726 1346 1756 ergo
1358 1718 1439 1748 abiit
1453 1718 1553 1748 dilec-

857 1761 907 1791 tus
921 1770 963 1791 ex
978 1763 1095 1793 dilecto
1105 1785 1114 1801 ‚
1131 1764 1166 1793 et
1182 1771 1363 1801 quaeremus
1381 1763 1478 1794 eum?
1491 1763 1551 1793 Ubi

857 1806 1016 1843 est2Quid
1035 1808 1102 1837 dixi
1124 1808 1238 1837 miser!
1253 1808 1316 1838 Sed
1329 1808 1384 1837 ubi
1402 1817 1467 1838 non
1483 1807 1553 1838 est?

856 1850 956 1881 Altior
969 1853 1018 1882 cst
1033 1853 1130 1891 coeio,
1146 1852 1272 1883 inferno
1283 1852 1471 1891 profundior
1481 1875 1490 1892 ,
1506 1854 1554 1883 la·-

857 1895 917 1925 tior
928 1895 1012 1925 terra
1023 1918 1031 1934 ,
1043 1897 1124 1926 mari
1139 1897 1294 1927 diffusior.
1307 1898 1468 1935 Nusquam
1484 1899 1552 1936 est,

856 1941 888 1970 et
899 1941 1018 1979 ubique
1034 1942 1083 1971 est
1098 1950 1106 1971 ε
1122 1942 1198 1980 quia
1212 1950 1274 1972 nec
1289 1942 1380 1972 abest
1396 1943 1455 1972 ulli
1470 1965 1479 1981 ,
1490 1952 1552 1974 nec

855 1987 921 2016 ullo
943 1987 1069 2025 capitur
1084 1988 1165 2017 loco.
1179 1988 1249 2026 Ipse
1264 1988 1318 2017 hic
1335 1988 1403 2026 est,
1421 1989 1479 2019 sed
1493 1998 1552 2028 ego

854 2033 907 2063 hic
928 2041 992 2063 non
1013 2041 1095 2063 sum.
1111 2034 1213 2070 Quam
1230 2033 1442 2064 verisimilius
1457 2035 1552 2066 vide-

853 2078 961 2117 retur,
977 2079 1013 2109 ut
1026 2079 1063 2109 tu
1085 2079 1218 2109 hicnon
1241 2088 1345 2118 esses,
1362 2081 1396 2111 et
1416 2088 1474 2118 ego
1496 2081 1550 2112 hic

854 2132 955 2154 essem
966 2146 974 2162 ,
993 2125 1147 2155 Domino!
1171 2125 1235 2155 Sed
1247 2133 1305 2164 ego
1323 2134 1384 2155 nec
1400 2126 1474 2164 hic,
1488 2135 1550 2158 nec

853 2170 930 2199 alibi
942 2178 1012 2200 sum
1023 2171 1117 2208 :quia
1128 2172 1167 2200 ad
1178 2171 1308 2201 nihilum
1319 2173 1459 2202 redactus
1469 2182 1550 2206 sum,

852 2216 880 2246 et
900 2216 1019 2246 nesciri.
1042 2216 1126 2246 Vere
1151 2216 1190 2246 ad
1205 2214 1362 2255 nihilum,
1381 2217 1415 2246 id
1440 2218 1490 2248 est
1510 2219 1550 2249 ad

852 2262 1019 2299 peccatum
1031 2283 1040 2299 ,
1053 2261 1086 2291 et
1099 2262 1223 2292 nescivi
1236 2270 1244 2291 :
1257 2262 1333 2300 quia
1344 2271 1408 2292 non
1421 2262 1468 2293 fui
1483 2264 1529 2293 ibi
1538 2286 1548 2302 ,

852 2315 925 2336 cum
940 2307 1062 2345 primus
1080 2315 1196 2346 parens
1208 2316 1299 2338 meus
1314 2308 1483 2339 devoravit
1496 2318 1549 2340 me

852 2360 959 2383 morsu
970 2353 1181 2383 amarissimo.
1190 2354 1272 2383 Hine
1285 2354 1350 2391 est,
1359 2354 1444 2392 quod
1453 2355 1548 2385 corde

852 2397 1032 2428 confractus
1046 2399 1079 2428 et
1091 2406 1242 2437 corpore,
1260 2399 1373 2429 dIsssuo
1389 2400 1422 2429 in
1436 2400 1548 2438 volup-

852 2443 932 2474 tates
942 2465 951 2481 ,
964 2444 999 2474 in
1012 2444 1244 2476 amaritudines
1253 2467 1261 2482 ,
1271 2445 1393 2475 habens
1404 2446 1547 2475 innatam

852 2489 996 2528 culpam,
1011 2498 1140 2528 poenam
1165 2492 1348 2529 cognatam,
1368 2491 1455 2520 totus
1475 2490 1548 2520 flui-

851 2533 909 2564 dus
921 2535 954 2565 ct
966 2536 1105 2566 enervis.
1117 2537 1175 2566 Ille
1190 2536 1299 2566 autem
1310 2536 1364 2574 qui
1379 2536 1464 2565 idem
1475 2535 1546 2573 ipse

851 2580 915 2617 est,
931 2581 985 2618 qui
999 2581 1100 2619 dixit,
1118 2583 1184 2620 1390
1205 2591 1273 2613 sum
1284 2583 1337 2620 qui
1349 2589 1416 2612 sum
1431 2590 1439 2611 .·
1455 2588 1545 2611 vcra-

851 2625 933 2655 citer
947 2626 1013 2664 est,
1029 2626 1081 2656 cui
1097 2627 1145 2656 cst
1162 2634 1229 2656 esse
1245 2626 1329 2665 quod
1344 2626 1402 2656 est.
