1846 3078
542 228 586 255 ΙΝ
612 228 817 256 CANTICA
845 228 999 256 SERMO
1024 231 1124 258 LXV.

115 290 211 320 quam
226 279 290 312 dici
309 280 415 320 potest
436 280 569 319 desipis.
593 281 653 311 Dei
680 281 750 318 est,
776 290 815 311 an

114 336 176 357 non
189 350 197 365 ‚
213 327 403 366 mysterium
418 327 504 364 quod
519 326 683 357 occultas?
698 327 730 356 Si
747 328 815 365 est,

113 382 173 402 cur
191 381 254 402 non
270 373 310 402 ad
329 372 400 409 ejus
421 372 557 410 gloriam
578 372 717 410 pandis?
738 373 815 402 Nam

113 419 213 456 gloria
228 417 301 455 Dei,
313 418 461 448 revelare
477 425 671 448 sermonem.
688 418 721 448 Si
737 426 814 455 non,

113 473 172 493 cur
185 464 281 493 fidem
297 463 397 493 habes
410 464 443 492 in
456 472 494 493 eo
509 464 594 501 quod
609 472 673 494 non
686 463 813 501 cstDei‚

112 509 174 538 nisi
191 509 266 547 quia
285 509 458 539 haereticus
474 510 528 539 es?
550 511 612 540 Aut
635 510 734 546 igitur
753 509 814 538 Dei

112 555 276 584 secretum
292 554 331 583 ad
348 555 407 584 Dei
424 555 559 592 gloriam
579 554 733 591 prodant3
759 555 814 583 aut

110 598 170 628 Dei
193 600 314 637 negent
329 599 543 638 mysterium,
569 600 602 629 et
622 599 758 628 minime
779 607 812 629 se

111 645 283 675 haereticos
306 647 450 683 negent:
466 646 522 675 aut
543 646 631 675 certe
645 645 813 675 nihilomi-

109 699 171 720 nus
196 690 384 721 manifestos
414 699 449 721 se
474 691 638 721 fateantur
663 690 812 720 inimicos

108 737 219 774 gloriae
253 737 331 774 Dei3
367 737 425 775 qui
451 737 567 766 nolunt
602 736 811 765 manifestum

108 781 199 819 lieri,
219 782 305 820 quod
322 782 352 812 ei
371 783 492 811 norunt
512 781 582 810 fore
598 781 638 810 ad
664 781 809 819 gloriam.

108 826 178 857 Stat
207 835 326 865 nempe
350 827 525 864 scripturae
540 826 662 856 veritas
678 835 685 855 :
703 828 811 857 Gloria

107 882 215 910 requm
239 873 337 902 celare
360 872 507 909 verbam,
532 873 633 911 qlorz'a
654 873 713 902 Dei
729 882 811 902 reve-

107 919 173 948 Iarc
197 927 381 948 sermonem.
411 918 480 947 Non
502 918 551 947 vis
577 918 614 947 tu
638 917 809 947 revelare?

106 963 174 993 Non
187 971 262 1001 ergo
271 964 322 993 vis
330 965 434 993 Deum
450 963 641 1001 glorificare.
655 963 717 992 Sed
729 963 809 993 forte

107 1016 171 1038 non
193 1008 313 1046 recipis
334 1008 528 1046 scripturam
554 1008 649 1037 lianc.
673 1009 719 1037 lta
735 1010 807 1038 est:

108 1054 207 1083 solius
229 1053 396 1091 Evangelii
421 1061 455 1082 se
469 1053 662 1091 profitentur
677 1054 810 1083 aemula-

110 1101 216 1136 tores,
237 1098 270 1128 et
294 1099 388 1128 solos.
418 1098 648 1136 Respondeant
672 1099 809 1136 proinde

106 1145 291 1182 Evangelio.
315 1145 401 1183 Quod
415 1143 498 1180 dico,
524 1143 586 1180 ait,
608 1145 641 1173 in
657 1144 786 1174 tenebris
798 1166 808 1180 ‚

105 1191 191 1218 (licite
206 1191 237 1219 in
252 1191 385 1227 lumine,-
407 1191 435 1219 et
447 1190 526 1227 quod
542 1190 573 1218 in
589 1198 664 1218 aure
681 1191 807 1219 auditis:

102 1236 267 1272 praedicate
281 1244 371 1273 super
386 1236 475 1264 tecta.
491 1235 563 1263 Jam
578 1242 642 1263 non
662 1234 742 1264 licet
763 1235 809 1264 si-

106 1282 184 1309 1010.
202 1281 373 1318 Usquequo
392 1280 555 1309 occultum
568 1280 711 1316 tenetur,
723 1281 808 1318 quod

103 1326 209 1363 palam
222 1327 308 1355 Deus
319 1325 389 1355 fieri
403 1325 516 1362 jubet?
528 1326 700 1363 Usquequo
716 1334 808 1363 oper-

103 1374 173 1400 iiun
185 1372 233 1401 est
242 1372 451 1409 Evangelium
462 1372 605 1400 vestrum
614 1371 625 1400 ἓ
634 1371 785 1409 Suspicor
795 1393 806 1409 ,

104 1416 248 1445 vestrum
264 1424 328 1445 non
346 1418 395 1445 est
412 1415 520 1453 Pauli3
536 1424 611 1445 nam
633 1416 689 1445 ille
713 1425 806 1446 suum

102 1462 224 1491 fatetur
238 1462 389 1500 opertum
404 1470 468 1491 11011
484 1470 567 1491 0550.
582 1463 668 1498 Etsi,
685 1462 803 1500 inquit,

102 1510 243 1546 opertum
267 1510 309 1537 cst
329 1508 532 1546 Evanqellum
557 1517 678 1544 mcum,
705 1510 738 1538 in
759 1509 805 1538 Itis

102 1555 242 1591 opertum
257 1555 299 1583 est
317 1554 372 1591 qui
388 1555 528 1591 percunt.
548 1553 664 1583 Videte
685 1561 727 1583 ne
749 1562 805 1584 vos

102 1599 248 1636 diceret,
269 1598 354 1636 apud
374 1606 453 1636 quos
474 1598 686 1636 Evangeliuu]
707 1599 805 1629 inve-

100 1644 190 1673 nitur
204 1645 363 1682 opertum.
378 1643 463 1680 Quid
477 1644 622 1681 apertius
630 1644 716 1681 quod
730 1652 804 1681 per—

100 1689 200 1719 eatis?
226 1691 274 1718 An
297 1688 380 1718 forte
396 1697 457 1718 nec
476 1689 615 1718 Paulum
636 1689 803 1726 recipitis?

101 1735 148 1764 De
161 1734 353 1773 quibusdam
368 1734 414 1764 ita
430 1734 552 1764 audivi.
568 1735 636 1764 Non
649 1735 737 1764 enim
751 1735 803 1764 in-

99 1782 150 1809 ter
167 1789 222 1810 vos
243 1788 353 1810 omnes
372 1788 432 1818 per
450 1780 558 1809 omnia
582 1780 801 1819 concordatis,

101 1826 164 1856 etsi
182 1834 200 1855 a
216 1826 307 1856 nobis
322 1833 433 1855 01111105
446 1825 658 1855 dissentiatis.

138 1871 170 1900 [ι.
186 1873 227 1902 At
243 1880 321 1901 vero
338 1879 451 1901 eorum
473 1871 573 1901 verba
585 1893 593 1909 ‚
607 1873 641 1902 et
659 1871 778 1910 scripta
791 1895 800 1911 ,

96 1918 133 1947 et
160 1917 352 1948 traditiones
363 1939 373 1955 ‚
401 1917 460 1955 qui
487 1917 699 1954 corporaliter
727 1925 800 1947 cum

99 1964 264 1993 Salvatore
302 1962 437 1992 fuerunt
449 1983 458 2000 ‚
497 1962 567 2000 pari
606 1963 800 1992 auctoritate

97 2007 264 2045 Evangelii
275 2007 384 2037 cuncti
398 2005 445 2045 (ni
459 2005 566 2047 fallor)
576 2007 801 2038 indifferenter

98 2053 255 2090 recipitis.
271 2052 434 2090 Numquid
444 2052 492 2081 illi
502 2053 652 2090 opertum
666 2054 799 2083 tenuere

97 2098 308 2136 Evangelium
342 2096 457 2128 suum?
485 2098 649 2135 Numquid
676 2098 710 2127 in
732 2099 799 2128 Deo

96 2143 203 2173 carnis
218 2143 363 2180 infirma,
385 2142 497 2172 mortis
519 2143 672 2181 horrida,
695 2143 799 2173 crucis

96 2189 308 2226 ignominiam
322 2188 476 2218 tacuere?
492 2189 530 2218 Et
543 2189 675 2227 quidem
687 2189 721 2218 in
734 2198 799 2219 om-

96 2242 173 2264 nem
195 2235 316 2264 terram
339 2235 444 2265 exivit
467 2243 563 2265 sonus
588 2243 712 2266 conum.
737 2236 797 2265 Ubi

95 2281 272 2319 apostolica
288 2280 389 2310 forma
401 2282 435 2311 et
446 2281 526 2319 vita,
538 2290 635 2319 quam
649 2280 799 2318 jactatis?

95 2326 147 2356 1111
164 2326 321 2363 clamant,
333 2334 389 2356 vos
406 2327 578 2357 susurratis
595 2335 603 2356 z
621 2327 671 2356 illi
685 2327 720 2356 in
736 2336 797 2365 pu-

95 2373 192 2408 blico,
205 2379 261 2402 vos
272 2371 306 2400 in
316 2372 432 2410 angulo
446 2381 454 2400 :
468 2371 518 2401 illi
527 2374 560 2402 ut
571 2373 665 2402 nubes
676 2374 796 2411 volant,

94 2427 152 2448 vos
172 2419 207 2447 in
233 2417 379 2447 tenebris
399 2425 435 2447 ac
457 2417 678 2447 subterraneis
693 2418 797 2447 domi-

94 2464 156 2493 bus
166 2463 370 2493 delitescitis.
386 2463 471 2500 Quid
486 2463 593 2494 simile
610 2464 674 2494 illis
687 2463 721 2493 in
738 2473 796 2493 vo-

95 2509 144 2538 bis
156 2508 346 2538 ostenditis?
371 2509 420 2538 An
435 2509 521 2547 quod
536 2508 706 2539 vobiscum
722 2517 795 2538 mu-

94 2555 246 2584 lierculas
259 2562 324 2584 non
338 2554 453 2592 utique
469 2554 796 2592 circumducitis,sed

95 2599 281 2630 includitis?
303 2600 370 2629 Non
385 2608 476 2638 aeque
492 2600 668 2639 comitatio,
683 2601 720 2630 ut
739 2609 797 2630 co-

95 2644 263 2682 habitatio,
272 2645 445 2685 suspicioni
459 2646 561 2683 patet.
571 2647 690 2676 Verum
704 2646 794 2685 quis>-

829 281 836 622 J

1490 238 1550 268 565

851 290 926 311 nam
944 283 984 313 de
1000 282 1065 312 illis
1081 282 1247 313 sinistrum
1267 286 1432 324 quippiam
1447 293 1549 329 suspi—

853 329 998 365 caretur,
1014 328 1070 366 qui
1091 329 1235 357 mortuos
1250 330 1463 363 suscitabant?
1488 337 1548 366 Fac

850 374 886 403 tu
899 374 1064 412 similiter,
1077 375 1111 404 et
1125 382 1189 403 una
1204 375 1413 405 recubantem
1430 380 1548 414 putabo

850 417 1005 447 feminam
1024 418 1145 449 virum.
1168 418 1320 456 Alioquin
1343 419 1465 450 temere
1488 424 1548 452 tibi

850 470 985 500 usurpas
1008 464 1140 493 illorum
1161 463 1454 501 dispensationem,
1471 475 1550 503 quo-

848 516 919 536 ruin
933 509 1139 539 sanctitatem
1157 517 1222 539 non
1238 509 1349 538 habes.
1362 509 1435 539 CUM
1452 518 1551 540 rmn-

848 560 895 582 NA
910 562 1039 592 semper
1063 563 1150 594 esse,
1168 556 1201 585 et
1216 563 1280 584 non
1296 563 1486 592 cognoscere
1503 556 1552 585 fe-

847 598 967 628 minam
978 621 987 637 ,
1007 608 1113 630 11011110
1126 602 1199 639 plus
1213 600 1262 630 est
1277 608 1374 638 quam
1386 601 1549 631 mortuum

846 645 1022 674 suscitare?
1051 646 1142 682 Quod
1166 647 1273 675 minus
1291 646 1338 676 est
1354 654 1418 675 non
1438 646 1547 684 potes3

847 690 879 718 et
891 690 975 727 quod
986 691 1090 727 maius
1106 692 1154 721 est
1169 692 1219 721 vis
1234 691 1362 720 credam
1376 691 1455 721 tibi?
1467 692 1551 728 Quo-

846 734 925 765 tidie
941 736 1027 765 latus
1042 737 1133 766 tuum
1147 736 1187 765 ad
1202 737 1287 766 latus
1300 736 1485 773 juvenculae
1501 737 1551 766 est

846 779 879 809 in
892 789 1001 811 mensa
1012 790 1020 819 3
1032 782 1135 812 lectus
1150 783 1225 812 tuus
1238 782 1278 811 ad
1292 782 1416 811 lectum
1429 782 1500 818 ejus
1512 782 1547 811 in

845 833 970 855 camera
985 848 994 863 ,
1016 826 1101 856 oculi
1127 827 1176 857 tui
1204 827 1245 857 ad
1267 827 1357 857 illius
1378 827 1487 857 oculos
1514 827 1549 856 in

845 871 1003 910 colloquio
1014 894 1024 911 ,
1041 880 1156 903 manus
1172 872 1236 902 tuae
1254 872 1295 902 ad
1312 881 1426 903 manus
1447 873 1550 911 ipsius

845 916 878 945 in
896 925 994 954 opere
1012 928 1019 947 :
1036 919 1068 948 et
1085 919 1257 949 continens
1272 918 1321 948 vis
1333 918 1460 956 putari?
1476 919 1549 949 Esto

844 963 879 992 ut
897 963 939 992 sis
956 972 964 991 ε
981 964 1037 994 sed
1063 973 1121 1002 ego
1147 964 1330 1002 suspicione
1352 972 1416 994 non
1440 972 1546 994 careo.

844 1007 999 1038 Scandalo
1015 1010 1097 1039 mihi
1121 1018 1155 1039 es
1177 1019 1185 1038 τ
1209 1010 1288 1040 10110
1311 1010 1453 1040 scandali
1470 1018 1547 1040 cau—

844 1061 922 1091 sam,
939 1063 1003 1093 quo
1020 1056 1051 1085 te
1067 1056 1184 1093 probes
1196 1064 1311 1085 verum
1326 1054 1383 1094 (ut
1394 1054 1544 1093 jactitas)

843 1100 1010 1138 Evangelii
1040 1102 1274 1131 aemulatorem.
1298 1102 1360 1138 Qui
1386 1102 1547 1132 scandali-

844 1146 966 1176 zaverit
978 1155 1078 1176 unum
1094 1147 1133 1176 de
1150 1147 1304 1185 Ecclesia,
1318 1156 1425 1178 nonne
1441 1149 1543 1178 Evan-

843 1191 965 1227 geliuin
980 1192 1175 1221 condemnat
1185 1192 1351 1222 illum?Tu
1366 1193 1542 1223 Ecclesiam

842 1237 1049 1267 scandalizas.
1075 1238 1196 1275 Vulpes
1224 1247 1258 1268 es
1285 1238 1466 1269 (101110110115
1493 1239 1545 1269 vi·

842 1289 947 1311 neam.
961 1283 1077 1313 Juvate
1093 1291 1158 1320 me,
1168 1284 1304 1322 socii,ut
1313 1284 1460 1321 capiatur
1471 1293 1478 1313 :
1489 1285 1543 1314 vel

843 1327 950 1363 potius
976 1328 1083 1365 capite
1102 1336 1158 1358 vos
1182 1329 1276 1358 nobis
1299 1337 1382 1366 eam,
1398 1336 1416 1358 o
1431 1329 1544 1367 Angeli

841 1373 954 1402 sancti.
967 1374 1105 1404 versuta
1119 1374 1281 1412 estvalde,
1291 1375 1403 1412 operta
1418 1374 1543 1404 0511111-

840 1418 965 1455 quitate
994 1420 1028 1449 et
1056 1420 1227 1457 impietate
1256 1428 1325 1450 sua.
1350 1420 1448 1449 Plane
1478 1419 1542 1448 tani

840 1464 956 1500 pusilla
975 1464 1071 1501 atque
1090 1464 1283 1501 subtilis,ut
1299 1463 1394 1494 facile
1410 1464 1541 1502 quidem

840 1508 996 1538 humanos
1005 1509 1178 1539 frustretur
1189 1509 1332 1538 obtutus.
1340 1509 1501 1547 Numquid
1511 1511 1543 1539 et

838 1553 983 1584 vestros?
999 1555 1173 1592 Propterea
1188 1562 1253 1584 vox
1269 1554 1325 1583 illa
1338 1554 1379 1584 ad
1398 1563 1473 1592 vos,
1490 1556 1541 1585 nt—

837 1600 912 1636 pote
927 1600 1052 1630 sodales
1063 1599 1171 1638 sponsi
1189 1609 1197 1628 ε
1216 1602 1322 1638 Cape'te
1337 1600 1424 1630 nobis
1438 1602 1540 1639 vulpes

835 1646 993 1680 parvulas.
1015 1646 1095 1682 Ergo
1124 1645 1221 1674 facite
1242 1644 1329 1682 quod
1351 1645 1513 1681 jubemini
1532 1654 1539 1673 z

837 1689 942 1726 capite
952 1690 1044 1720 nobis
1063 1690 1145 1719 hanc
1157 1690 1223 1720 tam
1236 1690 1446 1728 versipellem
1467 1691 1540 1720 vul-

836 1735 1005 1773 peculam,
1035 1744 1133 1774 quam
1165 1743 1242 1765 ecce
1269 1735 1394 1772 jamdiu
1418 1735 1538 1765 frustra

838 1779 1050 1818 insequImur.
1066 1781 1185 1811 Docete
1203 1781 1237 1810 et
1258 1781 1438 1819 suggerite,
1462 1789 1540 1819 qua-

836 1825 911 1855 liter
935 1826 1022 1856 fraus
1051 1826 1327 1865 deprehendatur.
1355 1827 1422 1856 Hoc
1449 1827 1538 1856 enim

835 1871 884 1901 est
906 1872 1030 1909 cepisse
1054 1873 1187 1910 vulpem
1205 1872 1305 1910 :quia
1330 1879 1443 1902 LONGE
1466 1873 1539 1910 plus

835 1917 928 1946 nocet
941 1917 1038 1946 salsus
1060 1917 1262 1954 Catliolicus‚
1279 1925 1375 1955 quam
1395 1917 1421 1947 si
1441 1926 1538 1947 verus

834 1963 1006 1999 appareret
1033 1962 1218 1992 haereticus.
1254 1963 1323 1992 Non
1352 1963 1401 1992 est
1427 1964 1535 1993 autem

834 2006 976 2036 hominis
991 2007 1074 2037 scire
1089 2007 1170 2046 quid
1189 2007 1232 2037 sit
1251 2006 1286 2036 in
1301 2007 1448 2044 homine,
1473 2008 1536 2037 nisi

833 2052 905 2089 quis
920 2051 1002 2082 forte
1021 2053 1060 2081 ad
1078 2053 1138 2082 hoc
1158 2052 1266 2091 ipsum
1279 2052 1378 2082 fuerit
1393 2053 1445 2082 vel
1462 2053 1539 2082 illu-

833 2096 977 2126 minatus
994 2097 1117 2135 Spiritu
1136 2098 1196 2127 Dei
1211 2119 1221 2134 ,
1240 2098 1296 2128 vel
1318 2098 1463 2134 angelica
1486 2098 1539 2127 in-

832 2143 988 2173 formatus
1002 2143 1172 2174 industria.
1189 2143 1280 2181 Quod
1294 2144 1421 2181 signum
1444 2143 1538 2173 dahi-

833 2189 892 2228 tis,
907 2190 944 2219 ut
955 2190 1062 2228 palam
1074 2189 1130 2220 fiat
1145 2189 1283 2228 pessima
1298 2189 1432 2219 haeresis
1453 2189 1535 2229 haec,

832 2235 924 2265 docta
952 2236 1085 2266 1110111111
1107 2244 1173 2265 11011
1193 2235 1303 2274 lingua
1319 2235 1462 2274 tantum,
1477 2237 1532 2265 sed

831 2280 919 2313 vita?

871 2327 901 2356 5.
925 2327 963 2357 Et
978 2326 1112 2365 quidem
1135 2333 1251 2356 recens
1276 2326 1414 2356 vastatio
1429 2326 1533 2355 vineae

831 2373 964 2411 vulpem
990 2372 1113 2403 indicat
1143 2372 1270 2403 affulssc
1295 2380 1303 2400 t
1331 2372 1387 2401 sed
1421 2371 1531 2400 nescio

831 2427 893 2455 qua
908 2418 976 2448 arte
992 2417 1133 2456 fingendi
1148 2417 1193 2447 ita
1208 2425 1266 2447 sua
1281 2415 1447 2446 confundit
1459 2424 1532 2444 ves-

831 2464 909 2502 tigia
925 2464 1171 2493 caIIIdissimum
1188 2463 1326 2498 animal,
1343 2462 1379 2490 111
1395 2468 1455 2498 qua
1479 2461 1528 2489 vel

831 2509 949 2547 intret,
964 2510 1015 2540 vel
1035 2509 1150 2546 exeat,
1167 2508 1253 2538 haud
1268 2507 1362 2536 facile.
1377 2505 1473 2543 queat
1490 2505 1528 2533 ab

831 2555 962 2585 homine
997 2553 1210 2593 deprehendi.
1248 2553 1389 2588 Cumque
1419 2549 1529 2586 pateat.

830 2610 926 2639 opus,
946 2610 1011 2631 non
1032 2600 1166 2639 apparet
1189 2597 1298 2627 auctor
1319 2603 1329 2624 t
1350 2594 1393 2623 ita
1410 2602 1468 2632 per
1490 2602 1527 2623 ca

829 2655 900 2685 quae
925 2647 958 2676 in
983 2647 1064 2676 facie
1080 2645 1175 2680 sunt,
1196 2641 1307 2671 cuncta
1330 2640 1508 2669 dissimulat
