1846 3078
534 197 577 224 IN
601 195 799 224 CANTICA
822 195 973 223 sEnMO
997 197 1115 225 XLIV.

129 252 206 283 sunt
220 251 378 283 veraciter
388 248 495 280 dicere
505 271 514 287 ,
529 250 605 288 quia
616 257 682 280 non
695 249 823 287 ignora-

130 306 201 326 mus
224 297 354 328 astutias
391 294 533 333 diaboli,
555 295 587 325 et
615 293 824 333 cogitationes

128 341 210 379 ejus.

167 387 199 417 2.
216 382 333 415 Ferunt
347 383 382 414 iu
400 384 542 423 Engaddi
558 384 742 414 arbusculas
755 382 825 413 bal-

127 431 206 463 sami
228 438 393 467 crescere,
415 439 485 468 quae
507 430 539 459 in
562 429 691 459 modum
712 429 825 458 vinea-

127 483 198 506 rum
223 474 263 504 ab
282 474 443 511 indigenis
459 474 652 504 excoluntur
668 482 675 502 :
693 474 726 503 et
748 473 823 502 inde

127 520 258 551 forsitan
270 522 374 550 vineas
384 519 572 558 appellavit.
583 518 734 556 Alioquin
746 517 823 555 quid

126 566 248 597 faceret
262 566 373 595 botrus
385 566 479 603 Cypri
494 565 526 594 in
546 564 650 594 vineis
663 562 824 601 Engaddi?

124 611 203 649 Quis
213 620 365 649 umquam
380 611 491 640 botrus
503 610 542 640 de
553 610 658 639 vineis
669 609 703 638 in
714 609 839 658 vineas4

125 656 373 696 transportavit?>
394 656 482 686 Solet
507 655 667 693 siquidem
691 654 839 703 vinum,1

127 703 183 733 ubi
192 703 302 740 deest
310 702 438 731 aliunde
452 701 567 738 evehi,
576 708 640 729 non
651 699 707 730 ubi
719 699 837 729 adest.

126 750 205 787 Ergo
216 748 327 778 vineas
345 746 484 784 Engaddi
497 746 576 775 dicit
587 746 699 783 plebes
713 746 824 775 Eccle-

125 796 201 832 siae,
217 802 288 832 quae
302 792 399 822 habet
414 792 546 821 balsami
564 792 741 829 liquorem,
757 782 837 830 spi-

125 842 223 872 ritum
244 837 518 875 mansuetudinis,
534 838 568 866 in
585 845 648 875 quo
671 837 836 884 parvulo-

125 894 197 916 rum
220 884 326 914 adhuc
350 883 386 912 in
418 883 541 912 Christo
568 871 836 913 teneritudinem

125 930 241 961 blande
258 929 363 966 fovet,
389 929 422 958 et
443 929 569 959 dolores
592 922 836 966 poenitentium⁴¹

125 975 317 1006 consolatur.
341 974 404 1004 Sed
419 975 453 1004 et
466 975 492 1004 si
508 974 578 1012 quis
593 974 695 1004 frater
710 974 743 1004 in
762 970 836 1004 ali—²

125 1030 187 1061 quo
216 1021 334 1051 delicto
358 1021 598 1059 praeoccupatus
629 1020 746 1058 fuerit,
772 1021 836 1059 vir]

125 1067 380 1103 ecclesiasticus,
396 1066 452 1104 qui
469 1066 555 1095 hunc
579 1065 729 1104 spiritum
756 1066 836 1116 Jam

126 1112 273 1161 accepit,
297 1110 422 1140 curabit
450 1110 636 1146 hujusmodi
664 1119 739 1140 mox
773 1112 822 1141 in-

124 1160 250 1186 struere
266 1156 299 1185 in
311 1156 424 1186 eodem
440 1155 557 1193 spiritu
571 1155 732 1193 lenitatis,
747 1145 836 1211 con-4

125 1202 270 1232 siderans
295 1201 454 1238 seipsum,
470 1209 512 1230 ne
528 1201 560 1230 et
578 1201 649 1238 ipse
665 1201 836 1232 tentetur.

125 1249 161 1277 In
172 1248 231 1276 hoc
251 1247 326 1284 typo
347 1246 503 1284 quotquot
517 1246 704 1284 baptizandi
728 1248 821 1284 sunt,

125 1294 223 1323 etiam
239 1293 446 1329 corporaliter
470 1291 612 1322 Ecclesia
633 1292 704 1322 oleo
719 1293 823 1323 mate-

123 1337 196 1368 riali
211 1345 331 1374 ungere
347 1336 524 1366 consuevit.

164 1384 194 1412 5.
209 1383 289 1419 Quia
303 1390 381 1412 vero
396 1382 531 1410 vulnera
557 1380 646 1411 illius
669 1381 725 1419 qui
741 1381 822 1411 inci-

124 1429 173 1458 dit
187 1429 219 1458 in
235 1429 374 1457 latrones
385 1449 394 1464 ,
407 1428 439 1456 et
452 1427 599 1464 jumento
616 1427 758 1465 corporis
774 1427 818 1465 pii

124 1474 334 1511 Samaritani,
350 1472 501 1502 Ecclesiae
517 1473 566 1501 est
580 1472 769 1510 deportatus
788 1473 820 1502 in

123 1520 284 1549 stabulum
300 1541 310 1556 ,
337 1527 402 1548 non
429 1518 463 1546 in
490 1518 556 1547 solo
586 1518 674 1554 oleo,
703 1519 761 1548 sed
788 1518 819 1547 in

123 1567 198 1596 vino
213 1566 353 1595 simulet
367 1565 438 1594 oleo
452 1564 623 1595 sanitatem
637 1565 819 1603 recipiunt:

124 1611 342 1641 necessarium
362 1611 460 1640 habet
481 1609 657 1648 spiritualis
676 1612 822 1642 medicus

124 1657 223 1686 etiam
237 1656 348 1685 vinum
361 1655 478 1685 fervidi
490 1655 550 1684 zeli
564 1663 637 1684 cuin
649 1657 720 1686 oleo
732 1666 823 1687 man-

123 1703 303 1732 suetudinis
313 1723 322 1739 ,
338 1702 390 1730 cui
406 1709 481 1730 sane
494 1702 646 1730 convenit
654 1710 717 1732 non
728 1704 821 1734 modo

124 1747 279 1777 consolari
298 1746 537 1785 pusillanimes,
547 1746 603 1775 sed
616 1748 648 1776 et
660 1748 821 1786 corripere

123 1793 297 1830 inquietos·
325 1792 358 1821 Si
389 1791 476 1821 enim
502 1791 623 1821 viderit
646 1791 741 1822 illum
765 1795 821 1832 qui

123 1838 312 1867 vulneratus
349 1837 417 1873 est,
444 1836 477 1865 id
502 1836 549 1865 est
565 1836 621 1874 qui
654 1839 820 1876 peccavit,

123 1883 248 1913 blandis
262 1891 298 1912 ac
315 1882 443 1912 lenibus
458 1881 687 1932 hortamentis,
703 1891 774 1921 quae
787 1885 820 1913 in

122 1938 199 1959 eum
220 1929 396 1967 praerogata
411 1928 504 1965 sunt,
520 1927 656 1957 minime
672 1930 822 1959 emenda-

121 1977 191 2005 tum
201 1975 323 2013 ,magis
339 1974 447 2003 autem
462 1972 545 2003 forte
561 1974 659 2003 etiam
684 1975 821 2005 abuten-

121 2021 188 2049 tem
222 2027 278 2048 sua
304 2017 573 2054 mansuetudine,
605 2018 639 2048 et
661 2019 818 2056 patientia

121 2063 388 2102 negligentiorem
402 2063 491 2100 sieri,
509 2064 541 2093 et
561 2063 594 2092 in
619 2065 751 2101 peccato
763 2058 834 2099 suo}

122 2111 222 2141 etiam
249 2109 395 2140 securius
424 2109 606 2139 obdormire
633 2118 641 2138 τ
667 2109 818 2141 frustrato
832 2125 833 2145 2

119 2158 187 2185 tam
207 2156 352 2185 suavium
370 2155 441 2184 oleo
458 2155 672 2191 monitorum,
690 2151 834 2194 oporte-f

120 2201 170 2231 bit
180 2209 256 2231 sane
270 2201 520 2230 mordacioribus
532 2201 581 2231 uti
598 2201 818 2232 medicamen-
831 2213 833 2231 z

119 2248 181 2285 tis,
190 2247 223 2277 et
236 2255 349 2277 vinum
357 2247 614 2285 compunctionis
625 2247 833 2287 infundere.

121 2293 210 2322 duris
225 2291 382 2322 videlicet
395 2301 469 2322 cum
485 2301 523 2322 eo
541 2256 833 2338 increpationibus}

833 1641 835 1656 t

1495 203 1558 232 ‘295

857 249 890 279 et
916 248 985 279 vini
1009 249 1163 289 optimi3)
1187 250 1366 291 tollensque
1387 254 1462 285 inde
1490 256 1552 287 sibi

858 293 1020 332 ingentem
1037 295 1163 325 botrum
1175 318 1184 334 ,
1196 305 1292 334 quem
1307 298 1383 326 olim
1404 302 1553 338 explora-

859 339 940 369 tores
955 340 994 369 de
1016 341 1113 370 lsrael
1130 340 1163 370 in
1186 343 1279 371 vecte
1299 342 1462 381 ferebant,
1477 347 1554 375 cho-

857 393 928 413 rum
967 385 1195 423 propheticum
1234 386 1490 425 praecedentem,
1520 393 1554 421 et

856 430 1107 469 subsequentem
1147 432 1377 470 apostolicum,
1411 434 1553 464 medium

855 476 964 505 autem
994 477 1104 506 Jesum
1135 478 1249 516 pulcro
1283 478 1445 508 schemate
1475 479 1555 517 figu-

856 522 986 558 rantes3
1013 523 1099 552 hunc
1128 531 1203 562 ergo
1226 522 1353 552 botrum
1389 524 1554 562 accipiens

854 566 933 605 sibi,
951 567 1058 597 dicat:
1076 570 1189 600 Botrus
1213 570 1308 608 Cypri
1330 570 1454 600 dilectus
1469 579 1554 600 meus

854 612 941 642 mihi.

892 656 923 687 [ι.
951 657 1096 689 Vidimus
1114 659 1269 689 botrum.
1286 659 1454 690 videamus
1473 668 1555 698 qua-

836 687 930 730 liter
944 702 1004 731 zeli
1020 703 1133 733 vinum
1151 703 1355 742 exprimatur
1371 713 1413 734 ex
1429 714 1479 734 eo.
1501 706 1554 734 Et-

852 746 937 776 enim
952 747 978 777 si
993 749 1139 786 peccanti
1153 749 1277 779 homini
1294 749 1389 779 homo
1405 752 1554 788 peccator

851 792 985 823 minime
1017 794 1222 833 indignatur,
1247 795 1304 825 sed
1329 796 1431 834 magis
1461 796 1553 834 quasi

850 838 1020 875 quamdam
1038 840 1068 869 ei
1093 840 1277 870 suavissimi
1297 841 1432 871 balsami
1447 850 1553 871 rorem

835 915 836 920 ¹
850 883 969 914 sudans
980 885 1069 922 pium
1078 886 1214 916 exhibet
1224 887 1452 924 compassionis
1460 888 1556 917 affec-

850 929 936 967 tum3
964 931 1024 961 hoc
1049 932 1170 961 scimus
1193 932 1282 962 unde
1307 933 1416 969 venit,
1433 934 1467 963 et
1484 933 1553 969 jam

849 975 1006 1014 audistis,
1027 977 1084 1007 sed
1107 985 1171 1007 non
1195 977 1382 1008 advertistis
1404 978 1549 1008 forsitan.

849 1020 978 1051 Dictum
1002 1030 1140 1074 namque
1157 1023 1223 1060 est,
1239 1023 1325 1074 quod
1348 1032 1390 1053 ex
1405 1024 1554 1054 conside-

849 1066 973 1098 ratione
998 1068 1048 1097 sui
1073 1068 1176 1106 ipsius
1196 1068 1315 1107 cuique
1331 1069 1445 1098 veniat
1459 1077 1552 1099 man-

834 1104 975 1142 suetum
990 1121 1058 1142 esse
1071 1113 1111 1143 ad
1132 1122 1261 1150 omnes,
1276 1114 1352 1143 dum
1368 1114 1462 1143 homo
1478 1123 1552 1144 con-

849 1156 921 1186 silio
937 1158 1166 1195 sapientissimi
1180 1158 1291 1196 Pauli,
1303 1159 1341 1188 ut
1352 1158 1405 1196 pie
1421 1159 1553 1189 condes-

850 1202 989 1233 cendere
1005 1204 1085 1233 sciat
1099 1204 1329 1242 praeoccupatis
1345 1204 1380 1233 in
1398 1206 1550 1243 peccato,

850 1248 1031 1279 considerat
1042 1249 1184 1287 seipsum
1193 1272 1201 1288 ,
1211 1258 1252 1279 ne
1262 1250 1294 1279 ct
1310 1250 1378 1288 ipse
1390 1250 1547 1280 tentetur.

849 1293 972 1322 Annon
992 1294 1067 1323 hinc
1083 1295 1224 1332 denique
1237 1303 1328 1324 amor
1346 1295 1485 1332 proximi
1500 1304 1551 1325 ra-

849 1338 954 1368 dicem
973 1340 1074 1369 trabit
1084 1361 1092 1376 ,
1105 1340 1144 1369 de
1153 1348 1216 1378 quo
1229 1340 1262 1369 in
1279 1341 1349 1378 lege
1362 1341 1548 1371 mandatur:

848 1385 961 1421 Diliqes
982 1387 1163 1423 proximum
1186 1388 1271 1415 tuum
1297 1387 1374 1416 sicut
1393 1388 1519 1424 teipsmn
1534 1388 1548 1417 ἓ

848 1430 894 1457 Ex
911 1429 1032 1459 intimis
1047 1438 1123 1459 sane
1136 1431 1288 1460 humanis
1299 1430 1467 1461 affectibus
1483 1433 1549 1469 pri-

848 1475 970 1504 mordia
983 1475 1073 1505 ducit
1091 1476 1140 1504 sui
1153 1476 1240 1505 ortus
1254 1475 1393 1505 fraterna
1406 1476 1549 1517 dilectio,

849 1521 881 1550 et
902 1521 942 1552 de
968 1521 1063 1551 insita
1078 1521 1203 1551 homini
1232 1522 1273 1551 ad
1289 1521 1433 1559 seipsum
1457 1524 1550 1554 natu-

834 1563 907 1594 'rali
935 1566 1074 1604 quadam
1104 1566 1295 1604 dulcedine,
1314 1566 1477 1604 tamquam
1509 1569 1549 1600 de

848 1610 983 1640 humore
996 1611 1251 1649 terreno,sumit
1265 1612 1477 1649 proculdubio
1492 1622 1550 1644 ve-

848 1656 1044 1693 getationem
1059 1657 1092 1686 et
1113 1657 1179 1686 vim
1190 1678 1198 1694 ,
1211 1665 1270 1694 per
1283 1665 1378 1694 quam
1388 1680 1396 1695 ,
1406 1658 1547 1695 spirante

848 1701 979 1738 quidem
991 1702 1092 1739 gratia
1108 1702 1247 1739 desuper
1257 1724 1265 1739 ,
1276 1702 1400 1732 fructus
1411 1705 1550 1741 parturit

849 1747 998 1783 pietatis:
1010 1748 1045 1776 ut
1059 1747 1144 1784 qnod
1159 1747 1222 1776 sibi
1235 1748 1343 1777 anima
1357 1750 1550 1780 naturaliter

849 1792 991 1830 appetit,
1007 1793 1129 1822 naturae
1148 1793 1306 1830 consorti,
1331 1793 1363 1822 id
1384 1795 1433 1824 est
1453 1795 1547 1825 alteri

849 1838 992 1876 homini,
1006 1838 1078 1875 jure
1095 1838 1234 1876 quodam
1249 1838 1478 1878 humanitatis,
1490 1842 1546 1871 ubi

849 1883 970 1921 poterit
1003 1885 1036 1913 et
1061 1883 1259 1922 oportuerit,
1282 1892 1349 1913 non
1383 1886 1550 1917 existimet

849 1929 1091 1966 denegandum,
1107 1929 1165 1959 sed
1180 1930 1294 1967 sponte
1309 1938 1346 1959 ac
1362 1930 1468 1961 libens
1486 1932 1548 1961 im-

834 1974 979 2012 pertiat.
1000 1975 1088 2004 Inest
1103 1982 1178 2013 ergo
1203 1975 1343 2012 naturae,
1362 1976 1387 2004 si
1415 1978 1549 2014 peccato

833 2019 911 2054 Jnon
947 2020 1143 2058 obsolescat,
1169 2020 1351 2050 istIusmodi
1388 2022 1486 2060 gratae
1515 2024 1550 2053 et

848 2065 984 2103 egregiae
996 2065 1086 2103 quasi
1102 2065 1271 2095 suavitatis
1282 2066 1403 2104 liquor,
1417 2067 1452 2097 ut
1467 2069 1550 2097 mol-

846 2111 961 2141 liorem
989 2111 1090 2148 magis
1113 2111 1154 2140 ad
1182 2111 1443 2149 compatiendum
1471 2122 1550 2151 pec-

846 2157 1011 2194 cantibus,
1027 2165 1123 2195 quam
1142 2157 1182 2186 ad
1205 2157 1440 2194 indignandum
1454 2167 1550 2198 aspe-

845 2203 965 2233 riorem
977 2211 1046 2233 sese
1063 2203 1180 2233 sentiat
1197 2204 1229 2233 et
1244 2203 1410 2232 exhibeat.

885 2251 916 2280 5.
929 2251 1049 2280 Verum
1071 2250 1146 2287 quia
1169 2248 1264 2286 juxta
1285 2248 1448 2287 Sapientis
1476 2258 1548 2281 sen-

846 2295 1002 2333 tentiam,
1019 2303 1137 2324 muscae
1149 2295 1312 2324 moriturae
1328 2295 1549 2327 exterminant

120 2339 217 2376 atque
231 2337 470 2367 invectionibus
484 2346 595 2375 agere,
612 2340 662 2376 et⁷
677 2339 703 2369 si
723 2348 815 2371 causa
829 2329 833 2377 ξ
847 2341 907 2370 hoc
929 2341 1096 2370 suavitatis
1121 2341 1345 2379 unguentum,
1362 2341 1395 2370 et
1411 2341 1546 2372 minime

121 2383 276 2421 requirit,
305 2383 339 2412 et
363 2383 483 2412 duritia
508 2384 598 2413 tanta
627 2384 693 2422 est,
719 2386 814 2416 etiam
848 2386 968 2416 hibet
960 2395 993 2416 1n
1006 2394 1039 2416 se
1055 2363 1187 2424 naturae}
1199 2385 1285 2415 unde
1298 2386 1331 2415 1d
1347 2386 1547 2424 reparetsibi

122 2437 263 2459 censurae
276 2428 502 2458 ecclesiasticae
514 2429 628 2458 baculo
638 2432 815 2468 percellere
848 2433 948 2462 semel
963 2432 1133 2469 amissum3
1148 2431 1248 2462 sentit
1263 2439 1297 2461 se
1318 2431 1453 2461 dolenda
1472 2439 1545 2461 mu-

121 2474 817 2511 contemptorem.Sedundeillihocvinum?
849 2478 969 2508 tatione
996 2485 1149 2507 corruere
1178 2478 1213 2507 in
1239 2477 1339 2514 illud,
1355 2476 1439 2515 quod
1454 2484 1546 2506 vera-

121 2520 185 2550 Nec
207 2519 343 2549 enimin
357 2519 462 2550 vineis
477 2520 619 2558 Engaddi
640 2521 754 2551 vinum
770 2523 817 2552 in·
849 2524 929 2554 citer
949 2524 995 2553 ait
1028 2523 1193 2561 Scriptura
1209 2532 1216 2552 :
1232 2524 1330 2553 Prom'
1349 2522 1419 2551 sunt
1439 2529 1546 2553 sensus

121 2564 272 2603 venitur,
300 2564 359 2596 sed
387 2566 506 2595 oleum.
538 2566 666 2603 Quaerat
685 2575 760 2606 ergo
784 2569 816 2599 in
849 2571 980 2601 hominis
997 2567 1404 2608 etcoqitatr‘onesz'nmalum
1419 2565 1457 2595 ab
1473 2567 1546 2597 ado-

122 2610 239 2650 Cypr03
257 2610 349 2650 (nam
365 2611 420 2641 illa
437 2611 542 2642 insula
556 2611 647 2643 ferax
666 2613 715 2644 est
727 2613 816 2654 vini,
851 2616 1000 2646 lescentia.
1014 2615 1080 2645 Non
1093 2615 1173 2644 bona
1189 2611 1403 2644 adolescentia
1414 2611 1464 2649 ,iu
1480 2619 1548 2652 qua
