1846 3078
296 228 359 257 380

765 231 796 257 S.
821 229 1052 257 BERNARDI
1072 231 1269 258 ABBATls

292 279 390 310 cente
409 280 566 312 innocens
593 279 666 311 erit.
696 281 817 318 Quidni
847 288 939 318 aeque
965 279 999 309 et
1033 279 1122 310 lilia?
1145 280 1244 312 Juxta
1266 281 1402 313 verbum
1418 280 1570 321 Domini,
1595 282 1733 323 foenum¹

292 334 370 355 cum
401 327 533 357 amante
558 335 686 365 amans,
706 327 741 357 et
761 333 836 355 cum
861 325 997 354 vacante

291 379 411 402 vacans
423 394 433 410 ,
450 373 568 403 etcum
581 373 706 402 intento
717 371 874 408 intentus,
888 369 922 399 et
936 369 998 399 sol—

291 416 406 448 licitus
422 427 497 448 cum
507 417 668 449 sollicito?

330 463 362 493 8.
378 464 528 502 Denique
544 463 590 493 ait
606 472 613 491 :
631 463 697 500 qu
711 461 867 499 diliqcnees
888 469 936 490 me
949 461 996 489 (ῖί-

287 509 348 547 quo
360 530 370 546 ,
386 512 415 540 et
429 511 482 548 (11ιὶ
493 518 586 539 ‘mane
597 508 788 546 viqz'laverint
804 507 843 536 ad
857 515 902 536 me
914 528 923 544 ,
944 507 995 536 in—

287 556 408 585 venient
422 565 481 585 me.
506 554 605 583 Vides
626 552 786 590 quomodo
807 559 871 581 non
891 551 995 580 solum

287 600 328 630 cle
343 609 452 630 amore
467 608 523 629 suo
539 598 665 627 certum
680 599 712 627 te
728 597 864 634 reddat,
879 596 906 626 si
921 596 997 634 qui—

287 645 363 674 dem
380 646 415 675 tu
437 652 525 674 ames
541 644 637 672 illum
653 651 661 671 :
681 642 737 672 sed
755 642 855 672 etiam
877 641 918 671 de
937 649 995 671 sua

288 689 529 726 sollicitudiue,
549 697 648 726 quam
663 696 721 726 pro
736 688 770 717 te
792 687 896 726 gerit,
913 688 941 718 si
960 688 994 717 te

287 735 426 765 senserit
446 734 624 765 sollicitum
645 734 706 764 sui.
728 733 853 772 Vigilas
870 733 926 763 tu?
942 733 994 764 vi-

286 781 368 818 gilat
404 781 436 810 et
458 780 541 817 ipse.
575 780 735 818 Consurge
761 779 796 808 in
827 779 923 809 nocte
958 779 993 809 in

286 825 450 863 principio
465 825 651 864 vigiliarum
673 826 822 862 tuarum,
846 825 992 855 accelera

286 872 495 908 quantumvis
508 872 606 902 etiam
618 871 703 909 ipsas
715 871 895 910 anticipare
910 872 993 910 vigi-

286 917 345 945 lias
358 925 366 945 :
378 917 529 947 invenies
545 926 632 955 eum,
644 925 709 947 non
723 916 919 955 praevenies.
934 918 993 948 Te—

286 971 376 993 mere
404 963 436 992 in
452 963 511 992 tali
532 963 663 1002 negotio
682 963 847 1001 vel-prius
869 963 992 1001 aliquid

285 1009 405 1039 tribuis
420 1009 481 1039 tibi
491 1031 500 1047 ,
512 1011 566 1039 vel
582 1010 654 1047 plus
668 1019 675 1039 z
689 1010 722 1039 et
732 1009 833 1048 magis
845 1010 944 1047 amat,
960 1011 992 1041 et

287 1056 374 1085 ante.
403 1055 437 1085 Si
467 1056 536 1085 haec
565 1056 672 1086 anima
697 1055 776 1093 scit,
798 1056 897 1086 immo
915 1056 992 1095 quia

285 1100 365 1137 scit3
392 1101 522 1131 miraris
549 1101 634 1139 quod
655 1101 744 1130 illam
765 1101 988 1140 majestatem,

287 1146 379 1183 quasi
402 1147 521 1177 caetera
541 1155 607 1176 non
632 1148 819 1185 curantem,
842 1148 902 1178 soli
926 1148 990 1178 sibi

286 1192 457 1222 intendere
473 1192 646 1231 glorietur,
661 1192 712 1222 cui
728 1193 788 1223 soli
800 1193 888 1231 ipsa,
904 1194 991 1232 post-

285 1237 397 1274 positis
410 1238 496 1268 curis
509 1238 659 1267 omnibus
670 1261 679 1276 ,
690 1238 757 1268 tota
769 1247 803 1268 se
817 1239 989 1271 devotione

286 1283 446 1313 custodit?
466 1283 577 1313 Sermo
608 1283 709 1313 finem
730 1284 917 1316 desiderat:
935 1286 990 1316 sed

285 1337 386 1358 uuum
409 1329 481 1359 dico
504 1329 731 1367 spiritualibus
758 1330 813 1368 qui
840 1330 876 1360 in
898 1331 990 1362 vohis

286 1375 379 1411 sunt,
392 1375 510 1404 mirum
523 1375 674 1414 quidem,
690 1375 747 1406 sed
762 1384 876 1406 verum
893 1386 901 1406 ε
919 1378 991 1407 ani—

286 1428 371 1448 mam
395 1421 500 1450 Deum
522 1421 690 1451 videntem
711 1421 800 1451 haud
824 1430 917 1453 secus
939 1424 990 1453 vi-

285 1465 382 1503 dere,
403 1474 498 1503 quam
519 1466 546 1495 si
568 1466 634 1495 sola
649 1466 801 1496 videatur
816 1476 834 1497 a
848 1469 928 1499 Deo.
947 1471 989 1500 Ea

287 1520 363 1549 ergo
378 1511 496 1541 fiducia
510 1511 590 1542 dicit
604 1512 699 1541 illum
717 1513 889 1544 intendere
905 1516 967 1545 sibi
979 1538 988 1554 ,

286 1565 385 1594 seque
415 1557 464 1586 illi
476 1579 485 1594 ,
508 1557 591 1587 nihil
612 1558 733 1595 praeter
757 1566 792 1588 se
820 1559 853 1589 et
881 1559 989 1598 ipsum

284 1603 410 1632 videns.
424 1604 530 1633 Bonus
543 1612 577 1633 es
588 1625 597 1641 ,
609 1604 760 1641 Domine,
773 1605 892 1636 animae
904 1615 990 1645 quae·

283 1648 369 1676 renti
386 1648 436 1678 te!
461 1649 622 1687 occurris,
643 1650 871 1688 amplecteris,
892 1660 990 1689 spon-

284 1702 353 1722 sum
366 1694 398 1723 te
412 1694 551 1724 exhibes
561 1716 569 1731 ,
582 1694 639 1732 qui
650 1695 808 1725 Dominus
823 1703 857 1726 es
867 1719 876 1734 ,
890 1697 988 1728 immo

283 1738 337 1776 qui
357 1748 390 1769 cs
404 1748 502 1777 super
516 1740 624 1770 omnia
638 1741 726 1771 Deus
740 1741 934 1774 benedictus
950 1744 985 1774 in

284 1786 399 1815 saecula
409 1807 418 1824 ,
433 1793 541 1815 amen.

580 1846 677 1854 ᾕ-

475 1894 645 1927 SERMO
678 1895 795 1929 Lxx.

284 1969 365 1994 Unde
375 1969 495 2000 Sponsm:
507 1970 611 1994 dilectus
624 1970 736 1995 dicatur
747 1979 752 2000 ;
766 1973 792 1996 ei
809 1971 842 1995 de
855 1972 972 1996 veritate
981 1990 988 2003 ,

313 2006 531 2029 mansuetudine
542 2008 566 2029 el
579 2007 687 2036 justitia
697 2025 704 2037 ,
717 2008 882 2039 caeterisque
897 2009 990 2033 virtu-

311 2042 400 2071 tibus,
414 2049 480 2073 quae
493 2045 557 2066 suni
570 2043 644 2070 lilia.
657 2043 732 2068 inter
745 2051 811 2075 quae
824 2045 957 2075 pascitur.

325 2102 356 2131 1.
376 2104 513 2134 Dilectus
526 2112 612 2135 ‘niveus
629 2105 725 2142 mihi,
743 2107 771 2136 et
783 2115 835 2144 eqo
855 2107 917 2143 illi,
937 2108 991 2145 qui

280 2150 417 2185 pascitur
431 2151 511 2179 inter
526 2150 602 2180 lilia.
615 2150 694 2187 Quis
709 2151 786 2181 huic
799 2152 867 2188 jam
883 2151 989 2190 impu-

282 2193 331 2221 tet
351 2195 595 2232 praesumptioni
615 2196 670 2225 vel
684 2195 887 2235 insolentiae,
909 2197 937 2227 si
953 2206 987 2227 se

282 2237 371 2267 <licat
388 2238 499 2268 iniisse
525 2240 715 2271 societatem
741 2250 814 2271 cum
834 2242 908 2280 illo,
930 2243 987 2280 qui

282 2283 426 2321 pascitur
438 2284 523 2314 inter
535 2286 625 2316 lilia?
636 2287 769 2317 Etiamsi
782 2287 869 2318 inter
881 2288 986 2332 sidera

281 2329 489 2366 pasceretur,
517 2338 555 2359 eo
583 2332 650 2361 solo
669 2333 756 2371 quod
775 2335 985 2372 pasceretur,

280 2375 392 2404 nescio
407 2375 487 2412 quid
507 2383 658 2413 magnum
673 2379 778 2409 videri
795 2379 895 2417 possit
912 2388 986 2410 cum

282 2419 440 2456 ejusmodi
464 2420 623 2451 amIcitias
645 2431 703 2452 seu
725 2424 986 2455 familiaritatem

281 2464 415 2494 hahere.
430 2466 560 2504 Aliquid
575 2474 703 2504 prorsus
717 2468 859 2506 ignobile
876 2471 908 2500 et
924 2471 987 2501 hu-

282 2510 360 2540 mile
383 2511 495 2548 sonat,
513 2511 613 2549 pasci.
635 2513 725 2542 Nunc
748 2522 826 2544 vcro
853 2524 930 2545 cum
952 2518 984 2547 et

282 2556 370 2593 pasci
386 2556 472 2586 inter
482 2556 551 2586 lilia
563 2556 756 2594 perhibetur
766 2580 775 2596 ,
789 2559 985 2596 dejectionis

282 2601 423 2638 adjectio
453 2602 578 2640 longius
605 2603 735 2633 amovet
761 2604 794 2633 et
818 2606 984 2642 propulsat

283 2647 477 2678 temeritatis
507 2647 630 2679 notam.
663 2647 748 2687 Quid
779 2649 867 2679 enim
909 2651 982 2680 suni

1031 326 1118 363 quod
1145 326 1244 358 hodie
1271 329 1341 366 est,
1365 330 1399 359 et
1421 337 1490 359 cras
1512 328 1547 358 in
1570 329 1735 360 clibanum

1030 370 1184 402 mittitur.
1200 373 1344 410 Quantus
1357 375 1406 404 est
1420 375 1482 404 iste
1495 374 1549 412 qui
1561 374 1646 404 foeno
1660 382 1734 412 pas-

1031 416 1135 455 citur,
1151 419 1244 456 quasi
1268 427 1351 449 unus
1365 427 1520 457 agnorum
1538 420 1595 450 aut
1614 421 1735 450 vituio-

1029 462 1122 492 rum?
1143 464 1182 492 Et
1197 471 1296 501 agnus
1311 464 1428 502 plane,
1451 467 1485 495 et
1503 466 1626 495 vitulus
1647 466 1734 504 sagi-

1029 508 1134 538 natus.
1155 509 1219 539 Sed
1238 509 1276 539 tu
1296 509 1380 540 forte
1404 510 1596 548 vigilantius
1618 511 1736 542 adver·

1030 553 1114 591 tisti,
1130 563 1194 583 non
1209 555 1366 592 pabulum
1384 554 1446 584 hoc
1464 556 1534 585 loco
1551 556 1733 595 designari,

1027 598 1086 628 sed
1112 599 1232 629 locum.
1249 599 1314 628 Nec
1330 599 1418 629 enim
1431 599 1555 630 dictum
1571 603 1638 639 est,
1654 602 1734 632 liliis

1028 651 1104 672 eum
1128 644 1235 682 pasci,
1256 644 1334 682 sed,
1355 646 1434 675 inter
1455 646 1532 676 lilia.
1555 647 1639 677 Esto.
1664 648 1732 678 Non

1027 686 1148 717 foenum
1165 688 1306 719 comedit
1321 690 1359 719 ut
1370 689 1428 719 bos
1444 698 1452 719 z
1469 689 1504 719 in
1518 690 1605 721 soeno
1619 691 1731 722 tamen

1026 733 1168 771 versari,
1197 734 1230 764 et
1251 742 1348 772 super
1373 733 1498 764 foenum
1526 735 1732 767 discumbere

1026 778 1127 809 instar
1141 780 1238 810 unius
1254 780 1294 810 de
1311 780 1425 818 turba,
1442 780 1522 819 quid
1543 781 1731 813 eminentiae

1026 822 1147 854 habere
1168 825 1296 863 potest?
1307 826 1393 863 Quid
1412 834 1490 857 vero
1505 826 1615 864 gloriae
1630 826 1709 858 huic
1719 849 1729 865 ,

1025 869 1146 900 habere
1168 871 1324 901 dilectum
1343 871 1438 901 illum
1451 871 1507 910 qui
1526 871 1587 901 hoc
1607 872 1730 910 egerit?

1025 915 1063 944 Et
1082 916 1262 946 secundum
1282 917 1427 947 litteram
1451 917 1584 955 quidem
1605 926 1731 955 sponsae

1024 962 1221 991 verecundia
1231 963 1264 992 et
1276 963 1402 992 cautela
1415 963 1597 1001 prudentiae
1606 964 1678 1001 ejus
1692 964 1728 994 in

1024 1004 1185 1043 loquendo
1205 1006 1283 1037 satis
1303 1007 1459 1045 apparet,
1484 1007 1598 1045 utique
1620 1008 1730 1046 dispo-

1025 1052 1135 1082 nentis
1163 1061 1330 1084 sermones
1356 1061 1430 1083 suos
1459 1053 1495 1083 in
1520 1052 1667 1091 judicio,
1693 1054 1729 1084 et

1024 1105 1133 1128 rerum
1143 1091 1278 1136 gloriam
1290 1099 1464 1130 verborum
1473 1098 1630 1129 modestia
1644 1098 1728 1130 tem—

1023 1145 1177 1182 perantis.

1063 1190 1094 1220 2.
1104 1191 1191 1221 Alias
1201 1190 1310 1221 autem
1319 1198 1386 1221 non
1396 1191 1523 1230 ignorat
1533 1198 1635 1221 unum
1645 1199 1728 1230 esse,

1024 1236 1057 1266 et
1082 1236 1139 1275 qui
1166 1237 1333 1275 pascitur,
1359 1237 1394 1267 et
1417 1236 1473 1275 qui
1492 1236 1618 1275 pascit3
1642 1237 1730 1268 inter

1024 1282 1093 1312 lilia
1114 1282 1384 1320 commorantem,
1401 1282 1435 1312 et
1454 1282 1648 1320 regnantem
1669 1290 1727 1312 su—

1023 1336 1082 1366 per
1096 1328 1215 1358 sidera.
1234 1328 1274 1358 At
1288 1327 1446 1358 libentius
1460 1328 1600 1357 humilia
1615 1327 1728 1358 dilecti

1024 1375 1199 1412 memorat,
1208 1374 1341 1413 propter
1349 1373 1572 1404 humilitatem
1580 1373 1726 1411 quidem,

1024 1420 1058 1449 ut
1074 1419 1143 1449 dixi
1160 1428 1169 1449 e
1186 1419 1289 1458 magis
1304 1420 1413 1449 autem
1427 1419 1514 1458 quod
1527 1418 1648 1449 exinde
1661 1427 1728 1449 coe-

1022 1465 1069 1503 pit
1084 1474 1154 1496 esse
1171 1466 1329 1503 dilectus,
1349 1473 1391 1496 ex
1407 1472 1471 1503 quo
1487 1465 1520 1494 et
1540 1463 1640 1502 pasci.
1662 1465 1728 1496 Nec

1023 1511 1118 1541 modo
1147 1511 1286 1548 exinde,
1314 1510 1373 1540 sed
1398 1510 1488 1539 inde.
1510 1510 1591 1539 Nam
1611 1510 1669 1548 qui
1689 1510 1726 1540 in

1022 1556 1184 1586 altissimis
1210 1557 1259 1587 est
1273 1555 1430 1585 Dominus
1440 1577 1449 1593 ,
1462 1555 1496 1584 in
1516 1553 1592 1585 imis
1607 1556 1656 1585 est
1671 1555 1723 1585 di-

1023 1603 1125 1633 lectus
1139 1611 1147 1640 ς
1167 1610 1266 1641 super
1279 1601 1388 1632 sidera
1402 1608 1541 1639 regnans
1556 1622 1566 1638 ,
1582 1601 1616 1631 et
1637 1601 1725 1632 inter

1022 1648 1093 1677 lilia
1120 1656 1245 1678 amans.
1271 1647 1407 1677 Amabat
1427 1648 1460 1677 et
1479 1655 1577 1684 super
1599 1647 1724 1686 sidera,

1022 1692 1096 1730 quia
1112 1700 1270 1730 nusquam
1293 1692 1326 1721 et
1343 1699 1519 1729 numquam
1536 1692 1642 1729 potuit
1656 1700 1723 1722 non

1022 1745 1148 1776 amare,
1171 1738 1247 1776 quia
1268 1745 1358 1767 amor
1382 1738 1455 1766 est:
1473 1736 1530 1766 sed
1558 1737 1662 1767 donec
1682 1738 1723 1768 ad

1023 1783 1090 1812 lilia
1105 1783 1293 1822 descendit,
1306 1784 1339 1813 et
1350 1781 1439 1821 pasci
1452 1781 1540 1812 inter
1552 1782 1623 1812 lilia
1638 1791 1724 1814 com-

1022 1829 1133 1867 pertus
1149 1830 1216 1867 est,
1233 1838 1294 1859 nec
1314 1829 1440 1859 amatus
1455 1828 1523 1867 est,
1538 1837 1601 1859 nec
1619 1828 1725 1860 sactus

1022 1874 1171 1905 dilectus.
1198 1874 1301 1912 Quid?
1325 1875 1392 1904 Non
1412 1875 1462 1904 est
1481 1876 1608 1904 amatus
1627 1882 1645 1904 a
1665 1876 1725 1905 Pa-

1022 1920 1172 1950 triarchis
1199 1922 1233 1951 et
1260 1919 1450 1958 Prophetis?
1474 1920 1553 1950 Est:
1575 1920 1634 1951 sed
1656 1928 1723 1951 non

1020 1966 1110 2004 prius
1127 1975 1225 2006 quam
1247 1966 1335 1997 visus
1351 1966 1401 1996 est.
1419 1966 1453 1996 et
1474 1966 1514 1996 ab
1536 1965 1616 2004 ipsis
1636 1966 1725 1997 inter

1022 2012 1089 2042 lilia
1108 2013 1210 2051 pasci.
1228 2013 1338 2050 Neque
1361 2011 1450 2041 enim
1470 2019 1535 2042 non
1553 2011 1723 2050 viderunt,

1020 2066 1118 2096 quem
1132 2058 1367 2097 praeviderunt,
1382 2057 1444 2088 nisi
1456 2057 1501 2087 ita
1515 2057 1588 2096 quis
1603 2057 1724 2096 absque

1020 2104 1140 2142 spiritu
1154 2105 1212 2142 sit,
1231 2104 1268 2134 ut
1279 2103 1445 2134 videntem
1460 2103 1495 2133 in
1506 2103 1643 2142 spiritu,
1658 2112 1722 2142 pu-

1020 2149 1068 2179 tet
1089 2149 1204 2179 videre
1225 2148 1322 2178 nihil.
1345 2148 1437 2178 Unde
1463 2156 1539 2185 ergo
1567 2147 1723 2177 Videntes

1021 2194 1114 2233 (nam
1139 2196 1186 2225 sic
1212 2194 1382 2233 Prophetae
1406 2192 1559 2232 appellati
1581 2191 1675 2231 sunt)
1695 2193 1722 2223 si

1020 2240 1104 2269 nihil
1120 2239 1295 2271 viderunt?
1315 2238 1393 2269 Inde
1409 2238 1477 2277 est,
1496 2237 1587 2276 ‘qnod
1607 2238 1723 2267 volue-

1021 2287 1097 2316 runt
1121 2286 1254 2324 videre,
1275 2294 1374 2324 quem
1391 2293 1457 2315 non
1473 2283 1638 2314 viderunt.
1657 2284 1723 2314 Nee

1019 2332 1107 2362 enim
1121 2333 1271 2371 poterant
1283 2332 1368 2361 velle
1384 2330 1497 2361 videre
1516 2329 1552 2359 in
1566 2337 1699 2368 corpore
1711 2351 1722 2369 ,

1019 2386 1117 2416 quem
1146 2378 1180 2407 in
1210 2377 1328 2416 spiritu
1355 2384 1421 2406 non
1455 2375 1627 2406 vidissent.
1659 2375 1723 2405 Sed
1772 2383 1776 2387 ·

1019 2424 1090 2454 dico
1104 2433 1112 2453 ε
1125 2423 1287 2462 Numquid
1298 2430 1411 2452 omnes
1420 2421 1589 2460 Prophctae
1600 2420 1613 2450 ἒ
1624 2421 1722 2459 Quasi

1019 2478 1130 2500 omnes
1142 2469 1254 2499 videre
1270 2468 1456 2506 voluerint,
1471 2468 1527 2497 aut
1541 2467 1642 2497 suerit
1655 2474 1722 2496 om-

1019 2515 1109 2544 nium
1124 2515 1214 2545 fides.
1231 2514 1295 2545 Sed
1309 2514 1398 2544 enim
1410 2513 1465 2552 qui
1480 2512 1647 2549 viderunt,
1664 2511 1720 2541 aut

1018 2561 1185 2600 Prophetae
1215 2560 1366 2598 fuerunt,
1394 2559 1450 2589 aut
1469 2557 1640 2595 Prophetis
1664 2564 1720 2587 ac-

1017 2607 1234 2644 quiescentes.
1249 2607 1286 2635 Et
1299 2604 1476 2635 credidisse
1488 2603 1587 2641 enim,
1598 2601 1718 2632 vidisse

1019 2652 1075 2681 ost.
1093 2652 1160 2681 Non
1176 2651 1269 2681 inodo
1281 2657 1418 2688 namque
1434 2648 1489 2687 qui
1504 2655 1562 2686 per
1578 2647 1719 2687 prophe2
