1830 3073
474 215 528 243 DE
549 210 759 242 DIVERSIS
784 208 932 238 SERMO
957 211 1058 238 LXX.

64 273 247 303 Judaeorum
262 269 355 300 corda
371 269 511 298 carnalia
527 269 633 299 :unde
649 268 682 298 et
693 276 761 298 car-

66 319 150 349 nalia
169 318 216 348 eis
230 315 360 347 tradidit
374 316 576 345 sacramenta
586 336 594 352 ,
611 323 681 353 quae
695 321 759 344 nou

66 363 193 403 possent
209 362 301 400 juxta
324 361 554 391 conscientiam
577 359 758 398 perfectum

67 410 170 439 facere
193 406 390 438 servientem
413 406 448 435 in
480 406 617 443 J'ustitiis
643 404 757 434 carnis.

65 454 160 483 Venit
174 451 308 490 proinde
324 452 440 490 plenus
455 452 557 490 gratia
573 452 606 481 et
620 450 758 480 veritate

62 498 202 529 Christus
210 498 366 527 Dominus
380 499 505 536 noster,
516 497 553 526 ut
567 505 609 526 ex
620 496 679 525 hoc
692 496 758 532 jam

63 543 194 573 moralia
218 543 350 581 quidem
378 542 575 581 impleantur
598 549 657 578 per
686 548 759 579 gra-

61 588 144 618 tiam
159 597 167 617 ε
184 597 255 626 quae
270 596 348 617 vero
361 587 548 618 umbratilia
569 587 603 616 et
623 586 758 624 mystica

61 633 206 671 fuerant,
218 633 364 663 revelata
376 633 513 663 veritate
529 632 681 670 deinceps
693 639 758 660 non

60 678 101 708 ad
113 678 254 708 litteram
269 678 497 715 observentur,
510 677 567 706 sed
581 676 758 706 secundum

60 724 212 762 spiritum
261 723 474 761 spiritualiter
523 722 756 760 intelligantur.

61 769 233 807 Propterea
245 768 311 805 jam
326 776 390 797 non
405 769 489 798 aries
502 768 556 798 vel
570 769 683 798 taurus
699 768 758 797 ho-

60 815 147 843 mine
163 814 315 851 peccante
332 814 491 844 mactatur
503 836 512 852 ,
527 813 585 843 sed
599 813 674 843 viva
690 822 758 843 cor-

58 859 145 896 poris
173 859 275 889 hostia
285 881 294 897 ,
322 860 479 889 rationale
502 860 536 890 et
558 860 756 898 acceptabile

58 904 251 934 sacrificium
264 926 275 943 ,
303 904 337 935 in
362 905 498 943 jejuniis
532 906 564 936 et
593 906 758 936 laboribus

61 951 189 983 veniam
203 953 349 984 meretur
363 953 486 992 pariter
500 954 533 984 et
547 953 694 993 gratiam.

211 1079 380 1113 smum
406 1080 593 1121 vam,

58 1155 115 1180 Seu
133 1157 166 1182 29
184 1165 217 1182 ex
234 1160 336 1189 parvis,
359 1165 426 1183 cum
448 1159 478 1182 in
500 1159 582 1183 nullo
604 1159 718 1183 differat
743 1166 758 1182 a

87 1191 223 1217 Sermone
236 1196 266 1219 52
275 1210 283 1223 ‚
297 1195 326 1218 de
339 1194 460 1224 diversis,
474 1194 522 1218 hic
532 1195 659 1219 consulto
671 1195 758 1218 omis—

86 1236 133 1256 sus
145 1234 193 1257 est.

233 1319 402 1353 SERMO
438 1321 576 1353 LXIX.

87 1391 129 1416 De
141 1387 244 1424 triplici
256 1395 435 1419 renovatione
446 1396 563 1427 triplicis
574 1395 724 1420 vetustatis.

97 1455 127 1486 t.
145 1456 243 1487 siem*
255 1460 444 1496 portavimus
466 1461 631 1498 imaqinem
644 1459 758 1489 terreni

57 1501 198 1539 hominis,
221 1506 375 1542 portemus
389 1507 416 1534 et
433 1507 598 1544 imaqinem
620 1506 753 1536 ccelesiis.

57 1547 126 1577 Duo
155 1548 302 1580 homines
329 1551 423 1588 sunt,
449 1553 545 1581 vetus
575 1552 607 1581 et
628 1560 731 1582 novus
746 1560 754 1580 :

57 1592 156 1622 Adam
170 1593 264 1624 vetus
274 1615 282 1631 ,
295 1594 438 1625 Christus
451 1603 565 1625 novus.
578 1596 636 1625 Ille
653 1596 756 1626 terre-

57 1645 116 1667 nus
126 1660 135 1675 ,
144 1638 204 1669 iste
213 1640 352 1670 coelestis
365 1649 373 1669 :
386 1641 475 1670 illius
485 1641 590 1679 imago
600 1643 755 1679 vetustas,

58 1682 149 1714 istius
161 1684 264 1723 imago
280 1686 417 1716 novitas.
432 1687 484 1716 Est
507 1688 617 1717 autem
635 1688 756 1725 triplex

57 1730 199 1760 vetustas
208 1753 217 1769 ,
234 1732 267 1761 et
279 1739 296 1761 e
309 1733 468 1761 contrario
480 1732 603 1770 triplex
617 1733 755 1763 novitas.

57 1774 110 1805 Est
125 1777 210 1805 enim
237 1777 379 1806 vetustas
400 1777 434 1806 in
454 1777 568 1814 corde,
584 1778 618 1807 in
634 1786 706 1815 ore,
724 1778 757 1807 in

56 1827 188 1858 corpore
205 1830 213 1850 :
230 1821 263 1851 in
275 1822 393 1860 quibus
408 1823 511 1852 tribus
525 1823 628 1853 modis
643 1832 758 1861 pecca-

57 1864 179 1903 vimus,
189 1867 381 1904 cogitatione
391 1889 400 1905 ,
413 1868 586 1905 locutione,
597 1869 629 1898 et
646 1877 755 1907 opere.

57 1911 93 1939 ln
109 1912 204 1941 corde
219 1914 295 1943 sunt
319 1913 480 1943 desideria
496 1914 636 1943 carnalia
650 1916 683 1944 et
701 1923 758 1944 sae-

57 1956 176 1986 eulatia
187 1979 195 1994 ,
220 1958 253 1987 id
279 1958 327 1988 est
346 1967 435 1988 amor
460 1959 581 1997 carnis,
609 1960 642 1989 et
669 1968 758 1989 amor

58 2003 180 2032 saeculi.
196 2003 354 2035 Similiter
368 2005 402 2034 in
420 2013 474 2035 ore
491 2004 540 2035 est
555 2005 683 2043 gemina
698 2014 758 2037 ve-

58 2047 158 2079 tustas
166 2071 174 2086 ,
183 2051 362 2088 arrogantia
373 2051 405 2081 et
420 2051 595 2089 derogatio.
606 2052 686 2082 Item
701 2061 757 2090 ge-

59 2094 144 2125 mina
160 2097 193 2126 in
219 2105 350 2135 corpore
361 2119 369 2135 ,
397 2097 519 2135 flagitia
545 2098 578 2128 et
602 2097 754 2128 facinora.

58 2139 132 2171 Haee
147 2143 253 2172 omnia
268 2144 343 2173 sunt
358 2144 461 2181 imago
472 2143 591 2174 veteris
602 2143 756 2182 hominis,

60 2186 93 2216 et
106 2187 174 2218 haec
189 2190 296 2219 omnia
312 2190 497 2220 renovanda
512 2190 586 2220 sunt
600 2190 635 2219 in
650 2191 754 2220 nobis.

59 2231 92 2262 Si
107 2241 169 2264 uon
184 2237 269 2266 esset
280 2237 423 2266 vetustas
441 2236 475 2265 in
491 2236 585 2266 corde
597 2258 607 2273 ‚
632 2245 697 2266 non
710 2237 757 2266 di-

59 2280 147 2310 ceret
185 2282 353 2320 Apostolus
377 2292 387 2312 .·
411 2283 613 2313 Renovamini
647 2283 758 2320 spiritu

61 2328 165 2357 mentis
191 2330 309 2365 vestrae,
338 2330 366 2358 et
380 2329 493 2358 induite
518 2337 627 2358 novum
657 2327 758 2359 homi-

58 2378 126 2401 nem
138 2394 148 2409 ‚
160 2375 213 2412 qui
223 2375 388 2404 secundnm
412 2376 512 2405 Deum
533 2375 652 2404 creatus
668 2376 711 2404 est
725 2376 756 2404 in

55 2416 172 2454 iustilia
183 2421 211 2449 et
223 2421 383 2450 sanctitate
396 2421 543 2450 veritatis.
561 2420 643 2449 Item
654 2419 681 2449 si
693 2428 757 2449 non

59 2465 143 2494 esset
154 2466 297 2495 vetustas
312 2465 347 2494 in
357 2473 412 2494 ore
423 2487 432 2503 ,
444 2473 509 2495 non
520 2465 644 2495 diceret
653 2465 757 2503 Scrip-

59 2507 130 2538 tura
147 2518 155 2539 τ
181 2512 333 2541 Rcccclant
355 2512 460 2540 vetera
473 2512 507 2540 dc
530 2520 582 2541 ore
595 2512 704 2541 vestro.
721 2511 759 2540 Et

59 2554 226 2593 Apostolus
237 2557 317 2587 dicit
333 2566 341 2586 ι
359 2556 464 2588 Omnis
472 2565 572 2587 sermo
585 2556 686 2586 malus
696 2565 758 2586 ποη

58 2604 199 2639 procedat
213 2605 247 2634 de
258 2613 310 2634 ore
324 2605 420 2634 vestro
431 2624 439 2639 ,
454 2603 505 2633 sed
520 2602 573 2640 qui
594 2601 688 2632 bonus
702 2603 756 2638 est,

61 2647 99 2676 ατί
110 2649 336 2686 testificationem
348 2649 416 2686 fidet
425 2668 433 2684 7
447 2650 479 2678 ut
493 2649 540 2678 (let
555 2647 687 2687 qralt'am
703 2655 756 2677 au-

1435 214 1493 243 ἅθ’]

793 266 953 296 clientibus.
984 265 1047 295 Sed
1062 264 1096 294 et
1111 264 1150 295 de
1166 265 1325 297 vetustate
1351 262 1494 306 eorporis

792 310 990 340 mentionem
1012 310 1107 348 facit,
1133 319 1208 340 cum
1223 311 1304 340 dicit
1319 321 1327 338 τ
1343 314 1493 344 Sicuteas—

792 356 929 386 ho'buistis
956 356 1095 386 membra
1113 358 1214 387 vestra
1231 358 1341 387 servire
1362 359 1494 388 inaniun-

791 402 872 431 ditiae
906 403 935 431 et
957 402 1115 440 iniquitali
1145 403 1185 432 ad
1216 402 1419 439 iniquitatem.
1447 403 1493 431 De

792 447 884 484 cujus
896 447 1105 477 renovatione
1122 447 1221 477 etiam
1235 446 1404 484 subjungit
1419 455 1427 474 ι
1444 449 1494 476 [ιιι

791 502 872 523 mmc
886 494 1022 524 exhibete
1035 493 1175 523 membra
1195 495 1297 524 vestra
1309 492 1497 529 servirejus-

793 541 864 569 titiae
880 541 912 569 in
929 539 1210 576 scmctificationem.

830 585 861 613 2.
878 584 1065 614 Renovetur
1076 592 1151 620 ergo
1167 591 1221 613 cor
1235 583 1379 612 nostrum
1396 590 1414 611 a
1429 590 1497 612 car-

791 629 919 659 nalibus
948 629 981 659 et
1004 629 1213 659 saecularibus
1243 627 1416 658 desideriis
1431 636 1439 656 :
1456 628 1496 657 ut

792 674 934 704 exclusis
962 674 1028 703 illis
1058 674 1283 704 introducatur
1306 681 1395 702 amor
1415 672 1495 710 Dei,

792 721 825 750 et
839 728 928 750 amor
952 719 1065 758 patriae
1087 720 1239 750 coelestis.
1264 718 1431 748 Recedant
1453 718 1495 747 ab

791 774 846 796 ore
873 767 982 796 nostro
1004 765 1185 803 arrogantia
1201 766 1234 795 et
1256 763 1420 802 derogatio
1436 771 1445 792 t
1463 764 1497 793 et

791 812 965 842 succedant
980 820 1037 850 pro
1053 812 1105 842 his
1116 820 1194 841 vera
1202 811 1411 849 peccatorum
1422 817 1498 839 nos-

791 858 913 888 trorum
929 857 1086 888 consessio
1095 879 1105 895 ,
1123 858 1157 887 et
1183 858 1268 887 bona
1283 856 1323 886 de
1339 855 1497 894 proximis

791 903 973 933 aestimatio.
996 905 1055 933 Pro
1081 903 1215 942 flagitiis
1227 904 1261 933 et
1275 901 1494 939 facinoribus,

791 957 863 987 quae
886 949 1031 979 vetustas
1060 950 1109 979 est
1123 949 1284 987 corporis,
1314 947 1497 977 assumatur

791 995 992 1025 continentia
1021 995 1053 1025 et
1081 995 1289 1032 innocentia,
1313 994 1350 1023 ut
1370 993 1497 1023 scilicet.

792 1040 960 1069 contrariis
974 1040 1149 1070 virtutibus
1166 1039 1325 1070 contraria
1341 1038 1422 1068 vitia
1439 1038 1497 1068 de-

791 1086 965 1123 pellantur.
993 1086 1083 1115 Hanc
1117 1085 1334 1123 supradictam
1359 1091 1497 1114 renova-

792 1131 914 1161 tionem
927 1131 1004 1161 facit
1019 1131 1163 1161 Christus
1186 1131 1336 1161 habitans
1354 1131 1388 1159 in
1402 1129 1497 1159 nohis

792 1176 981 1215 perfidem,
1006 1177 1089 1206 sicut
1114 1177 1183 1215 ipse
1205 1176 1271 1206 ait:
1301 1177 1379 1205 Ecce
1416 1183 1497 1204 nova

791 1222 870 1259 facio
884 1223 1000 1251 omnia.
1014 1222 1104 1252 Unde
1121 1223 1154 1251 et
1169 1222 1208 1251 ad
1226 1229 1374 1259 sponsam
1389 1219 1497 1258 loqui-

793 1268 844 1296 tur
859 1267 893 1296 in
909 1267 1047 1297 Canticis
1064 1276 1072 1296 :
1088 1269 1174 1297 Pone
1190 1277 1236 1297 me
1257 1268 1290 1296 ut
1303 1266 1496 1305 siqnaculum

790 1322 880 1351 super
893 1322 945 1343 cor
955 1315 1041 1343 tuum
1050 1335 1060 1350 ,
1076 1313 1309 1351 utsiqnaculum
1320 1320 1409 1349 super
1423 1311 1499 1340 bra-

791 1359 892 1389 chium
907 1361 1005 1389 tuum.
1022 1359 1178 1389 Habitans
1190 1359 1288 1397 igitur
1297 1358 1331 1386 in
1339 1357 1434 1386 corde
1447 1356 1497 1385 est

791 1405 950 1442 sapientia
961 1427 969 1443 ,
982 1405 1133 1435 habitans
1145 1405 1179 1434 in
1188 1412 1243 1434 ore
1254 1403 1377 1434 veritas
1385 1424 1395 1435 2
1403 1402 1496 1432 habi-

790 1451 862 1480 tans
875 1451 910 1480 in
925 1459 1058 1490 corpore
1081 1450 1219 1489 Justitia.

983 1562 1155 1595 smum
1182 1561 1300 1594 Lxx.

790 1633 829 1657 De
842 1633 985 1663 vigilanna
995 1634 1022 1655 et
1035 1631 1224 1656 sollicitudine
1240 1630 1376 1654 curandae
1391 1630 1496 1656 salutis.

831 1685 1041 1723 Spectaculum
1069 1685 1146 1722 facti
1165 1692 1271 1714 snmus
1307 1683 1441 1719 mundo,
1468 1683 1496 1711 ct

790 1731 912 1769 Anqelis·
925 1752 935 1767 ‚
949 1732 977 1760 ct
992 1730 1174 1760 hominibus.
1192 1730 1239 1759 tta
1254 1729 1368 1766 plane,
1383 1729 1415 1758 et
1427 1736 1496 1757 mu-

791 1776 830 1806 lis
841 1798 850 1814 ,
861 1777 893 1805 et
905 1775 997 1806 bonis
1008 1776 1142 1814 pariter.
1153 1775 1227 1804 lllos
1243 1775 1330 1804 enim
1342 1774 1496 1804 sollicitat

792 1822 926 1852 invidiae
941 1821 1064 1860 passio,
1081 1821 1157 1850 istos
1181 1820 1356 1857 compassio
1367 1819 1496 1848 miseri-

792 1868 927 1904 cordiae,
950 1869 987 1897 ut
1016 1868 1050 1897 in
1076 1875 1133 1896 nos
1161 1866 1361 1896 incessanter
1387 1865 1496 1894 inten-

791 1914 953 1945 dantzini
980 1913 1113 1952 quidem
1139 1912 1304 1942 deiectum
1330 1913 1494 1948 nostrum,

791 1960 844 1990 isti
856 1959 1037 1998 profectum
1045 1958 1277 1988 desiderantes.
1288 1957 1448 1986 Nimirum
1460 1957 1495 1986 iu

790 2006 979 2044 probatione
999 2012 1128 2040 sumus,
1153 2004 1240 2033 inter
1254 2002 1440 2041 paradisum
1462 2004 1497 2032 et

791 2051 956 2081 infernum
981 2050 1114 2080 interim
1140 2049 1259 2086 medii,
1286 2049 1380 2078 velut
1409 2049 1497 2079 inter

791 2098 967 2128 claustrum
992 2097 1023 2126 et
1043 2096 1198 2126 szeculum
1230 2094 1409 2124 constituti.
1434 2094 1494 2124 Di—

790 2144 930 2182 ligenter
959 2142 1182 2173 consideratur
1216 2141 1382 2178 utrimque
1415 2140 1495 2178 quid

790 2190 932 2227 agimus,
948 2189 1112 2226 utrimque
1133 2186 1252 2217 dicitur
1268 2195 1276 2216 ε
1293 2187 1317 2215 O
1339 2186 1365 2215 si
1382 2186 1423 2215 ad
1437 2194 1496 2215 nos

790 2236 948 2267 transeat!
966 2235 1146 2265 intentione
1172 2233 1305 2272 quidem
1323 2232 1493 2269 dissimili,

791 2283 923 2313 sednon
939 2281 1058 2319 dispari
1070 2280 1201 2310 forsitan
1212 2279 1390 2309 voluntate.
1403 2278 1496 2315 Quod

790 2329 815 2358 si
830 2329 877 2358 ita
897 2328 1041 2358 omnium
1058 2326 1141 2356 oculi
1158 2326 1192 2354 in
1211 2333 1268 2354 nos
1285 2332 1294 2354 ι
1310 2324 1411 2353 nostri
1431 2332 1494 2362 quo

791 2375 959 2411 abierunt,
968 2375 1022 2403 aut
1032 2380 1132 2412 quare
1144 2371 1204 2402 soli
1216 2369 1277 2409 ipsi
1290 2370 1495 2400 recesserunt

792 2428 808 2450 a
821 2419 932 2449 nobis?
945 2420 971 2449 A
986 2418 1112 2449 dextris
1135 2416 1296 2455 siquidem
1323 2416 1355 2445 et
1369 2423 1386 2444 a
1399 2415 1494 2445 sinis-

790 2466 848 2496 tris
863 2466 953 2496 tanto
968 2464 1075 2495 studio
1096 2461 1343 2499 circumspecti,
1355 2460 1414 2490 soli
1430 2459 1494 2488 dis-

791 2512 979 2541 simulamus
1013 2509 1175 2548 inspicere
1203 2508 1304 2538 vitam
1332 2506 1471 2535 nostram
1481 2508 1498 2542 ,¹

791 2557 851 2588 soli
880 2556 1094 2594 nosmetipsos
1125 2553 1320 2592 negligimus
1345 2549 1490 2579 intueri:

791 2610 851 2632 nec
866 2602 1017 2631 verentes
1029 2599 1249 2638 deceptorios,
1261 2604 1320 2626 nec
1336 2593 1492 2624 adminis-

792 2647 940 2676 tratorios
974 2646 1088 2676 saltem
1120 2643 1252 2682 spiritus
1290 2639 1489 2670 reverentes.
