1810 3073
471 223 516 251 IN
536 221 733 251 CANTICA
756 222 904 250 SERMO
929 221 1075 250 XXVII.

75 278 169 310 tatis?
184 279 250 310 Non
265 278 312 308 est
332 276 473 316 profecto
488 276 638 306 intricata
663 276 768 306 soren-

73 325 160 354 5111115
183 324 284 355 causis
311 321 437 352 curisve
459 322 684 360 saecularibus,
706 330 767 352 nec

75 371 160 400 certe
175 368 280 399 ventri
295 367 327 397 et
342 367 481 397 luxuriae
494 367 622 405 dedita3
636 367 691 397 sed
707 375 767 397 nec

73 416 196 446 curiosa
218 414 400 452 spectandi,
416 422 474 443 seu
490 413 608 452 cupida
636 413 767 443 omuino

73 460 276 496 dominandi,
304 460 358 489 vel
388 459 485 489 etiam
512 459 637 489 tumida
665 458 768 488 domi-

71 506 158 534 natu.
182 504 315 542 Oportet
342 512 479 543 namque
505 505 608 543 primo
636 503 766 542 quidem

71 550 121 579 his
148 551 294 580 omnibus
315 558 449 580 vacuam
471 559 539 580 esse
563 550 767 586 animam,ut

69 595 185 625 coelum
205 596 275 633 fiat,
298 596 394 634 atque
418 596 576 626 habitatio
591 596 663 625 Dei.
679 595 767 624 Alio-

67 641 147 678 quin
164 641 321 678 quomodo
334 640 453 679 poterit
465 649 580 671 vacare
596 641 629 670 et
641 640 764 677 videre,

67 687 218 723 quoniam
233 686 300 724 ipse
315 686 364 716 est
375 685 481 715 Deus?
491 686 552 715 Sed
564 686 598 715 et
609 685 682 715 odio
694 686 764 715 sive

66 731 198 761 invidiae
210 732 265 761 aut
279 732 403 761 rancori
416 731 549 760 minime
561 738 692 768 prorsus
713 729 765 759 in-

67 776 264 814 dulgendum
277 798 284 813 ,
299 777 449 814 quoniam
462 777 493 805 in
504 776 684 805 malevolam
697 776 765 805 ani-

66 829 150 850 mam
181 830 242 849 non
276 821 413 850 introibit
445 821 608 858 sapientia.
638 820 763 849 Deinde

66 874 196 896 necesse
212 866 261 895 est
275 873 345 895 eam
358 873 503 895 creseere
515 873 551 894 ac
563 865 710 903 dilatari,
726 866 764 895 ut

65 911 107 941 sit
131 918 232 949 capax
258 911 329 941 Dei.
346 912 442 940 Porro
456 910 591 941 latitudo
614 910 764 948 61115,ᾱί-

66 957 160 986 lectio
176 957 263 994 ejus,
279 956 361 986 sicut
377 957 455 986 dicit
471 957 636 994 Apostolus
652 958 765 987 :Dila-

64 1003 174 1032 tamnu*
194 1003 225 1031 in
247 1004 386 1032 caritate.
412 1002 490 1031 Nam
504 1002 565 1031 etsi
579 1002 686 1031 anima
701 1001 764 1031 rni-

63 1048 170 1085 nime,
200 1056 274 1077 cum
302 1048 344 1076 sit
370 1047 521 1085 spiritus,
547 1047 763 1085 quantitatem

63 1101 250 1131 corpoream
273 1094 413 1132 recipit:
431 1094 540 1123 tamen
561 1094 686 1124 confert
714 1095 763 1124 illi

63 1139 164 1177 gratia
183 1161 192 1176 ,
217 1139 303 1177 quod
332 1139 484 1176 negatum
515 1139 564 1169 est
592 1147 610 1168 a
635 1141 762 1170 natura.

62 1184 320 1222 Crescitquidem
345 1184 378 1213 et
400 1184 677 1222 extenditur‚sed
699 1186 763 1223 spi-

62 1229 238 1265 ritualiter3
253 1229 367 1258 crescit
377 1237 440 1258 non
451 1229 484 1257 in
495 1229 675 1259 substantia
685 1252 693 1267 ‚
707 1231 763 1260 sed

62 1275 96 1304 in
110 1274 380 1312 virtute;crescit
400 1275 434 1303 et
455 1275 489 1304 in
509 1275 629 1312 glor1a3
646 1276 763 1306 crescit

63 1320 160 1350 etiam
176 1320 209 1349 in
224 1320 383 1358 templum
398 1321 543 1350 sanctum
560 1320 593 1349 in
606 1321 760 1359 Domin03

62 1366 179 1395 crescit
189 1365 329 1402 denique
346 1364 377 1394 et
390 1364 516 1402 proficit
530 1365 676 1395 invirum
687 1375 762 1404 per-

63 1410 200 1448 fectum,
213 1413 245 1440 in
259 1419 435 1440 mensuram
452 1412 550 1440 aetalis
565 1411 762 1449 plenitudinis

63 1457 183 1486 Clu-isli.
202 1457 280 1494 Ergo
298 1455 459 1494 quantitas
474 1456 630 1494 cujusque
645 1457 762 1487 animae

60 1501 237 1532 aestimetur
248 1500 286 1530 de
296 1508 445 1530 mensura
452 1501 594 1531 caritatis
602 1510 696 1539 quam
705 1502 762 1532 ha-

61 1546 134 1583 bet,
147 1547 182 1576 ut
197 1546 286 1576 verbi
294 1546 412 1584 gratia,
429 1555 499 1585 quae
514 1547 653 1576 multum
663 1548 761 1578 hahet

61 1592 215 1630 caritatis,
224 1599 339 1630 magna
351 1591 408 1629 sit3
422 1601 492 1630 quae
504 1600 631 1630 parum,
641 1601 739 1631 parva
750 1603 758 1632 ;

60 1647 131 1676 quae
146 1646 224 1667 vero
248 1637 350 1674 nihil,
362 1638 446 1667 nihil
460 1659 470 1675 ,
485 1638 614 1668 dicente
634 1639 732 1669 Paulo
750 1649 757 1669 :

60 1685 94 1714 Si
120 1685 280 1713 caritatem
306 1692 369 1713 nou
397 1683 551 1719 habuero,
574 1684 651 1714 nillil
678 1694 757 1714 sum.

58 1729 148 1766 Quod
159 1728 198 1757 ·si
215 1729 542 1766 quantulamcumque
557 1729 679 1759 habere
695 1739 760 1759 coe-

59 1773 164 1811 perit,
187 1773 223 1802 ut
244 1771 358 1802 saltem
380 1772 553 1809 diligentes
574 1781 607 1802 se
623 1773 758 1812 diligere

60 1819 169 1856 curet,
184 1826 220 1848 ac
239 1818 378 1848 salutare
404 1818 457 1847 vel
480 1817 595 1847 fratres
621 1826 709 1857 suos,
727 1821 760 1850 et

60 1871 114 1893 eos
129 1864 183 1901 qui
200 1871 234 1893 se
262 1862 403 1892 salutant
418 1871 425 1891 :
440 1863 506 1899 jam
522 1864 670 1893 nonnihil
686 1865 759 1902 qui-

58 1909 132 1939 dem
148 1910 236 1938 illam
249 1908 387 1937 animam
405 1908 543 1937 dixerim
554 1930 563 1945 ,
576 1917 646 1947 quae
659 1909 693 1938 in
708 1919 759 1939 ra-

58 1954 145 1984 tiono
173 1954 238 1984 dati
256 1954 288 1983 et
315 1953 440 1991 accepti
467 1953 619 1983 socialem
643 1955 757 1984 saltem

58 1999 177 2028 retinet
205 1998 384 2028 caritatem.
405 1998 638 2027 Verumtamen
664 1998 757 2036 juxta

58 2052 239 2073 sermonem
267 2043 396 2072 Domini
419 2045 490 2082 quid
511 2045 640 2082 amplius
665 2045 758 2082 facit?

57 2089 120 2118 Nec
149 2089 287 2126 amplam
315 2088 468 2127 proinde,
496 2096 557 2119 nec
587 2097 755 2129 magnam,

58 2134 114 2164 sed
142 2136 236 2172 plane
254 2134 420 2172 angustam
440 2134 664 2173 modicamque
681 2145 757 2166 cen—

57 2180 178 2209 suerim
207 2180 364 2217 animam,
393 2188 490 2218 quam
517 2180 597 2211 adeo
622 2182 756 2213 modicae

58 2226 201 2255 caritatis
213 2234 282 2256 esse
296 2226 513 2263 cognoverim.

99 2271 148 2299 11.
166 2272 205 2301 At
225 2271 251 2301 si
279 2271 468 2309 grandescat
483 2271 515 2301 et
530 2271 694 2310 proficiat,
710 2273 756 2303 ita

58 2316 95 2344 ut
110 2316 267 2345 transiens
290 2316 426 2346 limitem
454 2317 580 2355 angusti
607 2318 757 2348 obnoxii-

58 2369 121 2398 que
144 2360 261 2390 amoris
274 2361 389 2398 hujus,
405 2361 485 2391 latos
509 2362 588 2392 fines
603 2363 756 2393 bonitatis

58 2407 204 2444 gratuitae
220 2407 285 2436 tota
309 2407 459 2436 libertate
488 2409 619 2446 spiritus
642 2417 757 2448 appre-

58 2450 196 2489 hendat,
221 2453 382 2490 quatenus
408 2453 496 2491 largo
521 2454 659 2491 quodam
683 2464 756 2493 gre-

59 2497 122 2526 mio
137 2497 227 2527 honae
252 2497 429 2528 voluntatis
453 2498 494 2528 ad
516 2507 644 2529 omnem
671 2501 755 2540 seip-

59 2550 124 2571 sam
141 2544 232 2573 curet
261 2544 438 2574 extendere
460 2545 662 2584 proximum,
679 2546 755 2577 dili-

59 2588 160 2624 gendo
189 2597 452 2628 unumquemque
481 2590 641 2629 tamquam
669 2592 754 2631 seip-

59 2640 124 2662 sam
142 2642 149 2661 τ
166 2635 322 2674 1111111(1111(1
348 2636 413 2674 jam
431 2635 477 2665 illi
506 2637 591 2666 recte
610 2637 753 2677 dicetur,

801 276 884 313 Quid
909 276 1047 314 amplius
1075 270 1305 315 sacis?quippe
1326 274 1395 316 quae
1411 281 1497 318 seip—

802 329 867 351 sam
895 322 960 351 tam
985 321 1124 359 amplam
1151 320 1240 350 facit.
1263 323 1428 361 Amplum,
1450 325 1498 354 in—

801 374 913 404 quam,
928 366 1010 405 gerit
1024 366 1168 396 caritatis
1182 366 1287 395 sinum
1301 387 1310 403 ,
1325 376 1396 404 quae
1412 377 1497 397 com-

801 412 954 449 plectitur
967 411 1151 449 universos,
1168 411 1266 441 etiam
1281 411 1397 449 quibus
1409 413 1497 441 nulla

801 465 835 486 se
850 457 940 488 novit
954 457 1061 487 carnis
1078 456 1320 487 necessitudine
1333 456 1476 493 junctam
1488 478 1497 493 ‚

801 503 889 532 nulla
914 511 970 541 spe
999 502 1204 541 percipiendi
1219 501 1377 531 commodi
1394 501 1499 538 cujus-

800 556 894 586 quam
910 549 1051 579 illectam
1062 570 1071 586 ,
1085 548 1175 578 nulla
1189 547 1337 586 percepti
1352 547 1500 576 redhibi-

800 593 888 623 tione
904 594 1076 624 obnoxiam
1086 616 1096 632 ,
1112 594 1202 624 nullo
1217 593 1358 631 denique
1369 592 1499 622 omnino

799 638 985 669 adstrictam
1010 639 1140 677 debito,
1166 639 1230 668 nisi
1255 639 1312 669 illo
1338 646 1434 676 53116,
1459 638 1499 667 de

798 692 860 721 quo
876 684 995 714 dicitur
1012 693 1020 714 t
1037 686 1163 715 Nemini
1177 686 1340 723 quicquam
1354 684 1500 720 debeatis,

797 730 857 759 nisi
871 731 905 759 ut
929 731 1055 760 invicem
1079 731 1222 768 diliqatis.
1239 731 1361 760 Verum
1376 729 1402 759 si
1418 729 1503 765 adji-

797 775 863 804 cias
890 775 987 804 etiam
1025 783 1256 814 usquequaque
1289 775 1358 806 vim
1392 775 1501 805 facere

796 828 894 858 regno
923 821 1082 859 caritatis,
1108 822 1146 851 ut
1169 829 1272 859 usque
1300 821 1341 851 ad
1367 821 1500 851 ultimos

797 865 867 901 ejus
878 866 1034 896 terminos
1049 875 1205 905 occupare
1221 866 1303 896 illud
1318 866 1392 904 pius
1407 866 1501 896 inva-

796 919 847 940 sor
861 913 1037 949 praevaleas
1046 933 1055 949 ,
1068 912 1145 942 (111111
1156 920 1197 942 116
1209 912 1353 942 inimicis
1366 912 1499 950 quidem

797 957 976 987 claudenda
1002 957 1128 988 viscera
1154 958 1287 996 pietatis
1311 958 1499 996 existime53

797 1001 982 1031 benefacias
996 1002 1047 1032 his
1062 1011 1189 1040 quoque
1205 1003 1262 1040 qui
1286 1003 1319 1032 te
1343 1003 1499 1041 oderunt,

797 1054 868 1075 ores
884 1047 917 1076 et
940 1055 998 1085 pro
1018 1048 1291 1086 persequentibus
1317 1056 1353 1077 ac
1379 1048 1501 1078 calum-

797 1091 962 1122 niantibus
988 1094 1039 1131 te,
1056 1101 1184 1123 necnon
1214 1094 1248 1124 et
1272 1102 1346 1124 cum
1370 1094 1422 1124 his
1442 1094 1499 1132 qui

797 1137 934 1168 oderunt
949 1147 1080 1176 pacem,
1098 1148 1166 1169 esse
1181 1139 1334 1177 pacificus
1349 1139 1478 1169 studeas
1494 1148 1502 1169 τ

797 1182 873 1213 tunc
890 1192 1019 1221 prorsus
1031 1185 1169 1214 latitudo
1181 1185 1254 1215 coeli
1265 1207 1274 1222 ,
1287 1185 1422 1215 latitudo
1434 1185 1500 1215 tuae

797 1229 930 1267 animaeg
948 1229 981 1258 et
995 1230 1132 1259 altitudo
1146 1238 1211 1260 non
1226 1230 1350 1268 dispar,
1366 1231 1424 1261 sed
1439 1239 1500 1260 nec

797 1274 963 1304 dissimilis
975 1275 1160 1312 pulcritudo
1170 1284 1179 1313 ς
1189 1276 1407 1314 impleturque
1419 1275 1497 1305 tunc

796 1319 927 1349 demum
944 1320 977 1350 in
993 1329 1031 1350 ea
1054 1321 1141 1358 quod
1165 1321 1306 1351 dicitur:
1322 1322 1500 1351 Extendens

795 1365 903 1394 coelum
928 1366 1005 1396 sicut
1029 1366 1155 1404 pellem3
1172 1365 1206 1395 in
1230 1374 1294 1404 quo
1316 1366 1385 1403 jam
1406 1366 1497 1395 miras

796 1408 996 1448 latitudinis,
1017 1410 1216 1448 altitudinis,
1242 1419 1279 1440 ac
1302 1410 1500 1449 pulcritudi-

794 1454 844 1483 nis
866 1455 947 1484 coelo
971 1463 1114 1486 summus
1138 1458 1171 1486 et
1195 1456 1374 1486 immensus
1401 1456 1500 1493 atque

794 1499 967 1537 gloriosus,
984 1508 1048 1529 non
1063 1500 1156 1530 modo
1172 1500 1342 1538 dignanter
1357 1500 1496 1537 habitat,

794 1545 850 1575 sed
864 1546 898 1575 et
914 1546 1052 1583 spatiose
1076 1546 1273 1576 deambulat.

835 1591 884 1620 12.
901 1591 1040 1621 Videsne
1057 1593 1168 1630 quales
1198 1593 1231 1621 in
1257 1599 1291 1622 se
1306 1591 1425 1622 habeat
1439 1593 1499 1621 Ec-

794 1636 890 1666 clesia
904 1637 1001 1666 coelos
1013 1659 1021 1674 ,
1036 1646 1112 1666 cum
1126 1638 1168 1667 sit
1182 1637 1395 1667 nihilominus
1410 1638 1476 1676 ipsa
1487 1660 1498 1674 ,

795 1681 828 1710 111
857 1690 914 1712 5113
953 1682 1084 1721 quidem
1118 1682 1354 1720 universitate,
1383 1683 1498 1720 ingens

793 1727 952 1763 quoddam
979 1727 1096 1756 coelum
1106 1749 1115 1764 ,
1132 1727 1303 1757 extentum
1316 1735 1334 1756 a
1345 1727 1428 1756 mari
1442 1736 1498 1757 us-

793 1779 856 1808 que
882 1771 922 1800 ad
949 1780 1056 1809 mare,
1074 1773 1107 1802 et
1131 1780 1148 1801 a
1170 1772 1304 1801 flumine
1327 1780 1428 1810 usque
1458 1773 1498 1802 ad

795 1816 948 1847 terminos
974 1817 1061 1847 orbis
1086 1817 1267 1847 terrarum?
1291 1817 1372 1847 Vide
1398 1818 1498 1848 ctiam

793 1863 1047 1900 consequenter,
1062 1863 1114 1893 cui
1131 1864 1219 1897 etin
1246 1864 1306 1893 hoc
1326 1864 1396 1902 ipso
1418 1865 1498 1894 assi-

793 1908 886 1937 miles
912 1916 1002 1946 eam,
1019 1909 1044 1939 si
1072 1910 1179 1938 tamen
1204 1917 1268 1938 non
1289 1909 1350 1938 tibi
1374 1910 1498 1940 excidit

793 1953 891 1990 illud,
909 1955 995 1992 quod
1011 1955 1105 1992 paulo
1127 1955 1201 1984 ante
1218 1955 1431 1985 memoratum
1448 1959 1498 1986 est.

794 1999 890 2036 hujus
916 2000 964 2030 rei
991 2001 1178 2038 exemplar,
1195 2001 1235 2029 de
1252 2002 1325 2030 coelo
1341 2001 1498 2032 videlieet

791 2045 876 2080 coeli,
893 2045 926 2075 et
950 2046 1030 2075 coelis
1055 2047 1211 2077 coelorum.
1236 2047 1315 2084 Ergo
1344 2048 1496 2085 exemplo

791 2090 879 2119 illius
908 2100 979 2129 quae
1008 2100 1136 2121 sursum
1161 2092 1210 2122 est
1240 2094 1344 2122 mater
1368 2094 1495 2130 nostra,

792 2136 860 2166 haec
875 2145 1003 2174 quoque
1018 2147 1088 2175 quae
1115 2138 1220 2167 adhuc
1249 2138 1496 2176 peregrinatur,

791 2181 889 2211 habet
905 2183 1001 2213 coelos
1017 2191 1109 2221 suos,
1126 2183 1274 2213 homiues
1289 2182 1494 2222 spirituales,

790 2227 859 2257 vita
871 2227 904 2257 et
919 2228 1071 2266 opinione
1085 2229 1291 2267 conspicuos,
1307 2229 1370 2259 fide
1383 2239 1492 2268 puros,

790 2281 846 2310 spe
875 2273 1001 2313 firmos,
1019 2275 1100 2305 latos
1116 2275 1268 2312 caritate,
1292 2276 1495 2315 contempla-

789 2318 877 2349 tione
890 2328 1070 2358 suspensos.
1084 2321 1122 2350 Et
1134 2321 1168 2350 hi
1183 2321 1332 2359 pluentes
1346 2322 1493 2359 pluviam

790 2366 883 2395 verbi
912 2367 1107 2405 salutarem,
1122 2367 1236 2397 tonant
1260 2367 1494 2406 increpationi-

789 2411 864 2450 11115,
883 2413 1052 2443 coruscant
1076 2413 1253 2443 miraculis.
1270 2414 1312 2442 Hi
1341 2415 1493 2444 enarrant

789 2457 924 2495 gloriam
938 2459 1017 2497 Dei,
1033 2459 1067 2488 hi
1093 2459 1242 2497 extenti,
1264 2459 1348 2489 sicut
1369 2460 1471 2496 pelles
1485 2480 1495 2495 ‚

789 2512 887 2542 super
902 2513 1032 2535 omnem
1060 2506 1199 2543 terram,
1224 2506 1330 2542 legem
1359 2504 1433 2533 vitae
1457 2505 1490 2532 et

789 2549 967 2589 disciplinae
983 2551 1083 2589 digito
1108 2551 1240 2589 quidem
1261 2550 1319 2579 Dei
1337 2549 1488 2586 scriptam

790 2594 1030 2636 inqsemetipsis
1068 2594 1260 2631 ostendunt,
1285 2593 1324 2622 ad
1350 2592 1488 2621 dandam

789 2637 956 2671 scientiam
973 2641 1086 2671 salutis
1102 2641 1188 2678 plebi
1206 2637 1487 2703 611151ι60516111111111
