1830 3073
562 209 618 239 DE
643 207 848 238 DIVERSIS
873 205 1024 235 SERMO
1051 204 1110 233 XI.

125 275 194 301 sum
208 273 215 299 2
229 266 380 308 quoniam
392 264 426 296 et
441 271 530 295 amor
542 263 598 295 ille
609 262 766 294 naturalis
775 261 823 291 est

125 315 215 346 omni
229 313 339 353 carni,
361 311 441 342 adeo
464 310 502 342 ut
521 310 591 349 ipsa
611 316 738 348 quoque
753 307 824 337 ani-

125 361 223 391 malia
242 359 338 390 bruta
358 358 392 388 et
413 356 549 394 diligant
572 355 670 385 foetus
683 361 776 390 suOS,
792 352 825 382 et

125 405 301 444 diligantur
314 403 355 434 ab
375 403 434 433 eis.
452 403 548 431 Amor
558 408 684 440 quoque
699 398 826 430 socialis

124 451 237 481 videre
249 450 328 480 licet
344 457 439 488 quam
461 448 592 486 proprie
607 445 734 476 dicatur
750 453 826 483 gus-

123 497 172 527 tui
182 496 372 533 convenire,
381 494 420 524 oh
432 493 590 531 majorem
599 489 745 530 profecto
756 489 827 519 dul-

124 541 293 578 cedinem,
309 541 342 570 et
362 539 516 578 quoniam
530 537 585 568 hic
607 544 719 567 sensus
740 535 827 565 solus

124 588 191 623 est²
206 594 271 625 quo
284 585 387 623 magis
408 583 482 622 eget
495 583 638 612 humana
660 580 740 611 vita.
762 580 827 610 Nec

124 631 219 661 video
231 639 295 670 qua
306 631 431 661 ratione
445 629 558 660 vivere
583 625 741 657 dicendus
756 625 826 663 est,

124 677 240 707 saltem
255 676 316 706 hac
337 674 499 706 communi
520 672 589 704 vita
600 693 610 710 ‚
623 671 679 710 qui
692 679 758 702 non
773 678 828 701 eos

125 721 250 761 diligit,
267 722 353 752 inter
377 728 456 759 quos
479 718 576 750 vivit.
600 720 699 748 Amor
719 716 828 747 autem

125 767 297 805 generalis,
312 775 375 806 quo
386 764 542 797 videlicet
555 772 667 794 omnes
679 762 828 793 homines

125 812 316 851 diliguntur,
337 806 488 842 odoratus
516 809 616 840 habet
637 808 830 840 similitudi-

126 865 202 887 nem
214 879 224 895 ,
240 858 274 888 in
289 866 328 888 eo
343 857 458 895 utique
475 855 560 895 quod
573 855 627 885 hic
638 863 750 885 sensus
762 854 829 892 J'am

126 903 299 933 remotiora
323 902 503 941 percipiat,
526 900 558 931 et
580 900 669 939 quod
692 907 756 930 non
787 908 829 930 ex

126 949 192 979 toto
215 949 354 979 carnalis
379 946 607 978 delectationis
635 954 775 984 expers,
791 953 830 975 eo

127 995 235 1024 tamen
250 994 434 1025 tenuiorem
449 1002 521 1024 eam
534 992 655 1023 habeat
667 1014 676 1030 ,
691 1000 755 1030 quo
770 991 831 1022 dif-

127 1041 292 1071 fusiorem.
317 1040 455 1071 AudItus
480 1040 590 1070 autem
605 1038 709 1068 multo
729 1038 831 1076 magis

128 1086 305 1116 remotiora
319 1085 427 1123 capit,
440 1093 502 1114 nec
524 1084 611 1114 inter
625 1083 777 1114 homines
791 1083 831 1113 ab

128 1131 260 1160 amante
282 1130 455 1169 quisquam
475 1128 629 1159 remotior
649 1129 719 1166 est,
733 1136 832 1167 quam

128 1184 190 1205 non
200 1183 321 1205 amans.
336 1176 484 1213 Denique
496 1183 568 1204 cum
581 1174 615 1204 in
627 1175 752 1204 caeteris
760 1182 832 1203 sen-

128 1220 215 1249 sibus
230 1221 386 1249 nonnulla
404 1219 510 1249 carnis
533 1219 634 1256 ipsius
657 1218 831 1248 oblectatio

128 1265 191 1302 sit,
207 1265 240 1295 et
265 1265 367 1303 magis
384 1264 425 1294 ad
448 1271 578 1293 carnem
601 1265 765 1302 pertinere
780 1264 831 1294 vi-

128 1312 263 1349 ‹lc-atur,
299 1311 429 1341 auditus
466 1317 553 1348 pene
586 1309 676 1339 totus
708 1309 781 1340 exit
812 1317 830 1339 a

128 1365 222 1386 carne
238 1379 247 1395 ,
273 1357 307 1387 et
328 1356 359 1385 ei
387 1353 557 1385 dilectioni
577 1362 643 1385 non
663 1354 830 1384 immerito

129 1403 306 1432 convenire
331 1401 462 1431 videtur
474 1422 483 1439 ,
511 1400 603 1437 cujus
635 1400 703 1431 tota
735 1407 829 1430 causa

128 1447 315 1477 obedientia
327 1447 393 1476 est:
407 1454 504 1484 quam
516 1446 681 1484 pertinere
691 1445 729 1475 ad
738 1445 830 1475 audi-

128 1495 197 1522 tum
214 1492 290 1522 satis
306 1490 440 1521 evidens
456 1491 505 1521 est
516 1513 525 1530 ,
542 1499 615 1520 cum
627 1491 829 1528 caeterarum,

128 1540 163 1567 ut
191 1538 334 1567 diximus
347 1559 357 1575 ‚
387 1536 599 1567 dilectionum
628 1536 785 1568 nonnulla
812 1532 830 1567 a

129 1591 224 1612 carne
240 1583 386 1613 sumatur
398 1582 536 1612 occasio.

168 1629 197 1658 3.
211 1629 307 1667 Porro
322 1628 412 1659 visus
427 1627 560 1666 quidem
571 1626 606 1656 in
620 1634 658 1657 eo
680 1626 742 1657 sibi
757 1626 831 1657 vin-

129 1674 215 1704 dicat
226 1675 344 1705 amoris
355 1674 458 1704 divini
470 1673 733 1710 similitudinem,
746 1674 830 1712 quod

130 1720 255 1751 caeteris
276 1720 427 1750 omnibus
443 1717 659 1749 excellentior
673 1719 707 1749 et
720 1719 831 1756 singu-

131 1766 206 1796 laris
216 1764 382 1801 cujusdam
390 1763 525 1801 naturae,
532 1763 748 1801 perspicacior
756 1771 831 1801 quo-

130 1817 194 1846 que
232 1808 361 1838 caeteris
398 1808 583 1845 invenitur,
607 1807 641 1837 et
676 1807 831 1837 discernit

133 1853 232 1883 multo
241 1853 426 1883 remotiora.
437 1852 585 1890 Denique
601 1851 750 1882 odoratus
761 1852 833 1890 qui-

131 1898 203 1927 ‹lom
219 1898 253 1927 et
266 1897 397 1927 auditus
411 1896 565 1926 videntur
578 1896 692 1934 utIque
708 1898 831 1927 remota

129 1944 251 1973 sentire
267 1951 276 1972 z
292 1942 349 1973 sed
363 1942 403 1972 ad
414 1951 448 1973 se
461 1942 564 1980 magis
578 1950 676 1980 quem
688 1941 831 1972 sentiant

131 1997 242 2019 aerem
265 1983 444 2018 creduntur
467 1987 644 2018 attrahere.
666 1987 761 2017 Visus
774 1995 831 2017 au-

131 2037 198 2064 tem
211 2043 276 2065 non
291 2034 349 2072 ita,
365 2033 424 2063 sed
438 2033 539 2071 magis
551 2033 621 2071 ipse
637 2032 729 2063 exire
741 2032 832 2063 vide-

129 2082 195 2118 tur,
211 2081 244 2110 et
266 2079 307 2109 ad
327 2079 453 2110 remota
466 2078 656 2117 procedere.
678 2079 732 2109 Sic
746 2079 781 2110 et
797 2079 830 2109 in

130 2125 361 2156 dilectionibus
376 2126 435 2155 est.
462 2125 605 2162 Quodam
624 2124 720 2154 modo
743 2124 831 2155 enim

131 2172 323 2202 attrahimus
346 2170 512 2209 proximos
522 2192 532 2208 ‚
559 2178 638 2208 quos
667 2170 831 2209 tamquam

130 2226 187 2247 nos
201 2218 286 2255 ipsos
307 2216 494 2255 diligimus:
507 2216 700 2247 attrahimus
724 2217 757 2246 et
770 2216 832 2246 ini-

130 2262 242 2300 micos,
254 2270 334 2300 quos
345 2262 386 2292 ad
400 2261 460 2292 hoc
475 2262 640 2300 diligimus
649 2282 658 2299 ‚
669 2261 706 2291 ut
720 2261 785 2292 sint
800 2262 831 2293 et

131 2308 193 2345 ipsi
205 2308 288 2338 sicut
302 2316 370 2344 nos,
387 2307 420 2337 id
433 2308 481 2337 est
495 2307 532 2337 ut
540 2307 606 2337 sint
617 2308 831 2338 amici.Dean

132 2360 209 2381 vero
224 2353 250 2382 si
263 2374 273 2391 ‚
303 2353 340 2382 ut
361 2352 494 2391 dignum
521 2353 587 2390 est,
602 2353 671 2382 tota
695 2352 829 2392 virtute,

132 2397 199 2426 tota
220 2398 346 2435 anima,
362 2399 430 2428 toto
451 2398 546 2428 corde
569 2398 752 2437 diligimus,
768 2399 830 2437 ipsi

133 2443 233 2481 magis
248 2442 282 2472 in
298 2451 372 2472 eum
383 2443 557 2482 pergimus,
570 2443 604 2474 et
619 2444 683 2473 tota
700 2444 832 2475 festina-

132 2489 220 2518 tione
240 2488 273 2517 in
295 2496 392 2526 cum,
415 2489 473 2527 qui
498 2489 710 2520 ineffabiliter
735 2499 832 2529 supra

132 2541 189 2563 uos
201 2534 270 2571 est,
285 2542 510 2572 properamus.

172 2578 203 2608 sa.
227 2579 297 2609 Jam
324 2587 401 2609 vero
417 2579 451 2609 et
475 2579 508 2609 id
527 2579 735 2610 manifestum
761 2581 809 2610 est
821 2604 830 2619 ‚

132 2623 283 2662 quoniam
300 2624 332 2654 in
351 2625 489 2664 corporis
501 2624 648 2655 sensibus
658 2625 744 2656 visus
758 2626 829 2665 qui-

858 260 932 290 dem
969 257 1095 289 caeteris
1124 257 1274 289 omnibus
1288 279 1298 297 ,
1326 258 1455 292 auditus
1482 269 1561 293 vero

857 304 993 344 reliquis
1001 303 1107 334 tribus
1117 302 1243 341 dignior
1251 303 1299 333 est
1307 311 1316 341 3
1326 305 1474 336 odoratus
1480 314 1562 345 quo—

857 359 920 389 que
936 351 970 381 et
978 349 1108 389 gustum
1117 370 1127 386 ‚
1139 349 1173 379 et
1183 347 1318 386 tactum,
1345 351 1406 380 etsi
1418 361 1482 382 non
1493 353 1560 383 uti-

858 396 970 434 litate,
985 394 1147 434 dignitate
1161 393 1273 424 tamen
1292 402 1446 432 superare
1469 397 1562 429 vide-

859 442 928 480 tur;
953 441 987 472 et
1010 440 1125 480 gustus
1145 439 1250 470 tactui
1274 441 1561 477 superexcellere:

858 487 944 526 quod
966 485 1155 516 manifestat
1175 485 1276 516 etiam
1300 484 1469 523 dispositio
1491 486 1562 524 ipsa

858 532 1089 563 membrorum.
1104 530 1218 562 Oculis
1243 530 1408 568 siquidem
1429 529 1464 560 in
1478 539 1565 560 sum-

858 577 973 608 mitate
985 576 1111 614 locatis,
1123 584 1218 607 aures
1226 575 1398 606 inferiores
1410 582 1480 605 esse
1491 576 1567 613 quis

859 622 1004 654 nesciat?
1016 622 1070 653 Sic
1085 622 1119 653 et
1130 621 1266 652 auribus
1278 628 1376 651 nares
1385 641 1394 658 ‚
1411 621 1445 651 et
1455 620 1567 651 fauces

860 668 1010 707 naribus,
1025 667 1105 706 ipsis
1125 674 1254 706 quoque
1279 665 1429 695 faucibus
1449 673 1568 696 manus

860 713 994 753 pariter,
1010 714 1045 744 et
1058 712 1203 751 reliquas
1218 711 1363 750 corporis
1375 711 1505 749 partes,
1525 711 1566 740 ad

860 767 940 798 quas
953 758 1100 798 pertinet
1112 757 1238 796 tactus,
1253 757 1386 787 subesse
1409 755 1568 787 manifes-

861 805 931 835 tum
946 804 1006 834 est.
1018 803 1204 834 Secundum
1221 810 1300 840 ergo
1319 802 1407 832 hunc
1421 801 1568 839 modum,

862 849 944 880 etin
958 848 1110 880 sensibus
1133 848 1253 879 animae
1269 846 1476 878 considerare
1488 847 1570 876 licet

863 896 1000 926 alterum
1025 894 1129 925 altero
1152 893 1359 932 digniorem:
1376 892 1463 931 quod
1490 891 1568 930 quia

863 941 957 972 facile
967 941 1034 979 jam
1044 939 1181 980 potestis
1191 938 1364 970 advertere
1374 959 1384 976 ,
1396 937 1570 968 brevitatis

863 995 958 1018 causa
985 987 1158 1025 praetereo.
1184 984 1272 1016 Illud
1294 992 1426 1024 quoque
1449 983 1568 1013 vestrae

864 1035 1077 1066 nihilominus
1091 1032 1270 1072 diligentiae
1298 1030 1569 1063 considerandum

865 1081 1035 1119 relinquo,
1057 1079 1146 1118 quod
1173 1077 1452 1117 queamdmodum
1480 1076 1570 1105 artus

866 1125 1007 1164 corporis
1023 1125 1140 1156 cadere
1153 1131 1288 1155 necesse
1300 1123 1369 1161 est,
1383 1130 1484 1161 quam
1505 1121 1570 1151 cito

865 1172 999 1203 desierit
1013 1180 1068 1203 eos
1082 1171 1190 1201 anima
1204 1170 1357 1208 vegetare
1372 1178 1381 1199 τ
1394 1169 1442 1199 sic
1455 1169 1489 1199 et
1502 1176 1569 1206 eas,

864 1226 943 1256 quas
970 1217 1131 1255 diximus,
1156 1215 1368 1253 affectiones,
1397 1223 1471 1252 quae
1494 1215 1570 1243 sunt

865 1263 956 1293 velut
982 1263 1130 1302 quaedam
1155 1261 1273 1291 animae
1301 1259 1469 1297 membra,
1498 1259 1569 1289 sine

864 1308 972 1338 anima
999 1307 1103 1347 ipsius
1129 1306 1245 1336 animae
1262 1304 1363 1346 (quae
1383 1305 1472 1335 Deus
1496 1303 1568 1343 est)

864 1354 979 1384 cadere
1006 1353 1138 1384 omnino
1161 1359 1296 1382 necesse
1324 1350 1374 1381 est
1388 1348 1570 1388 :quatenus

864 1399 1019 1430 videlicet
1030 1398 1086 1429 aut
1100 1406 1143 1428 ex
1158 1396 1225 1429 toto
1240 1405 1306 1427 uon
1320 1396 1474 1434 diligatur
1484 1394 1568 1433 quod

864 1443 1066 1483 diligendum
1091 1443 1159 1481 est3
1182 1443 1242 1473 aut
1262 1450 1330 1473 non
1348 1441 1505 1479 diligatur
1531 1439 1572 1469 ad

863 1490 949 1528 quod
963 1490 1080 1528 debet,
1095 1489 1153 1520 aut
1171 1487 1333 1528 quomodo
1355 1486 1465 1518 debet.
1489 1485 1571 1515 Sunt

864 1536 952 1566 enim
978 1535 1036 1575 qui
1060 1534 1214 1574 parentes
1242 1533 1417 1565 carnaliter
1440 1531 1571 1562 tantum

864 1581 1006 1619 diligunt
1021 1589 1030 1610 :
1048 1580 1082 1611 et
1118 1579 1182 1619 ipsi
1208 1586 1339 1618 quoque
1375 1576 1571 1608 confitentur

864 1628 1019 1666 Domino,
1033 1633 1108 1657 cum
1123 1624 1330 1656 benefecerit
1346 1623 1406 1655 eis.
1428 1622 1493 1652 Sed
1509 1623 1570 1652 hu-

865 1673 1003 1710 jusmodi
1025 1671 1158 1703 dilectio
1182 1671 1240 1701 aut
1267 1670 1400 1701 omnino
1425 1668 1571 1699 vocanda

864 1718 995 1748 dilectio
1008 1725 1073 1748 non
1087 1718 1137 1748 est
1154 1739 1163 1755 ‚
1178 1717 1236 1747 aut
1249 1716 1369 1747 caduca
1384 1715 1434 1746 est
1446 1737 1456 1752 ‚
1471 1716 1504 1744 et
1515 1715 1571 1744 dc-

866 1764 976 1794 cideus
987 1763 1022 1794 in
1036 1764 1168 1793 terram.

1076 1865 1246 1899 SERMO
1277 1865 1348 1899 XI.

866 1940 904 1963 De
913 1939 1019 1971 duplici
1026 1938 1173 1970 BapHsmo,
1182 1940 1207 1963 el
1217 1938 1251 1963 de
1259 1937 1447 1969 relinquenda
1455 1940 1568 1969 propria

1140 1976 1296 2000 voluntate.

905 2033 934 2062 l.
951 2033 1077 2071 Scrns,
1091 2032 1223 2063 Fratres
1243 2030 1255 2072 (
1271 2031 1455 2062 firmissime
1479 2031 1567 2062 enim

865 2077 984 2109 tenetis
999 2078 1193 2109 catholicam
1208 2077 1382 2108 veritatem
1399 2076 1511 2117 >quod
1532 2077 1568 2107 in

864 2124 1061 2162 Baptismate
1076 2123 1346 2154 abrenuntiantes
1367 2122 1494 2153 diabolo
1509 2123 1569 2152 Pa-

865 2170 914 2200 ter
928 2169 1070 2201 coelestis
1083 2168 1228 2207 adoptet,
1243 2169 1277 2199 et
1292 2168 1327 2199 in
1341 2176 1476 2207 regnum
1492 2167 1569 2198 Filii

864 2215 1020 2246 claritatis
1047 2224 1114 2245 suae
1138 2215 1179 2245 de
1205 2214 1366 2253 potestate
1395 2213 1569 2244 transferat

863 2260 1082 2291 tenebrarum.
1093 2259 1253 2290 Nimirum
1264 2260 1334 2298 ipsa
1347 2258 1396 2290 est
1409 2259 1491 2289 stola
1503 2258 1569 2297 pri-

864 2314 915 2336 ma
928 2327 938 2343 ,
950 2313 1048 2344 quam
1059 2313 1137 2336 vere
1152 2305 1217 2336 cito
1231 2305 1379 2344 proferre
1401 2304 1568 2335 ministros

864 2350 1018 2390 paternus
1034 2351 1129 2389 J'ubet
1142 2351 1280 2381 affectus
1290 2374 1300 2391 ‚
1313 2358 1378 2381 non
1401 2350 1467 2380 oris
1481 2349 1569 2388 peti-

863 2396 1002 2436 tionem,
1014 2405 1080 2426 non
1094 2396 1296 2427 desiderium
1311 2395 1417 2427 cordis
1431 2402 1569 2433 exspec-

863 2442 934 2472 tans
944 2464 953 2480 ,
968 2442 1025 2472 sed
1044 2442 1079 2473 et
1093 2441 1200 2481 ipsum
1215 2441 1426 2472 intellectum
1440 2447 1567 2478 praeve-

865 2490 960 2521 niens
991 2491 1025 2520 in
1055 2490 1340 2521 benedictionibus
1370 2487 1566 2520 dulcedinis.

863 2536 1029 2575 Quotquot
1070 2536 1157 2567 enim
1196 2536 1351 2575 baptizati
1386 2541 1496 2564 sumus
1530 2532 1565 2561 in

864 2582 988 2612 Christo
1002 2582 1078 2612 Jesu
1091 2605 1101 2621 ,
1129 2581 1290 2612 Christum
1314 2579 1493 2610 induimus.
1517 2579 1564 2609 De

865 2636 926 2666 quo
943 2627 1074 2658 elalius
1089 2627 1209 2657 clamat
1230 2625 1323 2656 testis
1349 2624 1463 2663 etipse
1483 2622 1566 2654 fide-
