1830 3073
317 214 377 243 120

315 277 433 307 semper
449 268 606 302 habebitis.
626 270 696 300 Non
719 270 823 300 solum
844 267 1015 307 approbat,

317 314 373 343 sed
385 314 484 345 etiam
498 317 697 354 remunerat,
713 323 788 346 cum
801 315 901 344 dicit:
918 314 1016 344 Amen

316 361 382 390 (lico
395 360 479 392 vobis
489 382 500 398 ‚
515 361 697 400 ubicumque
724 361 928 399 praedicatum
950 359 1017 395 fue—

315 406 356 435 rit
370 405 426 436 hoc
436 408 638 446 Evanqelium
649 409 680 437 in
694 408 755 436 toto
766 406 893 441 mundo,
902 404 1018 433 dicetur

315 453 344 481 et
358 454 437 490 quod
449 453 512 483 haec
521 453 590 491 fecit
604 455 636 483 in
653 453 836 482 memoriam
850 451 926 488 ejtts.
939 449 1018 478 Ter-

315 498 398 528 tium
414 507 489 537 ergo
517 499 721 537 unguentum
751 495 955 535 componitur
977 495 1017 524 de

314 544 466 582 pretiosis
481 545 697 581 aromatibus,
713 543 799 574 sicut
821 543 861 573 de
884 541 1018 580 quibus-

315 590 389 620 dam
410 592 531 620 sanctis
554 590 749 620 mulieribus
773 588 931 627 scriptum
951 588 1017 625 est,

313 636 398 673 quod
412 638 551 666 emerunt
562 638 709 666 aromata
719 658 729 673 ,
743 638 777 666 ut
791 636 945 665 venientes
958 643 1019 664 un-

314 684 417 718 qerent
430 683 546 712 lesum.
560 681 623 711 Sed
641 682 738 719 hujus
753 681 844 712 tertii
859 683 1018 720 unguenti

312 734 379 755 non
394 726 429 756 fit
449 728 557 765 aliqua
570 727 683 758 effusio
699 728 752 757 vel
767 727 927 766 perditio:
941 727 1019 766 quia

311 773 420 802 noluit
434 774 590 805 Dominus
601 774 682 804 illud
691 783 787 812 super
797 782 912 812 corpus
923 782 1019 803 suum

313 821 476 850 mortuum
490 821 611 851 effundi
622 843 631 858 ,
648 821 704 851 sed
720 821 843 850 servari
857 821 931 851 vivo
949 829 1019 850 cor-

313 867 386 904 pori
404 867 531 905 suo,id
560 868 610 898 est
636 867 788 896 Ecclesiae
814 867 1018 905 sanctae,cui

313 912 469 943 nimirum
482 913 655 949 mulieres,
671 922 742 950 quae
760 921 833 942 cum
845 913 1019 950 unguentis

314 960 496 995 venerant,
531 959 710 988 mittuntur
744 959 1018 988 resurrectionem

315 1005 551 1042 evangelizare.
575 1005 719 1034 Primum
738 1004 849 1042 itaque
870 1012 1018 1042 unguen-

313 1053 383 1080 tum
394 1051 526 1079 vocatur
534 1051 735 1088 unguentum
748 1051 1018 1088 compunctionis,

315 1098 347 1126 et
359 1097 542 1126 absumitur
564 1097 640 1134 igne
658 1097 885 1127 contritionis:
902 1106 1020 1128 secun-

315 1144 392 1174 dum
405 1143 599 1181 devotionis,
613 1146 645 1174 et
659 1144 842 1174 absumitur
855 1144 928 1181 igne
941 1146 1018 1175 cari-

314 1191 412 1220 tatis:
430 1191 564 1220 tertium
580 1191 715 1220 vocatur
730 1191 933 1231 unguentum
949 1192 1020 1229 pie-

315 1237 391 1266 tatis
400 1260 408 1275 ,
417 1236 503 1275 quod
516 1245 580 1267 non
589 1237 779 1275 absumitur,
788 1236 845 1267 sed
855 1237 1018 1277 integrum

317 1284 540 1314 conservatur.

629 1327 702 1334 -—

437 1364 463 1396 S
470 1363 608 1396 ERMO
647 1364 907 1397 LXXXVIII.

452 1431 493 1456 De
507 1433 584 1455 recto
599 1438 653 1456 usu
670 1431 814 1456 donorum
827 1431 885 1456 Dei.

359 1492 387 1520 1.
401 1491 501 1521 SJCUT
517 1491 557 1521 de
574 1491 702 1521 Christo
716 1491 780 1520 duo
799 1490 894 1527 sunt,
916 1498 1020 1520 unum

318 1538 357 1567 de
374 1537 467 1566 nobis
479 1538 683 1576 incognitum
693 1559 702 1575 ,
715 1537 842 1566 scilicet
853 1537 1020 1575 generatio

318 1585 445 1620 divina,
461 1584 500 1613 de
516 1592 578 1622 qua
595 1583 755 1622 scriptum
769 1584 829 1620 est,
840 1584 1021 1613 Gener-atio-

317 1639 387 1659 nem
404 1630 468 1667 ejus
484 1631 551 1668 qitis
566 1629 725 1659 enarrabit
737 1628 1021 1666 2a1terumeogni·

318 1679 401 1714 tum,
417 1678 453 1706 ut
469 1675 638 1714 generatio
652 1675 706 1704 vel
734 1682 833 1712 opera
849 1674 995 1704 humana
1011 1683 1019 1703 t

319 1724 364 1753 ita
381 1723 479 1752 etiam
496 1721 535 1750 de
560 1720 684 1759 Spiritu
712 1721 822 1750 sancto
838 1720 927 1750 aliud
953 1721 1022 1758 ejus

318 1769 435 1798 nostris
451 1770 500 1797 est
515 1768 679 1797 mentibus
695 1768 871 1803 occultum,
885 1767 1021 1806 scilicet,

319 1815 480 1853 quomodo
505 1814 659 1852 procedat
689 1822 708 1842 a
734 1814 830 1842 Patre
863 1814 897 1842 et
926 1813 1020 1850 Filio,

320 1870 393 1891 cuin
419 1862 462 1891 sit
487 1861 621 1898 aequalis
649 1860 682 1889 et
711 1860 892 1889 coaeternus
914 1859 1021 1889 eidem

318 1907 405 1938 Patri
419 1908 452 1937 et
463 1907 544 1937 Filio
559 1916 566 1935 :
583 1906 673 1936 aliud
695 1914 774 1935 vero
795 1906 865 1943 ipso
886 1905 1021 1935 docente

319 1953 546 1991 manifestum,
576 1952 733 1982 videlicet
761 1952 882 1990 quibus
920 1952 1023 1981 modis

320 2002 474 2039 operetur
485 1999 620 2038 gratiam
633 2006 722 2028 suam
739 1998 771 2027 in
782 1998 886 2027 nohis.
895 1998 1023 2035 Duplex

320 2048 442 2086 quippe
470 2047 520 2076 est
549 2044 696 2083 operatio
731 2044 834 2073 sancti
870 2043 1021 2081 Spiritus.

321 2094 480 2132 Operatur
503 2091 639 2122 enimin
662 2091 756 2120 nobis
778 2090 867 2120 aliud
892 2092 1024 2128 propter

322 2148 400 2172 nos:
429 2138 518 2168 aliud
538 2138 671 2176 propter
692 2136 868 2175 proximos.
892 2136 1025 2174 Propter

323 2193 397 2220 nos,
416 2185 448 2213 id
464 2186 513 2214 est
528 2184 660 2221 propter
671 2182 848 2212 utilitatem
864 2183 1004 2210 nostram
1015 2204 1023 2219 ,

323 2230 475 2267 operatur
501 2230 536 2259 in
562 2229 656 2259 nobis
677 2229 782 2266 primo
803 2227 1026 2265 compunctio-

322 2284 416 2312 nem,
442 2275 661 2305 consumendo
684 2275 817 2312 peccata
846 2283 854 2303 ε
885 2274 1025 2303 secundo

324 2320 551 2358 devotionem,
570 2321 720 2359 ungendo
742 2322 775 2350 et
790 2320 932 2350 sanando
954 2321 1026 2349 vul-

324 2366 529 2396 neraztertio
551 2366 690 2395 creando
707 2366 929 2403 intellectum,
948 2367 1028 2395 tain-

325 2420 422 2450 quam
439 2419 522 2450 pane
544 2411 711 2440 confirmat
732 2420 788 2441 nos
815 2412 848 2441 et
871 2411 1000 2440 roborat
1018 2420 1025 2439 :

326 2459 440 2495 quarto
456 2458 526 2487 haee
548 2457 617 2495 ipsa
632 2456 846 2494 multiplicius
862 2457 1008 2494 augendo
1019 2479 1027 2494 ‚

327 2505 361 2534 et
376 2496 518 2533 amo'rern
540 2501 739 2532 infundendo
752 2524 760 2538 ,
776 2502 868 2539 quasi
883 2502 960 2531 vino
979 2502 1029 2531 in-

329 2550 444 2581 ebriat.
456 2549 575 2579 Caetera
587 2547 792 2583 charismata,
801 2547 833 2576 id
846 2547 893 2576 est
904 2547 1030 2584 sapien-

329 2597 382 2626 tiae
395 2595 540 2632 consilia,
552 2594 586 2624 et
596 2592 793 2630 hujusmodi,
806 2592 924 2621 dantur
937 2592 1030 2621 nobis

332 2643 371 2674 ad
392 2642 568 2673 utilitatem
587 2640 735 2671 alioruin.
756 2638 846 2669 Unde
863 2639 1030 2676 Apostolus

764 215 794 243 S.
816 213 1050 242 BERNAstDl
1078 214 1271 241 ABBATIS

1050 274 1123 296 cum
1134 266 1175 297 de
1191 267 1418 298 distributione
1435 268 1590 299 donorum
1604 269 1748 307 loquere*

1050 312 1114 350 tur,
1135 320 1200 342 non
1221 313 1267 343 ait
1286 313 1490 352 simpliciter,
1507 316 1572 345 Alii
1590 316 1681 352 datu]-
1699 324 1748 345 sa-

1050 358 1187 396 pientia,
1200 359 1257 388 alii
1269 359 1421 398 scientia3
1435 360 1491 391 sed
1503 360 1626 390 addidit
1639 360 1750 391 dicens

1049 413 1148 434 sermo
1158 406 1302 442 scz'entz‘oe,
1310 415 1408 436 sermo
1417 408 1572 444 sapientae
1579 417 1589 437 .-
1598 407 1634 436 ut
1645 406 1750 435 osten-

1050 449 1143 479 deret
1170 451 1256 489 quod
1286 451 1473 488 huJ’usmodi
1505 452 1587 482 dona
1618 451 1751 490 propter

1051 495 1130 526 alios
1144 496 1408 534 dantur,scilicet
1420 497 1457 527 ut
1469 498 1524 527 alii
1537 498 1750 528 aedificentur.

1089 541 1171 571 2.1n
1185 543 1303 581 quibus
1327 542 1482 580 operibus
1505 543 1685 573 cavendum
1703 543 1751 573 est

1051 587 1174 626 duplex
1208 589 1393 627 periculum
1408 597 1418 617 t
1432 597 1474 618 ne
1498 590 1554 619 vel
1589 589 1646 618 illa
1679 596 1751 627 quae

1051 633 1168 663 dantur
1181 635 1315 672 propter
1338 643 1415 672 nos,
1431 634 1616 664 dividamus
1639 634 1752 672 proxi-

1051 680 1135 709 mis:
1153 681 1207 710 vel
1235 681 1291 710 illa
1313 689 1385 718 quae
1412 680 1545 718 propter
1565 679 1751 718 proximos,

1051 734 1256 756 reservemus
1283 727 1388 756 nobis.
1422 726 1455 755 Si
1485 725 1575 755 enim
1600 733 1672 764 quae
1693 732 1752 763 pro

1052 772 1194 802 utilitate
1210 772 1347 802 aliorum
1355 772 1540 810 accepimus
1550 793 1558 809 ,
1570 771 1752 801 retinemus

1053 818 1176 847 tantum
1191 818 1295 855 nobis,
1310 818 1480 847 caritatem
1494 825 1559 847 non
1580 817 1752 854 habemus,

1052 863 1084 892 et
1108 863 1229 893 dicitur
1252 864 1365 893 nobis:
1384 863 1542 902 Sapientia
1563 863 1752 898 abscondita,

1051 911 1079 939 et
1091 909 1253 940 thesaurus
1261 911 1391 945 invisus,
1408 918 1474 947 quoe
1489 910 1607 939 utititas
1619 909 1651 938 in
1662 908 1753 938 utris-

1052 955 1128 993 que?
1140 956 1261 985 Rursus
1274 956 1301 985 si
1318 955 1356 985 de
1368 955 1458 985 donis
1473 955 1535 985 Dei
1550 955 1689 985 velimus
1702 953 1753 983 in-

1052 1001 1218 1031 notescere
1231 1001 1429 1038 hominibus,
1442 1009 1507 1030 non
1518 1001 1585 1030 Deo
1601 1000 1634 1030 in
1646 1000 1754 1030 occul-

1053 1046 1093 1076 tis
1110 1046 1214 1076 cordis
1232 1047 1380 1085 placere;
1397 1039 1619 1076 humilitatem
1641 1045 1755 1084 perdi-

1053 1100 1141 1128 mus,
1158 1093 1191 1122 et
1208 1092 1325 1122 merito
1341 1092 1398 1121 illa
1419 1099 1500 1120 voce
1523 1091 1753 1128 increpamur:

1054 1139 1132 1177 Quid
1148 1138 1241 1168 habes
1256 1139 1336 1177 quod
1350 1146 1412 1167 non
1427 1136 1587 1175 accepisti?
1602 1136 1653 1165 Sic
1665 1136 1755 1166 utro-

1052 1192 1115 1221 que
1133 1184 1227 1213 modo
1242 1183 1479 1222 periclitamur,
1495 1182 1571 1211 hinc
1587 1181 1755 1211 humilita-

1055 1231 1137 1267 tem,
1167 1229 1259 1259 illine
1293 1228 1472 1259 amittendo
1499 1227 1680 1257 caritatem.
1716 1227 1756 1256 Et

1053 1276 1126 1313 quis
1140 1275 1211 1305 sine
1227 1275 1414 1304 humilitate
1441 1274 1475 1303 et
1493 1273 1627 1302 caritate
1648 1272 1756 1310 potest

1054 1322 1161 1351 salvus
1177 1320 1267 1351 fieri?
1283 1322 1401 1350 Rectus
1420 1328 1494 1357 ergo
1509 1319 1672 1358 profectus
1684 1326 1755 1348 nos-

1056 1366 1095 1395 tri
1111 1366 1187 1395 ordo
1201 1367 1268 1404 est,
1280 1367 1317 1396 ut.
1328 1366 1394 1395 illis
1409 1365 1501 1395 donis
1511 1387 1520 1402 ,
1532 1364 1657 1394 scilicet
1667 1372 1757 1394 com-

1055 1412 1230 1449 punctione
1258 1412 1291 1441 et
1313 1411 1456 1448 caeteris,
1482 1410 1669 1441 studeamus
1696 1410 1756 1439 im-

1055 1459 1137 1496 pleri
1158 1458 1324 1496 primum:
1343 1457 1462 1488 deinde
1487 1456 1515 1486 si
1537 1464 1597 1495 per
1620 1455 1754 1494 gratiam

1055 1504 1192 1542 Spiritus
1206 1504 1309 1534 sancti
1332 1505 1447 1534 caetera
1474 1502 1755 1541 supercreverint,

1056 1549 1088 1579 id
1104 1550 1152 1580 est
1177 1550 1340 1587 sapientia
1367 1551 1400 1579 et
1425 1548 1580 1585 scientia,
1604 1555 1756 1577 curemus

1057 1595 1111 1624 illa
1129 1595 1288 1633 proximis
1312 1595 1440 1633 partiri.
1456 1595 1503 1624 Ita
1529 1602 1609 1624 sane
1630 1592 1756 1622 obtine-

1056 1642 1163 1671 bimus
1193 1641 1275 1671 illud
1305 1641 1444 1679 Spiritus
1475 1639 1580 1670 sancti
1615 1639 1755 1675 donum,

1055 1687 1140 1726 quod
1153 1689 1286 1717 vocatur
1301 1686 1453 1717 discretio
1467 1686 1645 1723 spirituum
1655 1706 1664 1722 ,
1678 1684 1705 1713 si
1722 1687 1756 1713 et

1057 1742 1093 1763 ea
1110 1742 1182 1771 quae
1199 1732 1292 1762 nobis
1306 1732 1433 1762 tantum
1449 1730 1648 1768 congruunt,
1662 1729 1757 1759 nohis

1057 1787 1278 1816 reservemus3
1297 1779 1330 1808 et
1345 1786 1383 1807 ea
1393 1786 1463 1815 quae
1479 1776 1519 1805 ad
1538 1776 1675 1805 aliorum
1690 1775 1758 1804 uti·

1057 1826 1181 1855 litatem
1198 1823 1420 1861 conteruntur,
1433 1822 1527 1852 nobis
1539 1821 1713 1860 largiamur
1725 1822 1758 1850 ct

1057 1870 1225 1910 proximis.

1201 1959 1371 1992 SERMO
1400 1958 1612 1990 LXXXIX.

1070 2038 1109 2061 De
1121 2036 1214 2061 osculo
1226 2043 1241 2059 a
1251 2042 1345 2066 sponsa
1359 2035 1511 2058 desiderato
1522 2052 1529 2064 ,
1542 2034 1571 2058 id
1584 2036 1622 2057 est
1640 2033 1747 2064 Spiritu

1356 2073 1460 2095 sancto.

1107 2135 1136 2164 1.
1165 2134 1324 2165 Oscw'etitr
1344 2142 1393 2163 ‘me
1418 2134 1518 2163 osculo
1546 2133 1609 2162 oris
1634 2132 1694 2162 sui.
1719 2131 1761 2159 Os

1059 2181 1162 2210 Patris
1186 2179 1384 2217 intelligitur
1404 2179 1518 2208 Filius.
1541 2179 1638 2208 Nemo
1658 2179 1760 2207 autem

1061 2229 1141 2256 novit
1163 2228 1279 2257 Filium
1302 2227 1363 2256 nisi
1383 2227 1500 2261 Pater,
1517 2227 1545 2254 et
1565 2233 1655 2253 nemo
1679 2225 1761 2253 novit

1062 2275 1188 2303 Patrem
1203 2274 1264 2302 nis-i
1278 2273 1393 2307 Filius,
1406 2273 1434 2300 et
1450 2272 1502 2299 cai
1514 2270 1648 2299 noluerit
1666 2268 1762 2298 Filius

1062 2320 1206 2348 revelare.
1225 2318 1265 2347 At
1280 2324 1357 2346 vero
1371 2315 1565 2353 cuicumque
1581 2314 1618 2343 fit
1634 2313 1695 2343 ista
1710 2321 1762 2342 re-

1063 2365 1200 2400 velatio,
1226 2363 1294 2392 sive
1311 2362 1430 2399 Patris,
1446 2362 1516 2391 sive
1532 2360 1624 2396 Filii,
1648 2367 1712 2388 non
1727 2358 1763 2387 tit

1064 2410 1124 2439 nisi
1151 2417 1209 2447 per
1237 2407 1393 2445 Spiritum
1421 2407 1579 2436 sanctum.
1603 2405 1686 2434 Hinc
1714 2404 1763 2433 est

1062 2455 1147 2494 quod
1169 2463 1243 2485 cum
1267 2454 1380 2483 Petrus
1395 2453 1531 2482 dixisset
1546 2451 1701 2489 Domino,
1716 2451 1764 2480 Τιι

1063 2513 1092 2533 es
1105 2503 1243 2533 Christus
1254 2501 1350 2531 Filius
1361 2501 1419 2530 Dei
1430 2500 1505 2529 vivi:
1516 2498 1570 2527 ille
1586 2496 1764 2534 respondit,

1067 2550 1177 2577 Beatus
1201 2556 1232 2577 cs
1253 2548 1360 2577 Simon
1384 2545 1525 2581 Bai-fona
1537 2553 1547 2573 .·
1562 2542 1647 2580 quod
1662 2541 1763 2571 inter-

1065 2593 1230 2630 pretatur,
1246 2592 1331 2621 tilius
1352 2590 1509 2620 columbae
1525 2597 1533 2616 :
1550 2589 1624 2626 quia
1644 2596 1717 2616 curo
1735 2588 1768 2616 ek

1064 2640 1188 2677 sanquis
1202 2646 1261 2668 non
1279 2637 1418 2667 [vectavit
1433 2634 1503 2671 tibi,
1514 2634 1565 2664 sed
1575 2634 1670 2665 Pater
1682 2638 1767 2663 ineu&
