<?xml version="1.0" encoding="UTF-8"?>
<!DOCTYPE html PUBLIC "-//W3C//DTD XHTML 1.0 Transitional//EN"
    "http://www.w3.org/TR/xhtml1/DTD/xhtml1-transitional.dtd">
<html xmlns="http://www.w3.org/1999/xhtml" xml:lang="en" lang="en">
 <head>
  <title>
</title>
<meta http-equiv="Content-Type" content="text/html;charset=utf-8" />
  <meta name='ocr-system' content='tesseract 3.04.00' />
  <meta name='ocr-capabilities' content='ocr_page ocr_carea ocr_par ocr_line ocrx_word'/>
</head>
<body>
  <div class='ocr_page' id='page_1' title='image "./operagenuinajuxt03bernuoft/operagenuinajuxt03bernuoft_0057.png"; bbox 0 0 1830 3073; ppageno 0'>
   <div class='ocr_carea' id='block_1_1' title="bbox 472 198 1098 236">
    <p class='ocr_par' dir='ltr' id='par_1_1' title="bbox 472 198 1098 236">
     <span class='ocr_line' id='line_1_1' title="bbox 472 198 1098 236; baseline -0.006 -1"><span class='ocrx_word' id='word_1_1' title='bbox 472 205 528 236; x_wconf 86' lang='lat' dir='ltr'>DE</span> <span class='ocrx_word' id='word_1_2' title='bbox 550 199 763 234; x_wconf 86' lang='lat' dir='ltr'>DIVERSIS</span> <span class='ocrx_word' id='word_1_3' title='bbox 789 198 940 229; x_wconf 87' lang='lat' dir='ltr'>SERMO</span> <span class='ocrx_word' id='word_1_4' title='bbox 963 202 1098 231; x_wconf 81' lang='lat' dir='ltr'><strong>XXIII.</strong></span> 
     </span>
    </p>
   </div>
   <div class='ocr_carea' id='block_1_2' title="bbox 69 255 787 936">
    <p class='ocr_par' dir='ltr' id='par_1_2' title="bbox 71 255 776 703">
     <span class='ocr_line' id='line_1_2' title="bbox 78 255 776 296; baseline -0.013 -1"><span class='ocrx_word' id='word_1_5' title='bbox 78 265 228 296; x_wconf 81' lang='lat' dir='ltr'>minusve</span> <span class='ocrx_word' id='word_1_6' title='bbox 254 261 391 294; x_wconf 88' lang='lat' dir='ltr'>discrete</span> <span class='ocrx_word' id='word_1_7' title='bbox 416 261 538 291; x_wconf 81' lang='lat' dir='ltr'>factum</span> <span class='ocrx_word' id='word_1_8' title='bbox 562 259 694 290; x_wconf 81' lang='lat' dir='ltr'>videtur</span> <span class='ocrx_word' id='word_1_9' title='bbox 721 255 776 286; x_wconf 83' lang='lat' dir='ltr'>aut</span> 
     </span>
     <span class='ocr_line' id='line_1_3' title="bbox 75 302 775 346; baseline -0.014 -6"><span class='ocrx_word' id='word_1_10' title='bbox 75 309 200 340; x_wconf 82' lang='lat' dir='ltr'>dictum</span> <span class='ocrx_word' id='word_1_11' title='bbox 216 308 265 340; x_wconf 82' lang='lat' dir='ltr'>:si</span> <span class='ocrx_word' id='word_1_12' title='bbox 296 314 359 346; x_wconf 87' lang='lat' dir='ltr'>qua</span> <span class='ocrx_word' id='word_1_13' title='bbox 374 306 514 344; x_wconf 88' lang='lat' dir='ltr'>denique</span> <span class='ocrx_word' id='word_1_14' title='bbox 539 305 596 336; x_wconf 88' lang='lat' dir='ltr'>aut</span> <span class='ocrx_word' id='word_1_15' title='bbox 614 305 649 334; x_wconf 92' lang='lat' dir='ltr'>in</span> <span class='ocrx_word' id='word_1_16' title='bbox 672 302 775 341; x_wconf 87' lang='lat' dir='ltr'>signo,</span> 
     </span>
     <span class='ocr_line' id='line_1_4' title="bbox 77 349 775 392; baseline -0.011 -7"><span class='ocrx_word' id='word_1_17' title='bbox 77 354 181 386; x_wconf 76' lang='lat' dir='ltr'>autin</span> <span class='ocrx_word' id='word_1_18' title='bbox 196 361 293 392; x_wconf 89' lang='lat' dir='ltr'>opere</span> <span class='ocrx_word' id='word_1_19' title='bbox 313 352 460 391; x_wconf 90' lang='lat' dir='ltr'>quolibet</span> <span class='ocrx_word' id='word_1_20' title='bbox 481 351 555 382; x_wconf 86' lang='lat' dir='ltr'>data</span> <span class='ocrx_word' id='word_1_21' title='bbox 574 349 707 382; x_wconf 86' lang='lat' dir='ltr'>videtur</span> <span class='ocrx_word' id='word_1_22' title='bbox 721 349 775 378; x_wconf 91' lang='lat' dir='ltr'>in-</span> 
     </span>
     <span class='ocr_line' id='line_1_5' title="bbox 74 394 775 438; baseline -0.009 -8"><span class='ocrx_word' id='word_1_23' title='bbox 74 399 270 438; x_wconf 79' lang='lat' dir='ltr'>dignationis</span> <span class='ocrx_word' id='word_1_24' title='bbox 288 398 413 429; x_wconf 81' lang='lat' dir='ltr'>occasio</span> <span class='ocrx_word' id='word_1_25' title='bbox 424 419 434 436; x_wconf 92' lang='lat'>,</span> <span class='ocrx_word' id='word_1_26' title='bbox 458 396 599 427; x_wconf 88' lang='lat' dir='ltr'>materia</span> <span class='ocrx_word' id='word_1_27' title='bbox 616 394 775 434; x_wconf 86' lang='lat' dir='ltr'>suspicio-</span> 
     </span>
     <span class='ocr_line' id='line_1_6' title="bbox 71 440 771 483; baseline -0.009 -7"><span class='ocrx_word' id='word_1_28' title='bbox 71 448 138 477; x_wconf 86' lang='lat' dir='ltr'>nis.</span> <span class='ocrx_word' id='word_1_29' title='bbox 161 445 246 476; x_wconf 83' lang='lat' dir='ltr'><strong>Huic</strong></span> <span class='ocrx_word' id='word_1_30' title='bbox 262 452 338 483; x_wconf 84' lang='lat' dir='ltr'>ergo</span> <span class='ocrx_word' id='word_1_31' title='bbox 364 442 552 482; x_wconf 77' lang='lat' dir='ltr'>cogitationi</span> <span class='ocrx_word' id='word_1_32' title='bbox 582 450 644 472; x_wconf 90' lang='lat' dir='ltr'>non</span> <span class='ocrx_word' id='word_1_33' title='bbox 663 440 771 479; x_wconf 89' lang='lat' dir='ltr'>aliter,</span> 
     </span>
     <span class='ocr_line' id='line_1_7' title="bbox 72 486 771 530; baseline -0.009 -9"><span class='ocrx_word' id='word_1_34' title='bbox 72 499 171 530; x_wconf 88' lang='lat' dir='ltr'>quam</span> <span class='ocrx_word' id='word_1_35' title='bbox 204 490 267 529; x_wconf 86' lang='lat' dir='ltr'>ipsi</span> <span class='ocrx_word' id='word_1_36' title='bbox 300 489 431 530; x_wconf 88' lang='lat' dir='ltr'>diabolo</span> <span class='ocrx_word' id='word_1_37' title='bbox 464 486 682 519; x_wconf 85' lang='lat' dir='ltr'>resistendum</span> <span class='ocrx_word' id='word_1_38' title='bbox 697 486 746 516; x_wconf 86' lang='lat' dir='ltr'>est</span> <span class='ocrx_word' id='word_1_39' title='bbox 763 494 771 515; x_wconf 90' lang='lat'>:</span> 
     </span>
     <span class='ocr_line' id='line_1_8' title="bbox 72 531 774 574; baseline -0.009 -7"><span class='ocrx_word' id='word_1_40' title='bbox 72 545 134 567; x_wconf 88' lang='lat' dir='ltr'>nec</span> <span class='ocrx_word' id='word_1_41' title='bbox 150 536 245 566; x_wconf 69' lang='lat' dir='ltr'>aliter</span> <span class='ocrx_word' id='word_1_42' title='bbox 258 535 298 566; x_wconf 89' lang='lat' dir='ltr'>ab</span> <span class='ocrx_word' id='word_1_43' title='bbox 319 543 378 574; x_wconf 85' lang='lat' dir='ltr'>ea,</span> <span class='ocrx_word' id='word_1_44' title='bbox 398 542 496 573; x_wconf 91' lang='lat' dir='ltr'>quam</span> <span class='ocrx_word' id='word_1_45' title='bbox 517 533 556 564; x_wconf 90' lang='lat' dir='ltr'>ab</span> <span class='ocrx_word' id='word_1_46' title='bbox 580 533 649 571; x_wconf 88' lang='lat' dir='ltr'>ipsa</span> <span class='ocrx_word' id='word_1_47' title='bbox 662 531 774 570; x_wconf 91' lang='lat' dir='ltr'>perdi-</span> 
     </span>
     <span class='ocr_line' id='line_1_9' title="bbox 73 577 771 617; baseline -0.009 -5"><span class='ocrx_word' id='word_1_48' title='bbox 73 582 162 612; x_wconf 90' lang='lat' dir='ltr'>tione</span> <span class='ocrx_word' id='word_1_49' title='bbox 187 581 379 612; x_wconf 85' lang='lat' dir='ltr'>cavendum.</span> <span class='ocrx_word' id='word_1_50' title='bbox 405 579 568 617; x_wconf 78' lang='lat' dir='ltr'>Scriptum</span> <span class='ocrx_word' id='word_1_51' title='bbox 583 578 633 608; x_wconf 87' lang='lat' dir='ltr'>est</span> <span class='ocrx_word' id='word_1_52' title='bbox 659 577 771 607; x_wconf 90' lang='lat' dir='ltr'>enim:</span> 
     </span>
     <span class='ocr_line' id='line_1_10' title="bbox 72 623 773 666; baseline -0.006 -8"><span class='ocrx_word' id='word_1_53' title='bbox 72 628 110 658; x_wconf 86' lang='lat' dir='ltr'>In</span> <span class='ocrx_word' id='word_1_54' title='bbox 136 627 287 666; x_wconf 76' lang='lat' dir='ltr'>patientia</span> <span class='ocrx_word' id='word_1_55' title='bbox 314 627 416 657; x_wconf 79' lang='lat' dir='ltr'>vestra</span> <span class='ocrx_word' id='word_1_56' title='bbox 439 623 628 663; x_wconf 74' lang='lat' dir='ltr'>possidebitis</span> <span class='ocrx_word' id='word_1_57' title='bbox 650 623 773 654; x_wconf 82' lang='lat' dir='ltr'>animas</span> 
     </span>
     <span class='ocr_line' id='line_1_11' title="bbox 71 674 202 703; baseline -0.008 -1"><span class='ocrx_word' id='word_1_58' title='bbox 71 674 202 703; x_wconf 85' lang='lat' dir='ltr'>vestras.</span> 
     </span>
    </p>

    <p class='ocr_par' dir='ltr' id='par_1_3' title="bbox 69 712 787 936">
     <span class='ocr_line' id='line_1_12' title="bbox 111 712 771 753; baseline -0.006 -6"><span class='ocrx_word' id='word_1_59' title='bbox 111 716 142 747; x_wconf 69' lang='grc'>[4.</span> <span class='ocrx_word' id='word_1_60' title='bbox 156 717 207 748; x_wconf 86' lang='lat' dir='ltr'>Fit</span> <span class='ocrx_word' id='word_1_61' title='bbox 220 717 330 748; x_wconf 87' lang='lat' dir='ltr'>tamen</span> <span class='ocrx_word' id='word_1_62' title='bbox 355 713 547 753; x_wconf 84' lang='lat' dir='ltr'>aliquando,</span> <span class='ocrx_word' id='word_1_63' title='bbox 571 713 610 743; x_wconf 91' lang='lat' dir='ltr'>ut</span> <span class='ocrx_word' id='word_1_64' title='bbox 637 712 771 752; x_wconf 83' lang='lat' dir='ltr'>spiritus</span> 
     </span>
     <span class='ocr_line' id='line_1_13' title="bbox 71 758 771 800; baseline -0.006 -7"><span class='ocrx_word' id='word_1_65' title='bbox 71 763 179 793; x_wconf 84' lang='lat' dir='ltr'>noster</span> <span class='ocrx_word' id='word_1_66' title='bbox 198 770 216 792; x_wconf 87' lang='lat' dir='ltr'>a</span> <span class='ocrx_word' id='word_1_67' title='bbox 235 761 381 800; x_wconf 86' lang='lat' dir='ltr'>quolibet</span> <span class='ocrx_word' id='word_1_68' title='bbox 401 759 517 790; x_wconf 89' lang='lat' dir='ltr'>horum</span> <span class='ocrx_word' id='word_1_69' title='bbox 536 758 637 790; x_wconf 84' lang='lat' dir='ltr'>trium</span> <span class='ocrx_word' id='word_1_70' title='bbox 659 759 771 789; x_wconf 90' lang='lat' dir='ltr'>crebro</span> 
     </span>
     <span class='ocr_line' id='line_1_14' title="bbox 70 804 787 846; baseline -0.007 -8"><span class='ocrx_word' id='word_1_71' title='bbox 70 808 258 846; x_wconf 82' lang='lat' dir='ltr'>superatus,</span> <span class='ocrx_word' id='word_1_72' title='bbox 285 807 319 836; x_wconf 89' lang='lat' dir='ltr'>et</span> <span class='ocrx_word' id='word_1_73' title='bbox 342 814 454 836; x_wconf 88' lang='lat' dir='ltr'>servus</span> <span class='ocrx_word' id='word_1_74' title='bbox 482 805 533 835; x_wconf 91' lang='lat' dir='ltr'>illi</span> <span class='ocrx_word' id='word_1_75' title='bbox 548 804 714 842; x_wconf 86' lang='lat' dir='ltr'>addictus,</span> <span class='ocrx_word' id='word_1_76' title='bbox 736 805 787 844; x_wconf 29' lang='lat' dir='ltr'>in}</span> 
     </span>
     <span class='ocr_line' id='line_1_15' title="bbox 69 848 770 891; baseline -0.003 -8"><span class='ocrx_word' id='word_1_77' title='bbox 69 861 162 883; x_wconf 86' lang='lat' dir='ltr'>suam</span> <span class='ocrx_word' id='word_1_78' title='bbox 188 853 289 891; x_wconf 87' lang='lat' dir='ltr'>ipsius</span> <span class='ocrx_word' id='word_1_79' title='bbox 316 850 498 890; x_wconf 89' lang='lat' dir='ltr'>perniciem</span> <span class='ocrx_word' id='word_1_80' title='bbox 515 848 526 890; x_wconf 89' lang='lat'>(</span> <span class='ocrx_word' id='word_1_81' title='bbox 541 850 626 881; x_wconf 77' lang='lat' dir='ltr'>heut</span> <span class='ocrx_word' id='word_1_82' title='bbox 645 849 656 889; x_wconf 94' lang='lat'>)</span> <span class='ocrx_word' id='word_1_83' title='bbox 679 850 770 881; x_wconf 83' lang='lat' dir='ltr'>vices</span> 
     </span>
     <span class='ocr_line' id='line_1_16' title="bbox 69 895 787 936; baseline -0.003 -8"><span class='ocrx_word' id='word_1_84' title='bbox 69 898 160 928; x_wconf 90' lang='lat' dir='ltr'>illius</span> <span class='ocrx_word' id='word_1_85' title='bbox 183 898 276 936; x_wconf 87' lang='lat' dir='ltr'>agat,</span> <span class='ocrx_word' id='word_1_86' title='bbox 301 898 339 927; x_wconf 84' lang='lat' dir='ltr'>ut</span> <span class='ocrx_word' id='word_1_87' title='bbox 351 897 417 934; x_wconf 80' lang='lat' dir='ltr'>jam</span> <span class='ocrx_word' id='word_1_88' title='bbox 432 896 502 927; x_wconf 87' lang='lat' dir='ltr'>sine</span> <span class='ocrx_word' id='word_1_89' title='bbox 517 895 607 926; x_wconf 90' lang='lat' dir='ltr'>omni</span> <span class='ocrx_word' id='word_1_90' title='bbox 636 895 787 926; x_wconf 57' lang='lat' dir='ltr'>alteriuss</span> 
     </span>
    </p>
   </div>
   <div class='ocr_carea' id='block_1_3' title="bbox 786 461 791 1018">
    <p class='ocr_par' dir='ltr' id='par_1_4' title="bbox 786 461 791 1018">
     <span class='ocr_line' id='line_1_17' title="bbox 786 461 791 1018; baseline 0 0"><span class='ocrx_word' id='word_1_91' title='bbox 786 461 791 1018; x_wconf 95' lang='lat' dir='ltr'> </span> 
     </span>
    </p>
   </div>
   <div class='ocr_carea' id='block_1_4' title="bbox 64 942 772 2661">
    <p class='ocr_par' dir='ltr' id='par_1_5' title="bbox 64 942 772 1657">
     <span class='ocr_line' id='line_1_18' title="bbox 69 942 769 983; baseline -0.004 -9"><span class='ocrx_word' id='word_1_92' title='bbox 69 943 202 983; x_wconf 88' lang='lat' dir='ltr'>spiritus</span> <span class='ocrx_word' id='word_1_93' title='bbox 221 943 426 981; x_wconf 82' lang='lat' dir='ltr'>suggestione</span> <span class='ocrx_word' id='word_1_94' title='bbox 450 942 520 980; x_wconf 87' lang='lat' dir='ltr'>ipsa</span> <span class='ocrx_word' id='word_1_95' title='bbox 541 950 585 971; x_wconf 81' lang='lat' dir='ltr'>ex</span> <span class='ocrx_word' id='word_1_96' title='bbox 606 949 642 971; x_wconf 90' lang='lat' dir='ltr'>se</span> <span class='ocrx_word' id='word_1_97' title='bbox 662 943 769 971; x_wconf 86' lang='lat' dir='ltr'>anima</span> 
     </span>
     <span class='ocr_line' id='line_1_19' title="bbox 70 988 769 1028; baseline -0.003 -8"><span class='ocrx_word' id='word_1_98' title='bbox 70 991 126 1024; x_wconf 79' lang='lat' dir='ltr'>aut</span> <span class='ocrx_word' id='word_1_99' title='bbox 140 989 360 1028; x_wconf 88' lang='lat' dir='ltr'>voluptuosas,</span> <span class='ocrx_word' id='word_1_100' title='bbox 376 988 433 1018; x_wconf 91' lang='lat' dir='ltr'>aut</span> <span class='ocrx_word' id='word_1_101' title='bbox 443 995 561 1025; x_wconf 83' lang='lat' dir='ltr'>vanas,</span> <span class='ocrx_word' id='word_1_102' title='bbox 577 988 633 1017; x_wconf 83' lang='lat' dir='ltr'>aut</span> <span class='ocrx_word' id='word_1_103' title='bbox 646 995 769 1018; x_wconf 86' lang='lat' dir='ltr'>amaras</span> 
     </span>
     <span class='ocr_line' id='line_1_20' title="bbox 68 1033 769 1074; baseline -0.004 -8"><span class='ocrx_word' id='word_1_104' title='bbox 68 1036 175 1074; x_wconf 83' lang='lat' dir='ltr'>pariat</span> <span class='ocrx_word' id='word_1_105' title='bbox 188 1034 415 1073; x_wconf 77' lang='lat' dir='ltr'>cogitationes.-</span> <span class='ocrx_word' id='word_1_106' title='bbox 427 1034 499 1063; x_wconf 87' lang='lat' dir='ltr'>Jam</span> <span class='ocrx_word' id='word_1_107' title='bbox 512 1041 588 1063; x_wconf 90' lang='lat' dir='ltr'>vero</span> <span class='ocrx_word' id='word_1_108' title='bbox 599 1041 664 1063; x_wconf 90' lang='lat' dir='ltr'>non</span> <span class='ocrx_word' id='word_1_109' title='bbox 674 1033 769 1063; x_wconf 86' lang='lat' dir='ltr'>facile</span> 
     </span>
     <span class='ocr_line' id='line_1_21' title="bbox 69 1078 771 1118; baseline -0.003 -8"><span class='ocrx_word' id='word_1_110' title='bbox 69 1081 206 1110; x_wconf 78' lang='lat' dir='ltr'>arbitror</span> <span class='ocrx_word' id='word_1_111' title='bbox 224 1088 318 1118; x_wconf 87' lang='lat' dir='ltr'>posse</span> <span class='ocrx_word' id='word_1_112' title='bbox 339 1079 502 1116; x_wconf 89' lang='lat' dir='ltr'>discerni,</span> <span class='ocrx_word' id='word_1_113' title='bbox 516 1078 643 1116; x_wconf 90' lang='lat' dir='ltr'>quando</span> <span class='ocrx_word' id='word_1_114' title='bbox 660 1080 771 1108; x_wconf 86' lang='lat' dir='ltr'>noster</span> 
     </span>
     <span class='ocr_line' id='line_1_22' title="bbox 69 1123 772 1163; baseline -0.003 -8"><span class='ocrx_word' id='word_1_115' title='bbox 69 1125 140 1163; x_wconf 87' lang='lat' dir='ltr'>ipse</span> <span class='ocrx_word' id='word_1_116' title='bbox 166 1125 315 1163; x_wconf 87' lang='lat' dir='ltr'>loquatur</span> <span class='ocrx_word' id='word_1_117' title='bbox 342 1123 494 1162; x_wconf 87' lang='lat' dir='ltr'>spiritus,</span> <span class='ocrx_word' id='word_1_118' title='bbox 526 1123 696 1161; x_wconf 82' lang='lat' dir='ltr'>quandove</span> <span class='ocrx_word' id='word_1_119' title='bbox 724 1124 772 1153; x_wconf 85' lang='lat' dir='ltr'>lo·</span> 
     </span>
     <span class='ocr_line' id='line_1_23' title="bbox 69 1168 769 1208; baseline -0.003 -8"><span class='ocrx_word' id='word_1_120' title='bbox 69 1170 226 1208; x_wconf 82' lang='lat' dir='ltr'>quentem</span> <span class='ocrx_word' id='word_1_121' title='bbox 252 1170 391 1198; x_wconf 87' lang='lat' dir='ltr'>alterum</span> <span class='ocrx_word' id='word_1_122' title='bbox 412 1168 524 1198; x_wconf 90' lang='lat' dir='ltr'>audiat</span> <span class='ocrx_word' id='word_1_123' title='bbox 545 1169 727 1206; x_wconf 86' lang='lat' dir='ltr'>quemlihet</span> <span class='ocrx_word' id='word_1_124' title='bbox 751 1177 769 1198; x_wconf 94' lang='lat' dir='ltr'>e</span> 
     </span>
     <span class='ocr_line' id='line_1_24' title="bbox 69 1213 769 1251; baseline -0.004 -6"><span class='ocrx_word' id='word_1_125' title='bbox 69 1215 172 1245; x_wconf 86' lang='lat' dir='ltr'>tribus</span> <span class='ocrx_word' id='word_1_126' title='bbox 193 1215 270 1243; x_wconf 88' lang='lat' dir='ltr'>illis.</span> <span class='ocrx_word' id='word_1_127' title='bbox 287 1214 350 1243; x_wconf 87' lang='lat' dir='ltr'>Sed</span> <span class='ocrx_word' id='word_1_128' title='bbox 365 1213 444 1251; x_wconf 90' lang='lat' dir='ltr'>quid</span> <span class='ocrx_word' id='word_1_129' title='bbox 452 1213 556 1242; x_wconf 80' lang='lat' dir='ltr'>refert</span> <span class='ocrx_word' id='word_1_130' title='bbox 571 1213 769 1250; x_wconf 88' lang='lat' dir='ltr'>quicumque</span> 
     </span>
     <span class='ocr_line' id='line_1_25' title="bbox 68 1256 769 1296; baseline -0.004 -8"><span class='ocrx_word' id='word_1_131' title='bbox 68 1259 231 1296; x_wconf 86' lang='lat' dir='ltr'>loquatur,</span> <span class='ocrx_word' id='word_1_132' title='bbox 254 1257 332 1287; x_wconf 89' lang='lat' dir='ltr'>dum</span> <span class='ocrx_word' id='word_1_133' title='bbox 347 1264 448 1286; x_wconf 91' lang='lat' dir='ltr'>unum</span> <span class='ocrx_word' id='word_1_134' title='bbox 469 1257 503 1286; x_wconf 86' lang='lat' dir='ltr'>et</span> <span class='ocrx_word' id='word_1_135' title='bbox 517 1256 606 1286; x_wconf 92' lang='lat' dir='ltr'>idem</span> <span class='ocrx_word' id='word_1_136' title='bbox 621 1256 663 1286; x_wconf 86' lang='lat' dir='ltr'>sit</span> <span class='ocrx_word' id='word_1_137' title='bbox 683 1256 769 1294; x_wconf 90' lang='lat' dir='ltr'>quod</span> 
     </span>
     <span class='ocr_line' id='line_1_26' title="bbox 66 1301 767 1344; baseline -0.006 -8"><span class='ocrx_word' id='word_1_138' title='bbox 66 1302 256 1344; x_wconf 75' lang='lat' dir='ltr'>loquuntur?</span> <span class='ocrx_word' id='word_1_139' title='bbox 271 1302 356 1341; x_wconf 86' lang='lat' dir='ltr'>Quid</span> <span class='ocrx_word' id='word_1_140' title='bbox 372 1302 475 1332; x_wconf 79' lang='lat' dir='ltr'>refert</span> <span class='ocrx_word' id='word_1_141' title='bbox 497 1301 661 1341; x_wconf 85' lang='lat' dir='ltr'>loquentis</span> <span class='ocrx_word' id='word_1_142' title='bbox 674 1310 767 1332; x_wconf 81' lang='lat' dir='ltr'>nosse</span> 
     </span>
     <span class='ocr_line' id='line_1_27' title="bbox 67 1348 767 1392; baseline -0.007 -10"><span class='ocrx_word' id='word_1_143' title='bbox 67 1358 258 1392; x_wconf 81' lang='lat' dir='ltr'>personam,</span> <span class='ocrx_word' id='word_1_144' title='bbox 285 1349 363 1379; x_wconf 92' lang='lat' dir='ltr'>dum</span> <span class='ocrx_word' id='word_1_145' title='bbox 391 1349 517 1378; x_wconf 89' lang='lat' dir='ltr'>constat</span> <span class='ocrx_word' id='word_1_146' title='bbox 548 1348 767 1386; x_wconf 83' lang='lat' dir='ltr'>perniciosum</span> 
     </span>
     <span class='ocr_line' id='line_1_28' title="bbox 69 1393 768 1436; baseline -0.009 -7"><span class='ocrx_word' id='word_1_147' title='bbox 69 1406 138 1429; x_wconf 85' lang='lat' dir='ltr'>esse</span> <span class='ocrx_word' id='word_1_148' title='bbox 153 1396 238 1436; x_wconf 87' lang='lat' dir='ltr'>quod</span> <span class='ocrx_word' id='word_1_149' title='bbox 253 1394 410 1434; x_wconf 73' lang='lat' dir='ltr'>loquitur?</span> <span class='ocrx_word' id='word_1_150' title='bbox 425 1394 458 1424; x_wconf 88' lang='lat' dir='ltr'>Si</span> <span class='ocrx_word' id='word_1_151' title='bbox 474 1393 628 1424; x_wconf 85' lang='lat' dir='ltr'>inimicus</span> <span class='ocrx_word' id='word_1_152' title='bbox 642 1397 703 1432; x_wconf 80' lang='lat' dir='ltr'>est,</span> <span class='ocrx_word' id='word_1_153' title='bbox 715 1403 768 1423; x_wconf 84' lang='lat' dir='ltr'>re-</span> 
     </span>
     <span class='ocr_line' id='line_1_29' title="bbox 66 1439 767 1479; baseline -0.007 -5"><span class='ocrx_word' id='word_1_154' title='bbox 66 1444 144 1474; x_wconf 79' lang='lat' dir='ltr'>siste</span> <span class='ocrx_word' id='word_1_155' title='bbox 161 1442 303 1473; x_wconf 85' lang='lat' dir='ltr'>viriliter</span> <span class='ocrx_word' id='word_1_156' title='bbox 316 1440 448 1470; x_wconf 89' lang='lat' dir='ltr'>inimico</span> <span class='ocrx_word' id='word_1_157' title='bbox 462 1449 471 1469; x_wconf 91' lang='lat'><strong>:</strong></span> <span class='ocrx_word' id='word_1_158' title='bbox 487 1440 514 1470; x_wconf 87' lang='lat' dir='ltr'>si</span> <span class='ocrx_word' id='word_1_159' title='bbox 530 1440 605 1470; x_wconf 86' lang='lat' dir='ltr'>tuus</span> <span class='ocrx_word' id='word_1_160' title='bbox 619 1439 690 1478; x_wconf 89' lang='lat' dir='ltr'>ipse</span> <span class='ocrx_word' id='word_1_161' title='bbox 701 1442 767 1479; x_wconf 89' lang='lat' dir='ltr'>spi-</span> 
     </span>
     <span class='ocr_line' id='line_1_30' title="bbox 65 1486 768 1526; baseline -0.004 -6"><span class='ocrx_word' id='word_1_162' title='bbox 65 1490 147 1520; x_wconf 85' lang='lat' dir='ltr'>ritus</span> <span class='ocrx_word' id='word_1_163' title='bbox 162 1491 228 1526; x_wconf 81' lang='lat' dir='ltr'>est,</span> <span class='ocrx_word' id='word_1_164' title='bbox 255 1494 353 1525; x_wconf 83' lang='lat' dir='ltr'>argue</span> <span class='ocrx_word' id='word_1_165' title='bbox 379 1494 473 1524; x_wconf 88' lang='lat' dir='ltr'>eum,</span> <span class='ocrx_word' id='word_1_166' title='bbox 490 1487 523 1516; x_wconf 87' lang='lat' dir='ltr'>et</span> <span class='ocrx_word' id='word_1_167' title='bbox 536 1486 768 1517; x_wconf 87' lang='lat' dir='ltr'>miserabiliter</span> 
     </span>
     <span class='ocr_line' id='line_1_31' title="bbox 65 1532 768 1574; baseline -0.001 -10"><span class='ocrx_word' id='word_1_168' title='bbox 65 1535 198 1574; x_wconf 85' lang='lat' dir='ltr'>plange,</span> <span class='ocrx_word' id='word_1_169' title='bbox 222 1533 308 1572; x_wconf 90' lang='lat' dir='ltr'>quod</span> <span class='ocrx_word' id='word_1_170' title='bbox 340 1532 376 1562; x_wconf 90' lang='lat' dir='ltr'>in</span> <span class='ocrx_word' id='word_1_171' title='bbox 403 1532 526 1562; x_wconf 88' lang='lat' dir='ltr'>tantam</span> <span class='ocrx_word' id='word_1_172' title='bbox 549 1532 715 1562; x_wconf 88' lang='lat' dir='ltr'>miseriam</span> <span class='ocrx_word' id='word_1_173' title='bbox 735 1534 768 1564; x_wconf 91' lang='lat' dir='ltr'>et</span> 
     </span>
     <span class='ocr_line' id='line_1_32' title="bbox 66 1578 766 1611; baseline -0.003 0"><span class='ocrx_word' id='word_1_174' title='bbox 66 1583 134 1611; x_wconf 84' lang='lat' dir='ltr'>tam</span> <span class='ocrx_word' id='word_1_175' title='bbox 166 1578 388 1609; x_wconf 80' lang='lat' dir='ltr'>miserabilem</span> <span class='ocrx_word' id='word_1_176' title='bbox 419 1578 592 1608; x_wconf 87' lang='lat' dir='ltr'>devenerit</span> <span class='ocrx_word' id='word_1_177' title='bbox 622 1579 766 1610; x_wconf 87' lang='lat' dir='ltr'>servitu-</span> 
     </span>
     <span class='ocr_line' id='line_1_33' title="bbox 64 1628 144 1657; baseline -0.013 0"><span class='ocrx_word' id='word_1_178' title='bbox 64 1628 144 1657; x_wconf 85' lang='lat' dir='ltr'>tem.</span> 
     </span>
    </p>

    <p class='ocr_par' dir='ltr' id='par_1_6' title="bbox 64 1670 766 2384">
     <span class='ocr_line' id='line_1_34' title="bbox 107 1670 765 1708; baseline 0 -8"><span class='ocrx_word' id='word_1_179' title='bbox 107 1673 136 1701; x_wconf 84' lang='grc'>5.</span> <span class='ocrx_word' id='word_1_180' title='bbox 171 1670 305 1708; x_wconf 84' lang='lat' dir='ltr'>Quoties</span> <span class='ocrx_word' id='word_1_181' title='bbox 339 1678 418 1700; x_wconf 78' lang='lat' dir='ltr'>vero</span> <span class='ocrx_word' id='word_1_182' title='bbox 452 1677 550 1708; x_wconf 88' lang='lat' dir='ltr'>super</span> <span class='ocrx_word' id='word_1_183' title='bbox 579 1670 765 1708; x_wconf 85' lang='lat' dir='ltr'>castigando</span> 
     </span>
     <span class='ocr_line' id='line_1_35' title="bbox 66 1715 764 1755; baseline -0.004 -8"><span class='ocrx_word' id='word_1_184' title='bbox 66 1725 217 1755; x_wconf 87' lang='lat' dir='ltr'>corpore,</span> <span class='ocrx_word' id='word_1_185' title='bbox 247 1715 449 1746; x_wconf 88' lang='lat' dir='ltr'>humiliando</span> <span class='ocrx_word' id='word_1_186' title='bbox 470 1715 585 1752; x_wconf 90' lang='lat' dir='ltr'>corde,</span> <span class='ocrx_word' id='word_1_187' title='bbox 610 1716 764 1745; x_wconf 75' lang='lat' dir='ltr'>servanda</span> 
     </span>
     <span class='ocr_line' id='line_1_36' title="bbox 64 1760 766 1800; baseline -0.004 -7"><span class='ocrx_word' id='word_1_188' title='bbox 64 1762 209 1800; x_wconf 85' lang='lat' dir='ltr'>unitate,</span> <span class='ocrx_word' id='word_1_189' title='bbox 226 1762 259 1791; x_wconf 87' lang='lat' dir='ltr'>et</span> <span class='ocrx_word' id='word_1_190' title='bbox 271 1761 404 1790; x_wconf 86' lang='lat' dir='ltr'>caritate</span> <span class='ocrx_word' id='word_1_191' title='bbox 431 1760 584 1790; x_wconf 84' lang='lat' dir='ltr'>fratribus</span> <span class='ocrx_word' id='word_1_192' title='bbox 605 1760 766 1790; x_wconf 82' lang='lat' dir='ltr'>exhiben-</span> 
     </span>
     <span class='ocr_line' id='line_1_37' title="bbox 67 1805 765 1845; baseline -0.004 -8"><span class='ocrx_word' id='word_1_193' title='bbox 67 1808 107 1837; x_wconf 87' lang='lat' dir='ltr'>da</span> <span class='ocrx_word' id='word_1_194' title='bbox 119 1830 128 1845; x_wconf 94' lang='lat'>‚</span> <span class='ocrx_word' id='word_1_195' title='bbox 144 1816 202 1837; x_wconf 89' lang='lat' dir='ltr'>seu</span> <span class='ocrx_word' id='word_1_196' title='bbox 215 1805 340 1836; x_wconf 80' lang='lat' dir='ltr'>caeteris</span> <span class='ocrx_word' id='word_1_197' title='bbox 354 1805 533 1835; x_wconf 81' lang='lat' dir='ltr'>virtutibus</span> <span class='ocrx_word' id='word_1_198' title='bbox 548 1805 765 1843; x_wconf 77' lang='lat' dir='ltr'>acquirendis,</span> 
     </span>
     <span class='ocr_line' id='line_1_38' title="bbox 67 1850 766 1888; baseline -0.001 -6"><span class='ocrx_word' id='word_1_199' title='bbox 67 1851 294 1882; x_wconf 82' lang='lat' dir='ltr'>conservandis</span> <span class='ocrx_word' id='word_1_200' title='bbox 307 1872 316 1888; x_wconf 98' lang='lat'>,</span> <span class='ocrx_word' id='word_1_201' title='bbox 345 1850 598 1888; x_wconf 84' lang='lat' dir='ltr'>amplificandis,</span> <span class='ocrx_word' id='word_1_202' title='bbox 628 1851 766 1881; x_wconf 77' lang='lat' dir='ltr'>salubriS</span> 
     </span>
     <span class='ocr_line' id='line_1_39' title="bbox 67 1895 765 1934; baseline 0 -8"><span class='ocrx_word' id='word_1_203' title='bbox 67 1897 217 1934; x_wconf 77' lang='lat' dir='ltr'>cogitatio</span> <span class='ocrx_word' id='word_1_204' title='bbox 247 1895 282 1924; x_wconf 93' lang='lat' dir='ltr'>in</span> <span class='ocrx_word' id='word_1_205' title='bbox 311 1896 422 1925; x_wconf 88' lang='lat' dir='ltr'>mente</span> <span class='ocrx_word' id='word_1_206' title='bbox 449 1895 612 1932; x_wconf 71' lang='lat' dir='ltr'>versatur,</span> <span class='ocrx_word' id='word_1_207' title='bbox 637 1895 765 1926; x_wconf 76' lang='lat' dir='ltr'>divinus</span> 
     </span>
     <span class='ocr_line' id='line_1_40' title="bbox 66 1940 763 1979; baseline -0.003 -7"><span class='ocrx_word' id='word_1_208' title='bbox 66 1942 135 1972; x_wconf 75' lang='lat' dir='ltr'>sine</span> <span class='ocrx_word' id='word_1_209' title='bbox 151 1941 248 1972; x_wconf 87' lang='lat' dir='ltr'>dubio</span> <span class='ocrx_word' id='word_1_210' title='bbox 263 1940 402 1978; x_wconf 86' lang='lat' dir='ltr'>Spiritus</span> <span class='ocrx_word' id='word_1_211' title='bbox 414 1941 462 1970; x_wconf 87' lang='lat' dir='ltr'>est</span> <span class='ocrx_word' id='word_1_212' title='bbox 476 1940 531 1978; x_wconf 88' lang='lat' dir='ltr'>qui</span> <span class='ocrx_word' id='word_1_213' title='bbox 545 1940 699 1979; x_wconf 88' lang='lat' dir='ltr'>loquitur,</span> <span class='ocrx_word' id='word_1_214' title='bbox 710 1943 763 1971; x_wconf 89' lang='lat' dir='ltr'>aut</span> 
     </span>
     <span class='ocr_line' id='line_1_41' title="bbox 65 1987 763 2025; baseline 0 -8"><span class='ocrx_word' id='word_1_215' title='bbox 65 1995 124 2025; x_wconf 88' lang='lat' dir='ltr'>per</span> <span class='ocrx_word' id='word_1_216' title='bbox 150 1987 292 2025; x_wconf 90' lang='lat' dir='ltr'>seipsum</span> <span class='ocrx_word' id='word_1_217' title='bbox 317 1994 393 2016; x_wconf 86' lang='lat' dir='ltr'>sane</span> <span class='ocrx_word' id='word_1_218' title='bbox 405 2008 414 2023; x_wconf 91' lang='lat'>,</span> <span class='ocrx_word' id='word_1_219' title='bbox 441 1987 496 2015; x_wconf 89' lang='lat' dir='ltr'>aut</span> <span class='ocrx_word' id='word_1_220' title='bbox 522 1994 581 2023; x_wconf 87' lang='lat' dir='ltr'>per</span> <span class='ocrx_word' id='word_1_221' title='bbox 608 1987 763 2024; x_wconf 82' lang='lat' dir='ltr'>Angelum</span> 
     </span>
     <span class='ocr_line' id='line_1_42' title="bbox 65 2031 763 2070; baseline 0 -8"><span class='ocrx_word' id='word_1_222' title='bbox 65 2040 172 2063; x_wconf 90' lang='lat' dir='ltr'>suum.</span> <span class='ocrx_word' id='word_1_223' title='bbox 198 2033 236 2062; x_wconf 87' lang='lat' dir='ltr'>Et</span> <span class='ocrx_word' id='word_1_224' title='bbox 259 2031 531 2070; x_wconf 84' lang='lat' dir='ltr'>quemadmodum</span> <span class='ocrx_word' id='word_1_225' title='bbox 554 2031 594 2060; x_wconf 93' lang='lat' dir='ltr'>de</span> <span class='ocrx_word' id='word_1_226' title='bbox 622 2032 763 2062; x_wconf 83' lang='lat' dir='ltr'>humano</span> 
     </span>
     <span class='ocr_line' id='line_1_43' title="bbox 65 2077 762 2116; baseline 0.001 -8"><span class='ocrx_word' id='word_1_227' title='bbox 65 2078 162 2116; x_wconf 84' lang='lat' dir='ltr'>atque</span> <span class='ocrx_word' id='word_1_228' title='bbox 182 2077 322 2115; x_wconf 85' lang='lat' dir='ltr'>maligno</span> <span class='ocrx_word' id='word_1_229' title='bbox 351 2077 469 2115; x_wconf 89' lang='lat' dir='ltr'>spiritu</span> <span class='ocrx_word' id='word_1_230' title='bbox 494 2077 617 2106; x_wconf 89' lang='lat' dir='ltr'>dictum</span> <span class='ocrx_word' id='word_1_231' title='bbox 633 2077 701 2115; x_wconf 82' lang='lat' dir='ltr'>est,</span> <span class='ocrx_word' id='word_1_232' title='bbox 717 2079 762 2109; x_wconf 90' lang='lat' dir='ltr'>sic</span> 
     </span>
     <span class='ocr_line' id='line_1_44' title="bbox 66 2122 763 2161; baseline 0.003 -9"><span class='ocrx_word' id='word_1_233' title='bbox 66 2123 105 2152; x_wconf 88' lang='lat' dir='ltr'>de</span> <span class='ocrx_word' id='word_1_234' title='bbox 122 2122 278 2161; x_wconf 85' lang='lat' dir='ltr'>angelico,</span> <span class='ocrx_word' id='word_1_235' title='bbox 291 2122 374 2152; x_wconf 77' lang='lat' dir='ltr'>etde</span> <span class='ocrx_word' id='word_1_236' title='bbox 387 2122 498 2152; x_wconf 85' lang='lat' dir='ltr'>divino</span> <span class='ocrx_word' id='word_1_237' title='bbox 514 2132 522 2150; x_wconf 74' lang='grc' dir='ltr'><strong><em>ι</em></strong></span> <span class='ocrx_word' id='word_1_238' title='bbox 538 2130 598 2152; x_wconf 91' lang='lat' dir='ltr'>nec</span> <span class='ocrx_word' id='word_1_239' title='bbox 610 2122 704 2153; x_wconf 86' lang='lat' dir='ltr'>facile</span> <span class='ocrx_word' id='word_1_240' title='bbox 717 2125 763 2154; x_wconf 85' lang='lat' dir='ltr'>est</span> 
     </span>
     <span class='ocr_line' id='line_1_45' title="bbox 64 2166 761 2206; baseline 0.004 -10"><span class='ocrx_word' id='word_1_241' title='bbox 64 2167 137 2206; x_wconf 88' lang='lat' dir='ltr'>quis</span> <span class='ocrx_word' id='word_1_242' title='bbox 150 2168 298 2205; x_wconf 86' lang='lat' dir='ltr'>loquatur</span> <span class='ocrx_word' id='word_1_243' title='bbox 312 2166 514 2205; x_wconf 82' lang='lat' dir='ltr'>discernere,</span> <span class='ocrx_word' id='word_1_244' title='bbox 530 2176 591 2198; x_wconf 86' lang='lat' dir='ltr'>nec</span> <span class='ocrx_word' id='word_1_245' title='bbox 614 2168 761 2206; x_wconf 88' lang='lat' dir='ltr'>ignorare</span> 
     </span>
     <span class='ocr_line' id='line_1_46' title="bbox 64 2213 762 2250; baseline 0.003 -8"><span class='ocrx_word' id='word_1_246' title='bbox 64 2213 281 2250; x_wconf 80' lang='lat' dir='ltr'>periculosum</span> <span class='ocrx_word' id='word_1_247' title='bbox 298 2220 306 2241; x_wconf 77' lang='lat' dir='ltr'><strong><em>z</em></strong></span> <span class='ocrx_word' id='word_1_248' title='bbox 323 2213 502 2250; x_wconf 80' lang='lat' dir='ltr'>praesertim</span> <span class='ocrx_word' id='word_1_249' title='bbox 533 2221 607 2242; x_wconf 85' lang='lat' dir='ltr'>curn</span> <span class='ocrx_word' id='word_1_250' title='bbox 638 2214 762 2244; x_wconf 86' lang='lat' dir='ltr'>certum</span> 
     </span>
     <span class='ocr_line' id='line_1_47' title="bbox 65 2257 763 2298; baseline 0.006 -12"><span class='ocrx_word' id='word_1_251' title='bbox 65 2257 119 2295; x_wconf 83' lang='lat' dir='ltr'>sit,</span> <span class='ocrx_word' id='word_1_252' title='bbox 135 2259 288 2296; x_wconf 79' lang='lat' dir='ltr'>Angelum</span> <span class='ocrx_word' id='word_1_253' title='bbox 300 2258 420 2287; x_wconf 88' lang='lat' dir='ltr'>bonum</span> <span class='ocrx_word' id='word_1_254' title='bbox 432 2267 606 2297; x_wconf 83' lang='lat' dir='ltr'>numquam</span> <span class='ocrx_word' id='word_1_255' title='bbox 617 2260 707 2298; x_wconf 89' lang='lat' dir='ltr'>loqui</span> <span class='ocrx_word' id='word_1_256' title='bbox 721 2269 763 2290; x_wconf 82' lang='lat' dir='ltr'>ex</span> 
     </span>
     <span class='ocr_line' id='line_1_48' title="bbox 67 2303 764 2347; baseline 0.006 -16"><span class='ocrx_word' id='word_1_257' title='bbox 67 2303 238 2340; x_wconf 85' lang='lat' dir='ltr'>semetipso</span> <span class='ocrx_word' id='word_1_258' title='bbox 248 2324 257 2341; x_wconf 85' lang='lat'>,</span> <span class='ocrx_word' id='word_1_259' title='bbox 271 2303 327 2333; x_wconf 86' lang='lat' dir='ltr'>sed</span> <span class='ocrx_word' id='word_1_260' title='bbox 350 2304 454 2333; x_wconf 88' lang='lat' dir='ltr'>Deum</span> <span class='ocrx_word' id='word_1_261' title='bbox 467 2312 535 2334; x_wconf 86' lang='lat' dir='ltr'>esse</span> <span class='ocrx_word' id='word_1_262' title='bbox 551 2304 606 2347; x_wconf 74' lang='lat' dir='ltr'>qui</span> <span class='ocrx_word' id='word_1_263' title='bbox 620 2305 764 2344; x_wconf 91' lang='lat' dir='ltr'>loquitur</span> 
     </span>
     <span class='ocr_line' id='line_1_49' title="bbox 67 2346 196 2384; baseline 0.008 -9"><span class='ocrx_word' id='word_1_264' title='bbox 67 2347 101 2375; x_wconf 89' lang='lat' dir='ltr'>in</span> <span class='ocrx_word' id='word_1_265' title='bbox 116 2346 196 2384; x_wconf 81' lang='lat' dir='ltr'>ipso.</span> 
     </span>
    </p>

    <p class='ocr_par' dir='ltr' id='par_1_7' title="bbox 65 2391 765 2661">
     <span class='ocr_line' id='line_1_50' title="bbox 108 2391 764 2433; baseline 0.009 -13"><span class='ocrx_word' id='word_1_266' title='bbox 108 2391 138 2420; x_wconf 79' lang='lat'>(5.</span> <span class='ocrx_word' id='word_1_267' title='bbox 154 2391 332 2422; x_wconf 81' lang='lat' dir='ltr'>Studiosius</span> <span class='ocrx_word' id='word_1_268' title='bbox 351 2393 452 2431; x_wconf 85' lang='lat' dir='ltr'>igitur</span> <span class='ocrx_word' id='word_1_269' title='bbox 480 2394 633 2433; x_wconf 84' lang='lat' dir='ltr'>deinceps</span> <span class='ocrx_word' id='word_1_270' title='bbox 658 2398 764 2427; x_wconf 89' lang='lat' dir='ltr'>consi-</span> 
     </span>
     <span class='ocr_line' id='line_1_51' title="bbox 67 2436 765 2479; baseline 0.007 -13"><span class='ocrx_word' id='word_1_271' title='bbox 67 2436 229 2474; x_wconf 80' lang='lat' dir='ltr'>dcremus,</span> <span class='ocrx_word' id='word_1_272' title='bbox 246 2445 385 2475; x_wconf 86' lang='lat' dir='ltr'>quonam</span> <span class='ocrx_word' id='word_1_273' title='bbox 395 2439 488 2469; x_wconf 91' lang='lat' dir='ltr'>modo</span> <span class='ocrx_word' id='word_1_274' title='bbox 503 2441 716 2479; x_wconf 87' lang='lat' dir='ltr'>malignorum</span> <span class='ocrx_word' id='word_1_275' title='bbox 727 2442 765 2471; x_wconf 84' lang='lat' dir='ltr'>il—</span> 
     </span>
     <span class='ocr_line' id='line_1_52' title="bbox 66 2483 763 2527; baseline 0.009 -16"><span class='ocrx_word' id='word_1_276' title='bbox 66 2483 171 2512; x_wconf 86' lang='lat' dir='ltr'>lorum</span> <span class='ocrx_word' id='word_1_277' title='bbox 200 2483 373 2520; x_wconf 83' lang='lat' dir='ltr'>spirituum</span> <span class='ocrx_word' id='word_1_278' title='bbox 391 2486 612 2523; x_wconf 80' lang='lat' dir='ltr'>suggestiones</span> <span class='ocrx_word' id='word_1_279' title='bbox 632 2487 763 2527; x_wconf 85' lang='lat' dir='ltr'>audire,</span> 
     </span>
     <span class='ocr_line' id='line_1_53' title="bbox 65 2527 765 2568; baseline 0.007 -11"><span class='ocrx_word' id='word_1_280' title='bbox 65 2527 165 2558; x_wconf 89' lang='lat' dir='ltr'>immo</span> <span class='ocrx_word' id='word_1_281' title='bbox 180 2529 301 2566; x_wconf 87' lang='lat' dir='ltr'>quanta</span> <span class='ocrx_word' id='word_1_282' title='bbox 316 2529 537 2567; x_wconf 77' lang='lat' dir='ltr'>indignatione</span> <span class='ocrx_word' id='word_1_283' title='bbox 553 2531 694 2568; x_wconf 78' lang='lat' dir='ltr'>abjicere</span> <span class='ocrx_word' id='word_1_284' title='bbox 706 2532 765 2563; x_wconf 83' lang='lat' dir='ltr'>de-</span> 
     </span>
     <span class='ocr_line' id='line_1_54' title="bbox 65 2572 765 2613; baseline 0.004 -10"><span class='ocrx_word' id='word_1_285' title='bbox 65 2572 210 2613; x_wconf 81' lang='lat' dir='ltr'>beamus,</span> <span class='ocrx_word' id='word_1_286' title='bbox 219 2575 401 2604; x_wconf 86' lang='lat' dir='ltr'>avertentes</span> <span class='ocrx_word' id='word_1_287' title='bbox 408 2583 501 2605; x_wconf 87' lang='lat' dir='ltr'>aures</span> <span class='ocrx_word' id='word_1_288' title='bbox 514 2576 637 2606; x_wconf 87' lang='lat' dir='ltr'>nostras</span> <span class='ocrx_word' id='word_1_289' title='bbox 651 2585 692 2606; x_wconf 90' lang='lat' dir='ltr'>ne</span> <span class='ocrx_word' id='word_1_290' title='bbox 706 2585 765 2606; x_wconf 71' lang='lat' dir='ltr'>au-</span> 
     </span>
     <span class='ocr_line' id='line_1_55' title="bbox 66 2617 763 2661; baseline 0.009 -14"><span class='ocrx_word' id='word_1_291' title='bbox 66 2617 188 2649; x_wconf 73' lang='lat' dir='ltr'>diamus</span> <span class='ocrx_word' id='word_1_292' title='bbox 203 2620 392 2658; x_wconf 81' lang='lat' dir='ltr'>sanguinem</span> <span class='ocrx_word' id='word_1_293' title='bbox 400 2642 410 2659; x_wconf 86' lang='lat'>,</span> <span class='ocrx_word' id='word_1_294' title='bbox 427 2621 659 2660; x_wconf 82' lang='lat' dir='ltr'>etsapientiam</span> <span class='ocrx_word' id='word_1_295' title='bbox 667 2631 763 2661; x_wconf 84' lang='lat' dir='ltr'>quarn</span> 
     </span>
    </p>
   </div>
   <div class='ocr_carea' id='block_1_5' title="bbox 797 207 1508 2654">
    <p class='ocr_par' dir='ltr' id='par_1_8' title="bbox 797 207 1508 1753">
     <span class='ocr_line' id='line_1_56' title="bbox 1467 207 1506 238; baseline 0 0"><span class='ocrx_word' id='word_1_296' title='bbox 1467 207 1506 238; x_wconf 63' lang='lat'>[⁴7</span> 
     </span>
     <span class='ocr_line' id='line_1_57' title="bbox 808 255 1508 301; baseline 0.011 -16"><span class='ocrx_word' id='word_1_297' title='bbox 808 255 933 285; x_wconf 86' lang='lat' dir='ltr'>revelat</span> <span class='ocrx_word' id='word_1_298' title='bbox 945 264 1017 286; x_wconf 88' lang='lat' dir='ltr'>caro</span> <span class='ocrx_word' id='word_1_299' title='bbox 1026 256 1057 285; x_wconf 85' lang='lat' dir='ltr'>et</span> <span class='ocrx_word' id='word_1_300' title='bbox 1067 256 1194 294; x_wconf 84' lang='lat' dir='ltr'>sanguis</span> <span class='ocrx_word' id='word_1_301' title='bbox 1203 266 1210 285; x_wconf 86' lang='lat'>:</span> <span class='ocrx_word' id='word_1_302' title='bbox 1220 261 1369 295; x_wconf 86' lang='lat' dir='ltr'>parvulos</span> <span class='ocrx_word' id='word_1_303' title='bbox 1380 271 1508 301; x_wconf 84' lang='lat' dir='ltr'>quoqne</span> 
     </span>
     <span class='ocr_line' id='line_1_58' title="bbox 807 300 1505 346; baseline 0.01 -16"><span class='ocrx_word' id='word_1_304' title='bbox 807 300 1158 340; x_wconf 79' lang='lat' dir='ltr'>Babylonis,cogitatus</span> <span class='ocrx_word' id='word_1_305' title='bbox 1173 302 1300 333; x_wconf 84' lang='lat' dir='ltr'>scilicet</span> <span class='ocrx_word' id='word_1_306' title='bbox 1317 307 1505 346; x_wconf 77' lang='lat' dir='ltr'>mundanos,</span> 
     </span>
     <span class='ocr_line' id='line_1_59' title="bbox 806 346 1506 386; baseline 0.011 -11"><span class='ocrx_word' id='word_1_307' title='bbox 806 346 846 375; x_wconf 90' lang='lat' dir='ltr'>ab</span> <span class='ocrx_word' id='word_1_308' title='bbox 860 346 930 384; x_wconf 88' lang='lat' dir='ltr'>ipso</span> <span class='ocrx_word' id='word_1_309' title='bbox 942 346 1039 377; x_wconf 90' lang='lat' dir='ltr'>initio</span> <span class='ocrx_word' id='word_1_310' title='bbox 1054 347 1220 386; x_wconf 77' lang='lat' dir='ltr'>tenentes,</span> <span class='ocrx_word' id='word_1_311' title='bbox 1236 349 1269 378; x_wconf 93' lang='lat' dir='ltr'>et</span> <span class='ocrx_word' id='word_1_312' title='bbox 1283 349 1452 382; x_wconf 86' lang='lat' dir='ltr'>allidentes</span> <span class='ocrx_word' id='word_1_313' title='bbox 1466 354 1506 383; x_wconf 82' lang='lat' dir='ltr'>ad</span> 
     </span>
     <span class='ocr_line' id='line_1_60' title="bbox 805 391 1504 432; baseline 0.007 -11"><span class='ocrx_word' id='word_1_314' title='bbox 805 391 930 429; x_wconf 87' lang='lat' dir='ltr'>petram</span> <span class='ocrx_word' id='word_1_315' title='bbox 947 400 956 421; x_wconf 88' lang='lat'>:</span> <span class='ocrx_word' id='word_1_316' title='bbox 970 392 1078 430; x_wconf 82' lang='lat' dir='ltr'>ipsum</span> <span class='ocrx_word' id='word_1_317' title='bbox 1105 392 1204 423; x_wconf 89' lang='lat' dir='ltr'>etiam</span> <span class='ocrx_word' id='word_1_318' title='bbox 1230 393 1408 432; x_wconf 88' lang='lat' dir='ltr'>malignum</span> <span class='ocrx_word' id='word_1_319' title='bbox 1433 405 1504 427; x_wconf 89' lang='lat' dir='ltr'>cum</span> 
     </span>
     <span class='ocr_line' id='line_1_61' title="bbox 805 437 1505 478; baseline 0.004 -11"><span class='ocrx_word' id='word_1_320' title='bbox 805 437 1041 468; x_wconf 86' lang='lat' dir='ltr'>tentationibus</span> <span class='ocrx_word' id='word_1_321' title='bbox 1070 438 1136 469; x_wconf 90' lang='lat' dir='ltr'>suis</span> <span class='ocrx_word' id='word_1_322' title='bbox 1165 446 1182 468; x_wconf 88' lang='lat' dir='ltr'>a</span> <span class='ocrx_word' id='word_1_323' title='bbox 1203 439 1378 478; x_wconf 86' lang='lat' dir='ltr'>conspectu</span> <span class='ocrx_word' id='word_1_324' title='bbox 1402 442 1505 471; x_wconf 76' lang='lat' dir='ltr'>cordis</span> 
     </span>
     <span class='ocr_line' id='line_1_62' title="bbox 804 482 1506 520; baseline 0.006 -8"><span class='ocrx_word' id='word_1_325' title='bbox 804 482 904 513; x_wconf 90' lang='lat' dir='ltr'>nostri</span> <span class='ocrx_word' id='word_1_326' title='bbox 924 483 1117 520; x_wconf 86' lang='lat' dir='ltr'>abjicientes</span> <span class='ocrx_word' id='word_1_327' title='bbox 1131 484 1165 514; x_wconf 85' lang='lat' dir='ltr'>et</span> <span class='ocrx_word' id='word_1_328' title='bbox 1179 484 1376 516; x_wconf 86' lang='lat' dir='ltr'>deducentes</span> <span class='ocrx_word' id='word_1_329' title='bbox 1395 486 1436 516; x_wconf 88' lang='lat' dir='ltr'>ad</span> <span class='ocrx_word' id='word_1_330' title='bbox 1456 487 1506 515; x_wconf 85' lang='lat' dir='ltr'>ni-</span> 
     </span>
     <span class='ocr_line' id='line_1_63' title="bbox 804 528 1507 569; baseline 0.006 -12"><span class='ocrx_word' id='word_1_331' title='bbox 804 528 921 559; x_wconf 91' lang='lat' dir='ltr'>hilum.</span> <span class='ocrx_word' id='word_1_332' title='bbox 937 530 998 559; x_wconf 88' lang='lat' dir='ltr'>Eas</span> <span class='ocrx_word' id='word_1_333' title='bbox 1010 537 1089 559; x_wconf 87' lang='lat' dir='ltr'>vero</span> <span class='ocrx_word' id='word_1_334' title='bbox 1104 529 1336 569; x_wconf 82' lang='lat' dir='ltr'>cogitationes,</span> <span class='ocrx_word' id='word_1_335' title='bbox 1351 539 1423 569; x_wconf 77' lang='lat' dir='ltr'>quae</span> <span class='ocrx_word' id='word_1_336' title='bbox 1436 530 1507 568; x_wconf 84' lang='lat' dir='ltr'>jus-</span> 
     </span>
     <span class='ocr_line' id='line_1_64' title="bbox 804 574 1505 614; baseline 0.006 -11"><span class='ocrx_word' id='word_1_337' title='bbox 804 574 884 604; x_wconf 85' lang='lat' dir='ltr'>titiae</span> <span class='ocrx_word' id='word_1_338' title='bbox 904 576 938 605; x_wconf 86' lang='lat' dir='ltr'>et</span> <span class='ocrx_word' id='word_1_339' title='bbox 964 575 1114 606; x_wconf 84' lang='lat' dir='ltr'>veritatis</span> <span class='ocrx_word' id='word_1_340' title='bbox 1140 584 1199 606; x_wconf 83' lang='lat' dir='ltr'>nos</span> <span class='ocrx_word' id='word_1_341' title='bbox 1220 576 1416 614; x_wconf 76' lang='lat' dir='ltr'>admonent,</span> <span class='ocrx_word' id='word_1_342' title='bbox 1439 577 1505 607; x_wconf 76' lang='lat' dir='ltr'>tota</span> 
     </span>
     <span class='ocr_line' id='line_1_65' title="bbox 803 619 1507 660; baseline 0.003 -10"><span class='ocrx_word' id='word_1_343' title='bbox 803 619 977 651; x_wconf 89' lang='lat' dir='ltr'>devotione</span> <span class='ocrx_word' id='word_1_344' title='bbox 1002 621 1238 660; x_wconf 81' lang='lat' dir='ltr'>suscipientes,</span> <span class='ocrx_word' id='word_1_345' title='bbox 1253 622 1374 652; x_wconf 82' lang='lat' dir='ltr'>divinae</span> <span class='ocrx_word' id='word_1_346' title='bbox 1392 622 1507 660; x_wconf 83' lang='lat' dir='ltr'>digna-</span> 
     </span>
     <span class='ocr_line' id='line_1_66' title="bbox 802 665 1506 706; baseline 0.004 -11"><span class='ocrx_word' id='word_1_347' title='bbox 802 665 884 696; x_wconf 88' lang='lat' dir='ltr'>tioni</span> <span class='ocrx_word' id='word_1_348' title='bbox 899 667 1036 705; x_wconf 83' lang='lat' dir='ltr'>gratiam</span> <span class='ocrx_word' id='word_1_349' title='bbox 1050 667 1227 697; x_wconf 87' lang='lat' dir='ltr'>habeamus</span> <span class='ocrx_word' id='word_1_350' title='bbox 1237 676 1245 697; x_wconf 70' lang='grc' dir='ltr'><em>ε</em></span> <span class='ocrx_word' id='word_1_351' title='bbox 1255 676 1316 698; x_wconf 91' lang='lat' dir='ltr'>nec</span> <span class='ocrx_word' id='word_1_352' title='bbox 1331 668 1506 706; x_wconf 83' lang='lat' dir='ltr'>aliquando</span> 
     </span>
     <span class='ocr_line' id='line_1_67' title="bbox 803 711 1505 752; baseline 0.004 -11"><span class='ocrx_word' id='word_1_353' title='bbox 803 711 901 743; x_wconf 86' lang='lat' dir='ltr'>tantae</span> <span class='ocrx_word' id='word_1_354' title='bbox 915 712 1115 751; x_wconf 76' lang='lat' dir='ltr'>benignitati</span> <span class='ocrx_word' id='word_1_355' title='bbox 1127 712 1352 751; x_wconf 68' lang='lat' dir='ltr'>:inveniamur</span> <span class='ocrx_word' id='word_1_356' title='bbox 1374 714 1505 752; x_wconf 81' lang='lat' dir='ltr'>ingrati,</span> 
     </span>
     <span class='ocr_line' id='line_1_68' title="bbox 801 756 1506 797; baseline 0.003 -10"><span class='ocrx_word' id='word_1_357' title='bbox 801 756 942 788; x_wconf 88' lang='lat' dir='ltr'>scientes</span> <span class='ocrx_word' id='word_1_358' title='bbox 957 758 1111 797; x_wconf 87' lang='lat' dir='ltr'>quoniam</span> <span class='ocrx_word' id='word_1_359' title='bbox 1127 758 1199 797; x_wconf 90' lang='lat' dir='ltr'>ipse</span> <span class='ocrx_word' id='word_1_360' title='bbox 1219 759 1269 789; x_wconf 89' lang='lat' dir='ltr'>est</span> <span class='ocrx_word' id='word_1_361' title='bbox 1285 759 1342 797; x_wconf 85' lang='lat' dir='ltr'>qui</span> <span class='ocrx_word' id='word_1_362' title='bbox 1361 759 1506 797; x_wconf 76' lang='lat' dir='ltr'>loquitur</span> 
     </span>
     <span class='ocr_line' id='line_1_69' title="bbox 799 802 1502 843; baseline 0.003 -10"><span class='ocrx_word' id='word_1_363' title='bbox 799 802 980 842; x_wconf 79' lang='lat' dir='ltr'>justitiam3</span> <span class='ocrx_word' id='word_1_364' title='bbox 994 805 1063 843; x_wconf 90' lang='lat' dir='ltr'>ipse</span> <span class='ocrx_word' id='word_1_365' title='bbox 1080 803 1174 842; x_wconf 82' lang='lat' dir='ltr'>cujus</span> <span class='ocrx_word' id='word_1_366' title='bbox 1188 813 1294 835; x_wconf 88' lang='lat' dir='ltr'>sermo</span> <span class='ocrx_word' id='word_1_367' title='bbox 1308 805 1429 835; x_wconf 88' lang='lat' dir='ltr'>veritas</span> <span class='ocrx_word' id='word_1_368' title='bbox 1442 807 1502 835; x_wconf 80' lang='lat' dir='ltr'>est.</span> 
     </span>
     <span class='ocr_line' id='line_1_70' title="bbox 799 849 1506 890; baseline 0.006 -11"><span class='ocrx_word' id='word_1_369' title='bbox 799 849 933 886; x_wconf 80' lang='lat' dir='ltr'>Quantae</span> <span class='ocrx_word' id='word_1_370' title='bbox 948 850 1036 880; x_wconf 93' lang='lat' dir='ltr'>enim</span> <span class='ocrx_word' id='word_1_371' title='bbox 1046 850 1253 888; x_wconf 86' lang='lat' dir='ltr'>temeritatis,</span> <span class='ocrx_word' id='word_1_372' title='bbox 1267 851 1364 880; x_wconf 88' lang='lat' dir='ltr'>immo</span> <span class='ocrx_word' id='word_1_373' title='bbox 1375 853 1506 890; x_wconf 63' lang='lat' dir='ltr'>quante&gt;</span> 
     </span>
     <span class='ocr_line' id='line_1_71' title="bbox 801 895 1505 935; baseline 0.001 -11"><span class='ocrx_word' id='word_1_374' title='bbox 801 895 934 926; x_wconf 85' lang='lat' dir='ltr'>insaniae</span> <span class='ocrx_word' id='word_1_375' title='bbox 956 896 1022 934; x_wconf 89' lang='lat' dir='ltr'>est,</span> <span class='ocrx_word' id='word_1_376' title='bbox 1051 895 1078 926; x_wconf 91' lang='lat' dir='ltr'>si</span> <span class='ocrx_word' id='word_1_377' title='bbox 1094 895 1198 934; x_wconf 82' lang='lat' dir='ltr'>forte,</span> <span class='ocrx_word' id='word_1_378' title='bbox 1225 896 1303 926; x_wconf 89' lang='lat' dir='ltr'>dum</span> <span class='ocrx_word' id='word_1_379' title='bbox 1329 896 1505 935; x_wconf 78' lang='lat' dir='ltr'>alloquitur</span> 
     </span>
     <span class='ocr_line' id='line_1_72' title="bbox 799 941 1505 979; baseline 0.003 -9"><span class='ocrx_word' id='word_1_380' title='bbox 799 948 857 971; x_wconf 89' lang='lat' dir='ltr'>nos</span> <span class='ocrx_word' id='word_1_381' title='bbox 881 941 1040 972; x_wconf 89' lang='lat' dir='ltr'>Dominus</span> <span class='ocrx_word' id='word_1_382' title='bbox 1055 941 1253 979; x_wconf 70' lang='lat' dir='ltr'>maiestatis,</span> <span class='ocrx_word' id='word_1_383' title='bbox 1269 949 1327 972; x_wconf 91' lang='lat' dir='ltr'>nos</span> <span class='ocrx_word' id='word_1_384' title='bbox 1348 942 1505 972; x_wconf 74' lang='lat' dir='ltr'>insensati</span> 
     </span>
     <span class='ocr_line' id='line_1_73' title="bbox 799 986 1505 1027; baseline 0.004 -12"><span class='ocrx_word' id='word_1_385' title='bbox 799 986 984 1017; x_wconf 86' lang='lat' dir='ltr'>avertamus</span> <span class='ocrx_word' id='word_1_386' title='bbox 1008 995 1140 1024; x_wconf 83' lang='lat' dir='ltr'>aurem,</span> <span class='ocrx_word' id='word_1_387' title='bbox 1170 987 1204 1017; x_wconf 89' lang='lat' dir='ltr'>et</span> <span class='ocrx_word' id='word_1_388' title='bbox 1229 987 1270 1017; x_wconf 88' lang='lat' dir='ltr'>ad</span> <span class='ocrx_word' id='word_1_389' title='bbox 1298 988 1409 1018; x_wconf 88' lang='lat' dir='ltr'>nescio</span> <span class='ocrx_word' id='word_1_390' title='bbox 1424 996 1505 1027; x_wconf 78' lang='lat' dir='ltr'>quas</span> 
     </span>
     <span class='ocr_line' id='line_1_74' title="bbox 801 1032 1504 1071; baseline 0.004 -11"><span class='ocrx_word' id='word_1_391' title='bbox 801 1032 944 1063; x_wconf 90' lang='lat' dir='ltr'>animum</span> <span class='ocrx_word' id='word_1_392' title='bbox 958 1033 1100 1071; x_wconf 87' lang='lat' dir='ltr'>ineptias</span> <span class='ocrx_word' id='word_1_393' title='bbox 1115 1033 1364 1063; x_wconf 82' lang='lat' dir='ltr'>convertamus?</span> <span class='ocrx_word' id='word_1_394' title='bbox 1378 1034 1504 1070; x_wconf 79' lang='lat' dir='ltr'>Quanta</span> 
     </span>
     <span class='ocr_line' id='line_1_75' title="bbox 801 1078 1504 1116; baseline 0.001 -9"><span class='ocrx_word' id='word_1_395' title='bbox 801 1080 849 1108; x_wconf 87' lang='lat' dir='ltr'>est</span> <span class='ocrx_word' id='word_1_396' title='bbox 862 1078 932 1108; x_wconf 86' lang='lat' dir='ltr'>haec</span> <span class='ocrx_word' id='word_1_397' title='bbox 952 1079 1091 1116; x_wconf 86' lang='lat' dir='ltr'>injuria,</span> <span class='ocrx_word' id='word_1_398' title='bbox 1111 1078 1145 1108; x_wconf 88' lang='lat' dir='ltr'>et</span> <span class='ocrx_word' id='word_1_399' title='bbox 1161 1086 1258 1116; x_wconf 87' lang='lat' dir='ltr'>quam</span> <span class='ocrx_word' id='word_1_400' title='bbox 1273 1078 1416 1116; x_wconf 88' lang='lat' dir='ltr'>graviter</span> <span class='ocrx_word' id='word_1_401' title='bbox 1427 1079 1504 1109; x_wconf 77' lang='lat' dir='ltr'>vin-</span> 
     </span>
     <span class='ocr_line' id='line_1_76' title="bbox 800 1122 1503 1162; baseline 0.006 -11"><span class='ocrx_word' id='word_1_402' title='bbox 800 1122 957 1162; x_wconf 86' lang='lat' dir='ltr'>dicanda,</span> <span class='ocrx_word' id='word_1_403' title='bbox 987 1133 1060 1154; x_wconf 89' lang='lat' dir='ltr'>cum</span> <span class='ocrx_word' id='word_1_404' title='bbox 1082 1124 1261 1155; x_wconf 80' lang='lat' dir='ltr'>vilissimus</span> <span class='ocrx_word' id='word_1_405' title='bbox 1290 1125 1411 1154; x_wconf 85' lang='lat' dir='ltr'>vermis</span> <span class='ocrx_word' id='word_1_406' title='bbox 1436 1126 1503 1155; x_wconf 88' lang='lat' dir='ltr'>cla-</span> 
     </span>
     <span class='ocr_line' id='line_1_77' title="bbox 800 1169 1504 1207; baseline 0.006 -10"><span class='ocrx_word' id='word_1_407' title='bbox 800 1169 941 1198; x_wconf 85' lang='lat' dir='ltr'>mantem</span> <span class='ocrx_word' id='word_1_408' title='bbox 958 1169 998 1199; x_wconf 91' lang='lat' dir='ltr'>ad</span> <span class='ocrx_word' id='word_1_409' title='bbox 1014 1179 1048 1199; x_wconf 89' lang='lat' dir='ltr'>se</span> <span class='ocrx_word' id='word_1_410' title='bbox 1070 1170 1182 1200; x_wconf 89' lang='lat' dir='ltr'>audire</span> <span class='ocrx_word' id='word_1_411' title='bbox 1200 1169 1394 1207; x_wconf 77' lang='lat' dir='ltr'>dedIgnatur</span> <span class='ocrx_word' id='word_1_412' title='bbox 1408 1171 1504 1201; x_wconf 84' lang='lat' dir='ltr'>Crea—</span> 
     </span>
     <span class='ocr_line' id='line_1_78' title="bbox 802 1214 1503 1250; baseline 0.007 -9"><span class='ocrx_word' id='word_1_413' title='bbox 802 1214 902 1242; x_wconf 84' lang='lat' dir='ltr'>torem</span> <span class='ocrx_word' id='word_1_414' title='bbox 935 1214 1182 1244; x_wconf 76' lang='lat' dir='ltr'>universitatis?</span> <span class='ocrx_word' id='word_1_415' title='bbox 1207 1215 1334 1250; x_wconf 77' lang='lat' dir='ltr'>Quanta</span> <span class='ocrx_word' id='word_1_416' title='bbox 1361 1223 1439 1245; x_wconf 83' lang='lat' dir='ltr'>vero</span> <span class='ocrx_word' id='word_1_417' title='bbox 1470 1218 1503 1247; x_wconf 83' lang='lat' dir='ltr'>et</span> 
     </span>
     <span class='ocr_line' id='line_1_79' title="bbox 799 1258 1505 1296; baseline 0.007 -10"><span class='ocrx_word' id='word_1_418' title='bbox 799 1266 895 1295; x_wconf 87' lang='lat' dir='ltr'>quam</span> <span class='ocrx_word' id='word_1_419' title='bbox 908 1258 1083 1289; x_wconf 77' lang='lat' dir='ltr'>ineffabilis</span> <span class='ocrx_word' id='word_1_420' title='bbox 1105 1259 1224 1289; x_wconf 86' lang='lat' dir='ltr'>divinae</span> <span class='ocrx_word' id='word_1_421' title='bbox 1240 1259 1386 1296; x_wconf 77' lang='lat' dir='ltr'>dignatio</span> <span class='ocrx_word' id='word_1_422' title='bbox 1408 1260 1505 1291; x_wconf 79' lang='lat' dir='ltr'>boni-</span> 
     </span>
     <span class='ocr_line' id='line_1_80' title="bbox 799 1303 1503 1342; baseline 0.004 -9"><span class='ocrx_word' id='word_1_423' title='bbox 799 1303 886 1341; x_wconf 84' lang='lat' dir='ltr'>tatis,</span> <span class='ocrx_word' id='word_1_424' title='bbox 899 1312 972 1342; x_wconf 88' lang='lat' dir='ltr'>quae</span> <span class='ocrx_word' id='word_1_425' title='bbox 987 1304 1133 1342; x_wconf 88' lang='lat' dir='ltr'>quotidie</span> <span class='ocrx_word' id='word_1_426' title='bbox 1150 1305 1309 1342; x_wconf 91' lang='lat' dir='ltr'>conspicit</span> <span class='ocrx_word' id='word_1_427' title='bbox 1324 1313 1381 1335; x_wconf 89' lang='lat' dir='ltr'>nos</span> <span class='ocrx_word' id='word_1_428' title='bbox 1392 1306 1503 1336; x_wconf 82' lang='lat' dir='ltr'>infeli-</span> 
     </span>
     <span class='ocr_line' id='line_1_81' title="bbox 799 1349 1499 1388; baseline 0.004 -11"><span class='ocrx_word' id='word_1_429' title='bbox 799 1356 851 1378; x_wconf 89' lang='lat' dir='ltr'>ces</span> <span class='ocrx_word' id='word_1_430' title='bbox 863 1349 1050 1378; x_wconf 82' lang='lat' dir='ltr'>avertentes</span> <span class='ocrx_word' id='word_1_431' title='bbox 1063 1357 1170 1386; x_wconf 85' lang='lat' dir='ltr'>aures,</span> <span class='ocrx_word' id='word_1_432' title='bbox 1187 1349 1384 1379; x_wconf 84' lang='lat' dir='ltr'>obdurantes</span> <span class='ocrx_word' id='word_1_433' title='bbox 1394 1351 1499 1388; x_wconf 83' lang='lat' dir='ltr'>corda3</span> 
     </span>
     <span class='ocr_line' id='line_1_82' title="bbox 799 1394 1502 1435; baseline 0.006 -12"><span class='ocrx_word' id='word_1_434' title='bbox 799 1394 831 1423; x_wconf 84' lang='lat' dir='ltr'>et</span> <span class='ocrx_word' id='word_1_435' title='bbox 853 1394 1065 1424; x_wconf 88' lang='lat' dir='ltr'>nihilominus</span> <span class='ocrx_word' id='word_1_436' title='bbox 1086 1395 1204 1424; x_wconf 87' lang='lat' dir='ltr'>elamat</span> <span class='ocrx_word' id='word_1_437' title='bbox 1227 1395 1268 1424; x_wconf 89' lang='lat' dir='ltr'>ad</span> <span class='ocrx_word' id='word_1_438' title='bbox 1287 1403 1365 1429; x_wconf 70' lang='lat' dir='ltr'>nos,</span> <span class='ocrx_word' id='word_1_439' title='bbox 1387 1396 1421 1426; x_wconf 84' lang='lat' dir='ltr'>et</span> <span class='ocrx_word' id='word_1_440' title='bbox 1449 1397 1502 1435; x_wconf 86' lang='lat' dir='ltr'>ju-</span> 
     </span>
     <span class='ocr_line' id='line_1_83' title="bbox 798 1439 1502 1481; baseline 0.004 -12"><span class='ocrx_word' id='word_1_441' title='bbox 798 1439 882 1477; x_wconf 89' lang='lat' dir='ltr'>giter</span> <span class='ocrx_word' id='word_1_442' title='bbox 897 1440 1041 1471; x_wconf 84' lang='lat' dir='ltr'>clamitat</span> <span class='ocrx_word' id='word_1_443' title='bbox 1057 1441 1092 1470; x_wconf 91' lang='lat' dir='ltr'>in</span> <span class='ocrx_word' id='word_1_444' title='bbox 1117 1439 1255 1479; x_wconf 75' lang='lat' dir='ltr'>plateis?</span> <span class='ocrx_word' id='word_1_445' title='bbox 1281 1441 1363 1472; x_wconf 83' lang='lat' dir='ltr'>Vere</span> <span class='ocrx_word' id='word_1_446' title='bbox 1384 1442 1418 1472; x_wconf 87' lang='lat' dir='ltr'>in</span> <span class='ocrx_word' id='word_1_447' title='bbox 1434 1444 1502 1481; x_wconf 73' lang='lat' dir='ltr'>pla·</span> 
     </span>
     <span class='ocr_line' id='line_1_84' title="bbox 798 1483 1501 1524; baseline 0.006 -9"><span class='ocrx_word' id='word_1_448' title='bbox 798 1483 878 1523; x_wconf 72' lang='lat' dir='ltr'>teis,</span> <span class='ocrx_word' id='word_1_449' title='bbox 892 1486 970 1524; x_wconf 88' lang='lat' dir='ltr'>quia</span> <span class='ocrx_word' id='word_1_450' title='bbox 992 1487 1026 1516; x_wconf 90' lang='lat' dir='ltr'>in</span> <span class='ocrx_word' id='word_1_451' title='bbox 1047 1486 1221 1516; x_wconf 88' lang='lat' dir='ltr'>latitudine</span> <span class='ocrx_word' id='word_1_452' title='bbox 1243 1487 1402 1517; x_wconf 86' lang='lat' dir='ltr'>caritatis.</span> <span class='ocrx_word' id='word_1_453' title='bbox 1418 1489 1501 1519; x_wconf 91' lang='lat' dir='ltr'>Ecce</span> 
     </span>
     <span class='ocr_line' id='line_1_85' title="bbox 798 1532 1501 1572; baseline 0.004 -11"><span class='ocrx_word' id='word_1_454' title='bbox 798 1532 887 1561; x_wconf 88' lang='lat' dir='ltr'>enim</span> <span class='ocrx_word' id='word_1_455' title='bbox 902 1532 1060 1562; x_wconf 88' lang='lat' dir='ltr'>bonorum</span> <span class='ocrx_word' id='word_1_456' title='bbox 1075 1540 1222 1562; x_wconf 90' lang='lat' dir='ltr'>meorum</span> <span class='ocrx_word' id='word_1_457' title='bbox 1237 1541 1303 1562; x_wconf 89' lang='lat' dir='ltr'>non</span> <span class='ocrx_word' id='word_1_458' title='bbox 1329 1541 1421 1572; x_wconf 85' lang='lat' dir='ltr'>eges,</span> <span class='ocrx_word' id='word_1_459' title='bbox 1437 1536 1501 1564; x_wconf 70' lang='lat' dir='ltr'>Do·</span> 
     </span>
     <span class='ocr_line' id='line_1_86' title="bbox 797 1577 1501 1616; baseline 0.007 -10"><span class='ocrx_word' id='word_1_460' title='bbox 797 1577 905 1607; x_wconf 88' lang='lat' dir='ltr'>mine:</span> <span class='ocrx_word' id='word_1_461' title='bbox 923 1579 956 1607; x_wconf 90' lang='lat' dir='ltr'>et</span> <span class='ocrx_word' id='word_1_462' title='bbox 971 1579 1080 1608; x_wconf 81' lang='lat' dir='ltr'>tamen</span> <span class='ocrx_word' id='word_1_463' title='bbox 1104 1578 1204 1616; x_wconf 78' lang='lat' dir='ltr'>dicIS,</span> <span class='ocrx_word' id='word_1_464' title='bbox 1219 1580 1440 1610; x_wconf 69' lang='lat' dir='ltr'>Convertimini</span> <span class='ocrx_word' id='word_1_465' title='bbox 1461 1582 1501 1611; x_wconf 75' lang='lat' dir='ltr'>ad</span> 
     </span>
     <span class='ocr_line' id='line_1_87' title="bbox 800 1624 1499 1665; baseline 0.006 -13"><span class='ocrx_word' id='word_1_466' title='bbox 800 1624 910 1661; x_wconf 76' lang='lat' dir='ltr'>mefilii</span> <span class='ocrx_word' id='word_1_467' title='bbox 933 1624 1110 1662; x_wconf 75' lang='lat' dir='ltr'>homz&#39;num;</span> <span class='ocrx_word' id='word_1_468' title='bbox 1129 1625 1163 1654; x_wconf 87' lang='lat' dir='ltr'>et</span> <span class='ocrx_word' id='word_1_469' title='bbox 1186 1624 1306 1654; x_wconf 86' lang='lat' dir='ltr'>iterum</span> <span class='ocrx_word' id='word_1_470' title='bbox 1335 1625 1499 1665; x_wconf 85' lang='lat' dir='ltr'>clamitas,</span> 
     </span>
     <span class='ocr_line' id='line_1_88' title="bbox 799 1671 1500 1710; baseline 0.006 -11"><span class='ocrx_word' id='word_1_471' title='bbox 799 1671 953 1700; x_wconf 65' lang='lat' dir='ltr'>Recertere</span> <span class='ocrx_word' id='word_1_472' title='bbox 965 1692 976 1706; x_wconf 84' lang='lat'><em>‚</em></span> <span class='ocrx_word' id='word_1_473' title='bbox 997 1672 1164 1707; x_wconf 73' lang='lat' dir='ltr'>revertere,</span> <span class='ocrx_word' id='word_1_474' title='bbox 1183 1671 1373 1710; x_wconf 76' lang='lat' dir='ltr'>Sunamitis3</span> <span class='ocrx_word' id='word_1_475' title='bbox 1397 1681 1500 1703; x_wconf 67' lang='lat' dir='ltr'>rever—</span> 
     </span>
     <span class='ocr_line' id='line_1_89' title="bbox 797 1716 1337 1753; baseline 0.004 -9"><span class='ocrx_word' id='word_1_476' title='bbox 797 1716 870 1751; x_wconf 81' lang='lat' dir='ltr'>tere,</span> <span class='ocrx_word' id='word_1_477' title='bbox 886 1718 1045 1753; x_wconf 60' lang='lat' dir='ltr'>revertere,</span> <span class='ocrx_word' id='word_1_478' title='bbox 1059 1718 1094 1746; x_wconf 85' lang='lat' dir='ltr'>ut</span> <span class='ocrx_word' id='word_1_479' title='bbox 1108 1718 1284 1746; x_wconf 77' lang='lat' dir='ltr'>intueamur</span> <span class='ocrx_word' id='word_1_480' title='bbox 1298 1718 1337 1746; x_wconf 84' lang='lat' dir='ltr'>te.</span> 
     </span>
    </p>

    <p class='ocr_par' dir='ltr' id='par_1_9' title="bbox 797 1761 1500 2654">
     <span class='ocr_line' id='line_1_90' title="bbox 837 1761 1500 1800; baseline 0.006 -10"><span class='ocrx_word' id='word_1_481' title='bbox 837 1761 868 1790; x_wconf 91' lang='lat'>7.</span> <span class='ocrx_word' id='word_1_482' title='bbox 892 1762 1067 1800; x_wconf 86' lang='lat' dir='ltr'>Propterea</span> <span class='ocrx_word' id='word_1_483' title='bbox 1098 1762 1231 1792; x_wconf 87' lang='lat' dir='ltr'>obsecro</span> <span class='ocrx_word' id='word_1_484' title='bbox 1249 1770 1328 1799; x_wconf 75' lang='lat' dir='ltr'>vos,</span> <span class='ocrx_word' id='word_1_485' title='bbox 1355 1762 1500 1795; x_wconf 86' lang='lat' dir='ltr'>dilectis-</span> 
     </span>
     <span class='ocr_line' id='line_1_91' title="bbox 799 1805 1500 1845; baseline 0.007 -11"><span class='ocrx_word' id='word_1_486' title='bbox 799 1805 883 1843; x_wconf 87' lang='lat' dir='ltr'>simi,</span> <span class='ocrx_word' id='word_1_487' title='bbox 896 1807 952 1844; x_wconf 91' lang='lat' dir='ltr'>qui</span> <span class='ocrx_word' id='word_1_488' title='bbox 967 1807 1219 1836; x_wconf 86' lang='lat' dir='ltr'>reminiscimini</span> <span class='ocrx_word' id='word_1_489' title='bbox 1234 1807 1382 1845; x_wconf 82' lang='lat' dir='ltr'>Domini,</span> <span class='ocrx_word' id='word_1_490' title='bbox 1398 1817 1438 1838; x_wconf 89' lang='lat' dir='ltr'>ne</span> <span class='ocrx_word' id='word_1_491' title='bbox 1452 1810 1500 1840; x_wconf 81' lang='lat' dir='ltr'>ta-</span> 
     </span>
     <span class='ocr_line' id='line_1_92' title="bbox 799 1851 1500 1889; baseline 0.006 -9"><span class='ocrx_word' id='word_1_492' title='bbox 799 1851 911 1889; x_wconf 87' lang='lat' dir='ltr'>ceatis,</span> <span class='ocrx_word' id='word_1_493' title='bbox 927 1852 960 1881; x_wconf 86' lang='lat' dir='ltr'>et</span> <span class='ocrx_word' id='word_1_494' title='bbox 971 1859 1011 1880; x_wconf 90' lang='lat' dir='ltr'>ne</span> <span class='ocrx_word' id='word_1_495' title='bbox 1023 1851 1107 1881; x_wconf 86' lang='lat' dir='ltr'>detis</span> <span class='ocrx_word' id='word_1_496' title='bbox 1118 1851 1285 1881; x_wconf 89' lang='lat' dir='ltr'>silentium</span> <span class='ocrx_word' id='word_1_497' title='bbox 1297 1851 1328 1881; x_wconf 89' lang='lat' dir='ltr'>ei</span> <span class='ocrx_word' id='word_1_498' title='bbox 1345 1860 1352 1880; x_wconf 74' lang='grc' dir='ltr'>ε</span> <span class='ocrx_word' id='word_1_499' title='bbox 1367 1853 1500 1884; x_wconf 83' lang='lat' dir='ltr'>audien-</span> 
     </span>
     <span class='ocr_line' id='line_1_93' title="bbox 800 1897 1500 1936; baseline 0.004 -10"><span class='ocrx_word' id='word_1_500' title='bbox 800 1897 847 1926; x_wconf 87' lang='lat' dir='ltr'>tes</span> <span class='ocrx_word' id='word_1_501' title='bbox 861 1897 980 1935; x_wconf 82' lang='lat' dir='ltr'>iugiter</span> <span class='ocrx_word' id='word_1_502' title='bbox 993 1897 1073 1936; x_wconf 87' lang='lat' dir='ltr'>quid</span> <span class='ocrx_word' id='word_1_503' title='bbox 1093 1897 1244 1935; x_wconf 87' lang='lat' dir='ltr'>loquatur</span> <span class='ocrx_word' id='word_1_504' title='bbox 1268 1897 1302 1926; x_wconf 91' lang='lat' dir='ltr'>in</span> <span class='ocrx_word' id='word_1_505' title='bbox 1323 1898 1414 1928; x_wconf 86' lang='lat' dir='ltr'>vohis</span> <span class='ocrx_word' id='word_1_506' title='bbox 1435 1900 1500 1929; x_wconf 88' lang='lat' dir='ltr'>Do-</span> 
     </span>
     <span class='ocr_line' id='line_1_94' title="bbox 799 1943 1496 1982; baseline 0.01 -12"><span class='ocrx_word' id='word_1_507' title='bbox 799 1943 904 1973; x_wconf 81' lang='lat' dir='ltr'>minus</span> <span class='ocrx_word' id='word_1_508' title='bbox 926 1943 1188 1981; x_wconf 83' lang='lat' dir='ltr'>Deus,quoniam</span> <span class='ocrx_word' id='word_1_509' title='bbox 1205 1943 1355 1980; x_wconf 82' lang='lat' dir='ltr'>loquetur</span> <span class='ocrx_word' id='word_1_510' title='bbox 1369 1953 1496 1982; x_wconf 86' lang='lat' dir='ltr'>pacem.</span> 
     </span>
     <span class='ocr_line' id='line_1_95' title="bbox 800 1988 1499 2027; baseline 0.007 -11"><span class='ocrx_word' id='word_1_511' title='bbox 800 1988 890 2017; x_wconf 77' lang='lat' dir='ltr'>Felix</span> <span class='ocrx_word' id='word_1_512' title='bbox 904 1988 1039 2026; x_wconf 86' lang='lat' dir='ltr'>proinde</span> <span class='ocrx_word' id='word_1_513' title='bbox 1056 1989 1089 2017; x_wconf 89' lang='lat' dir='ltr'>et</span> <span class='ocrx_word' id='word_1_514' title='bbox 1104 1988 1200 2018; x_wconf 87' lang='lat' dir='ltr'>beata</span> <span class='ocrx_word' id='word_1_515' title='bbox 1212 1988 1317 2017; x_wconf 85' lang='lat' dir='ltr'>anima</span> <span class='ocrx_word' id='word_1_516' title='bbox 1328 2010 1338 2026; x_wconf 85' lang='lat'>,</span> <span class='ocrx_word' id='word_1_517' title='bbox 1353 1998 1425 2027; x_wconf 85' lang='lat' dir='ltr'>quae</span> <span class='ocrx_word' id='word_1_518' title='bbox 1441 2000 1499 2021; x_wconf 79' lang='lat' dir='ltr'>ve-</span> 
     </span>
     <span class='ocr_line' id='line_1_96' title="bbox 799 2033 1498 2075; baseline 0.007 -14"><span class='ocrx_word' id='word_1_519' title='bbox 799 2041 853 2062; x_wconf 89' lang='lat' dir='ltr'>nas</span> <span class='ocrx_word' id='word_1_520' title='bbox 868 2033 1002 2063; x_wconf 81' lang='lat' dir='ltr'>susurrii</span> <span class='ocrx_word' id='word_1_521' title='bbox 1017 2033 1121 2063; x_wconf 86' lang='lat' dir='ltr'>divini</span> <span class='ocrx_word' id='word_1_522' title='bbox 1143 2033 1283 2071; x_wconf 85' lang='lat' dir='ltr'>percipit</span> <span class='ocrx_word' id='word_1_523' title='bbox 1302 2034 1336 2063; x_wconf 90' lang='lat' dir='ltr'>in</span> <span class='ocrx_word' id='word_1_524' title='bbox 1357 2035 1498 2075; x_wconf 79' lang='lat' dir='ltr'>silentio,</span> 
     </span>
     <span class='ocr_line' id='line_1_97' title="bbox 799 2079 1499 2117; baseline 0.004 -9"><span class='ocrx_word' id='word_1_525' title='bbox 799 2079 985 2117; x_wconf 84' lang='lat' dir='ltr'>frequenter</span> <span class='ocrx_word' id='word_1_526' title='bbox 1001 2079 1123 2109; x_wconf 86' lang='lat' dir='ltr'>iterans</span> <span class='ocrx_word' id='word_1_527' title='bbox 1138 2079 1220 2109; x_wconf 87' lang='lat' dir='ltr'>iilud</span> <span class='ocrx_word' id='word_1_528' title='bbox 1233 2079 1394 2110; x_wconf 82' lang='lat' dir='ltr'>Samuelis</span> <span class='ocrx_word' id='word_1_529' title='bbox 1410 2089 1417 2109; x_wconf 72' lang='grc' dir='ltr'>ε</span> <span class='ocrx_word' id='word_1_530' title='bbox 1437 2083 1499 2112; x_wconf 86' lang='lat' dir='ltr'>Lo-</span> 
     </span>
     <span class='ocr_line' id='line_1_98' title="bbox 798 2126 1497 2164; baseline 0.006 -11"><span class='ocrx_word' id='word_1_531' title='bbox 798 2134 888 2162; x_wconf 76' lang='lat' dir='ltr'>quere</span> <span class='ocrx_word' id='word_1_532' title='bbox 908 2126 1058 2162; x_wconf 73' lang='lat' dir='ltr'>Domine,</span> <span class='ocrx_word' id='word_1_533' title='bbox 1082 2126 1156 2164; x_wconf 74' lang='lat' dir='ltr'>quia</span> <span class='ocrx_word' id='word_1_534' title='bbox 1174 2126 1260 2155; x_wconf 73' lang='lat' dir='ltr'>audit</span> <span class='ocrx_word' id='word_1_535' title='bbox 1286 2134 1390 2156; x_wconf 68' lang='lat' dir='ltr'>servus</span> <span class='ocrx_word' id='word_1_536' title='bbox 1415 2128 1497 2158; x_wconf 74' lang='lat' dir='ltr'>tuus.</span> 
     </span>
     <span class='ocr_line' id='line_1_99' title="bbox 799 2170 1499 2209; baseline 0.003 -9"><span class='ocrx_word' id='word_1_537' title='bbox 799 2171 857 2200; x_wconf 85' lang='lat' dir='ltr'>Hic</span> <span class='ocrx_word' id='word_1_538' title='bbox 874 2179 947 2209; x_wconf 82' lang='lat' dir='ltr'>ergo</span> <span class='ocrx_word' id='word_1_539' title='bbox 963 2171 1140 2200; x_wconf 83' lang='lat' dir='ltr'>hodiernus</span> <span class='ocrx_word' id='word_1_540' title='bbox 1154 2178 1259 2200; x_wconf 90' lang='lat' dir='ltr'>sermo</span> <span class='ocrx_word' id='word_1_541' title='bbox 1283 2170 1385 2200; x_wconf 86' lang='lat' dir='ltr'>finem</span> <span class='ocrx_word' id='word_1_542' title='bbox 1411 2173 1499 2202; x_wconf 86' lang='lat' dir='ltr'>acci-</span> 
     </span>
     <span class='ocr_line' id='line_1_100' title="bbox 798 2216 1497 2254; baseline 0.004 -9"><span class='ocrx_word' id='word_1_543' title='bbox 798 2217 878 2254; x_wconf 86' lang='lat' dir='ltr'>piat,</span> <span class='ocrx_word' id='word_1_544' title='bbox 891 2218 928 2247; x_wconf 91' lang='lat' dir='ltr'>ut</span> <span class='ocrx_word' id='word_1_545' title='bbox 950 2217 1049 2246; x_wconf 87' lang='lat' dir='ltr'>etiam</span> <span class='ocrx_word' id='word_1_546' title='bbox 1070 2216 1256 2246; x_wconf 85' lang='lat' dir='ltr'>tacentibus</span> <span class='ocrx_word' id='word_1_547' title='bbox 1273 2216 1368 2246; x_wconf 87' lang='lat' dir='ltr'>nobis</span> <span class='ocrx_word' id='word_1_548' title='bbox 1390 2217 1497 2248; x_wconf 84' lang='lat' dir='ltr'>Deum</span> 
     </span>
     <span class='ocr_line' id='line_1_101' title="bbox 798 2262 1498 2300; baseline 0 -8"><span class='ocrx_word' id='word_1_549' title='bbox 798 2262 884 2292; x_wconf 84' lang='lat' dir='ltr'>intus</span> <span class='ocrx_word' id='word_1_550' title='bbox 899 2262 1068 2292; x_wconf 86' lang='lat' dir='ltr'>audiamus</span> <span class='ocrx_word' id='word_1_551' title='bbox 1091 2262 1279 2300; x_wconf 81' lang='lat' dir='ltr'>loquentem</span> <span class='ocrx_word' id='word_1_552' title='bbox 1299 2262 1332 2292; x_wconf 91' lang='lat' dir='ltr'>et</span> <span class='ocrx_word' id='word_1_553' title='bbox 1359 2263 1498 2293; x_wconf 78' lang='lat' dir='ltr'>suaden-</span> 
     </span>
     <span class='ocr_line' id='line_1_102' title="bbox 799 2307 1497 2346; baseline 0.003 -9"><span class='ocrx_word' id='word_1_554' title='bbox 799 2308 863 2338; x_wconf 86' lang='lat' dir='ltr'>tem</span> <span class='ocrx_word' id='word_1_555' title='bbox 875 2308 914 2338; x_wconf 89' lang='lat' dir='ltr'>de</span> <span class='ocrx_word' id='word_1_556' title='bbox 930 2316 1027 2345; x_wconf 83' lang='lat' dir='ltr'>regno</span> <span class='ocrx_word' id='word_1_557' title='bbox 1042 2315 1110 2345; x_wconf 80' lang='lat' dir='ltr'>suo,</span> <span class='ocrx_word' id='word_1_558' title='bbox 1126 2308 1216 2337; x_wconf 75' lang='lat' dir='ltr'>tanto</span> <span class='ocrx_word' id='word_1_559' title='bbox 1235 2307 1362 2345; x_wconf 83' lang='lat' dir='ltr'>utilius,</span> <span class='ocrx_word' id='word_1_560' title='bbox 1377 2310 1497 2346; x_wconf 88' lang='lat' dir='ltr'>quanto</span> 
     </span>
     <span class='ocr_line' id='line_1_103' title="bbox 797 2352 1498 2392; baseline 0 -9"><span class='ocrx_word' id='word_1_561' title='bbox 797 2354 949 2384; x_wconf 86' lang='lat' dir='ltr'>subtilius</span> <span class='ocrx_word' id='word_1_562' title='bbox 961 2376 969 2391; x_wconf 88' lang='lat'>,</span> <span class='ocrx_word' id='word_1_563' title='bbox 983 2362 1043 2392; x_wconf 86' lang='lat' dir='ltr'>per</span> <span class='ocrx_word' id='word_1_564' title='bbox 1057 2353 1219 2383; x_wconf 85' lang='lat' dir='ltr'>internam</span> <span class='ocrx_word' id='word_1_565' title='bbox 1247 2352 1374 2383; x_wconf 84' lang='lat' dir='ltr'>scilicet</span> <span class='ocrx_word' id='word_1_566' title='bbox 1395 2353 1498 2391; x_wconf 81' lang='lat' dir='ltr'>inspi-</span> 
     </span>
     <span class='ocr_line' id='line_1_104' title="bbox 798 2398 1497 2436; baseline 0 -8"><span class='ocrx_word' id='word_1_567' title='bbox 798 2399 968 2429; x_wconf 81' lang='lat' dir='ltr'>rationem.</span> <span class='ocrx_word' id='word_1_568' title='bbox 989 2399 1023 2428; x_wconf 84' lang='lat' dir='ltr'>Si</span> <span class='ocrx_word' id='word_1_569' title='bbox 1045 2407 1108 2436; x_wconf 85' lang='lat' dir='ltr'>qua</span> <span class='ocrx_word' id='word_1_570' title='bbox 1130 2399 1240 2428; x_wconf 85' lang='lat' dir='ltr'>tamen</span> <span class='ocrx_word' id='word_1_571' title='bbox 1260 2398 1365 2428; x_wconf 89' lang='lat' dir='ltr'>adhuc</span> <span class='ocrx_word' id='word_1_572' title='bbox 1385 2398 1425 2428; x_wconf 89' lang='lat' dir='ltr'>de</span> <span class='ocrx_word' id='word_1_573' title='bbox 1440 2407 1497 2428; x_wconf 85' lang='lat' dir='ltr'>au-</span> 
     </span>
     <span class='ocr_line' id='line_1_105' title="bbox 799 2444 1496 2482; baseline -0.001 -8"><span class='ocrx_word' id='word_1_574' title='bbox 799 2444 915 2474; x_wconf 88' lang='lat' dir='ltr'>dienda</span> <span class='ocrx_word' id='word_1_575' title='bbox 934 2444 996 2474; x_wconf 89' lang='lat' dir='ltr'>hac</span> <span class='ocrx_word' id='word_1_576' title='bbox 1019 2444 1150 2474; x_wconf 88' lang='lat' dir='ltr'>Domini</span> <span class='ocrx_word' id='word_1_577' title='bbox 1166 2451 1246 2475; x_wconf 88' lang='lat' dir='ltr'>voce</span> <span class='ocrx_word' id='word_1_578' title='bbox 1275 2444 1344 2482; x_wconf 89' lang='lat' dir='ltr'>ipse</span> <span class='ocrx_word' id='word_1_579' title='bbox 1366 2453 1496 2482; x_wconf 74' lang='lat' dir='ltr'>sugges-</span> 
     </span>
     <span class='ocr_line' id='line_1_106' title="bbox 798 2489 1494 2526; baseline -0.001 -8"><span class='ocrx_word' id='word_1_580' title='bbox 798 2489 894 2526; x_wconf 85' lang='lat' dir='ltr'>serit,</span> <span class='ocrx_word' id='word_1_581' title='bbox 919 2489 983 2518; x_wconf 82' lang='lat' dir='ltr'>alio</span> <span class='ocrx_word' id='word_1_582' title='bbox 1019 2496 1168 2518; x_wconf 85' lang='lat' dir='ltr'>sermone</span> <span class='ocrx_word' id='word_1_583' title='bbox 1198 2489 1426 2524; x_wconf 84' lang='lat' dir='ltr'>tractabimus,</span> <span class='ocrx_word' id='word_1_584' title='bbox 1454 2497 1494 2517; x_wconf 76' lang='lat' dir='ltr'>ne</span> 
     </span>
     <span class='ocr_line' id='line_1_107' title="bbox 797 2533 1496 2571; baseline -0.001 -9"><span class='ocrx_word' id='word_1_585' title='bbox 797 2534 974 2571; x_wconf 79' lang='lat' dir='ltr'>praesertim</span> <span class='ocrx_word' id='word_1_586' title='bbox 989 2534 1024 2563; x_wconf 89' lang='lat' dir='ltr'>in</span> <span class='ocrx_word' id='word_1_587' title='bbox 1039 2533 1104 2562; x_wconf 87' lang='lat' dir='ltr'>tam</span> <span class='ocrx_word' id='word_1_588' title='bbox 1120 2533 1195 2563; x_wconf 85' lang='lat' dir='ltr'>utili</span> <span class='ocrx_word' id='word_1_589' title='bbox 1207 2542 1243 2563; x_wconf 88' lang='lat' dir='ltr'>ac</span> <span class='ocrx_word' id='word_1_590' title='bbox 1254 2534 1415 2571; x_wconf 79' lang='lat' dir='ltr'>spirltuali</span> <span class='ocrx_word' id='word_1_591' title='bbox 1427 2542 1496 2562; x_wconf 67' lang='lat' dir='ltr'>ms.-</span> 
     </span>
     <span class='ocr_line' id='line_1_108' title="bbox 798 2578 1496 2616; baseline -0.001 -8"><span class='ocrx_word' id='word_1_592' title='bbox 798 2578 878 2608; x_wconf 76' lang='lat' dir='ltr'>teria</span> <span class='ocrx_word' id='word_1_593' title='bbox 889 2600 898 2615; x_wconf 88' lang='lat'>,</span> <span class='ocrx_word' id='word_1_594' title='bbox 915 2579 1041 2609; x_wconf 80' lang='lat' dir='ltr'>mentes</span> <span class='ocrx_word' id='word_1_595' title='bbox 1055 2579 1180 2609; x_wconf 81' lang='lat' dir='ltr'>vestras</span> <span class='ocrx_word' id='word_1_596' title='bbox 1193 2579 1397 2616; x_wconf 84' lang='lat' dir='ltr'>longitudine</span> <span class='ocrx_word' id='word_1_597' title='bbox 1427 2585 1496 2608; x_wconf 83' lang='lat' dir='ltr'>ser-</span> 
     </span>
     <span class='ocr_line' id='line_1_109' title="bbox 797 2621 1494 2654; baseline 0.004 -1"><span class='ocrx_word' id='word_1_598' title='bbox 797 2624 899 2654; x_wconf 81' lang='lat' dir='ltr'>monis</span> <span class='ocrx_word' id='word_1_599' title='bbox 914 2632 1095 2654; x_wconf 79' lang='lat' dir='ltr'>oneremus.</span> <span class='ocrx_word' id='word_1_600' title='bbox 1490 2621 1494 2623; x_wconf 59' lang='grc'><em>”</em></span> 
     </span>
    </p>
   </div>
  </div>
 </body>
</html>
