1810 3073
493 195 538 223 IN
561 192 759 222 CANTICA
783 191 934 220 SERMO
955 191 1127 220 XXXIII.

94 252 215 291 pariter
229 257 360 290 pascere
375 248 520 287 pascuis,
533 248 567 278 et
586 248 704 278 cubare
716 254 788 277 um-

92 298 169 328 bris.
186 297 224 327 Et
248 303 377 326 causam
399 294 492 333 ponit
519 302 528 323 z
548 296 593 324 Ne
620 294 787 332 incipiam,

93 343 258 381 iuquiens,
286 342 398 379 vagari
421 342 490 379 post
515 349 617 379 greges
640 340 789 370 sodalium

91 390 226 418 tuorum.
243 385 306 424 Ipsi
323 386 400 415 sunt
420 385 477 423 (1111
503 393 536 415 50
557 384 670 414 volunt
684 382 790 413 videri

90 432 208 462 amicos
229 429 359 468 sponsi,
376 430 410 459 et
434 438 499 459 non
527 430 603 459 511111
628 438 636 457 :
663 429 789 458 etcum

89 485 180 513 51105,
196 484 259 505 11011
276 475 364 505 1111115
379 483 493 513 greges
508 482 640 513 pascere
656 481 732 503 cura
748 473 790 502 sit

91 522 155 558 eis;
170 521 245 550 binc
256 521 450 549 indetamen
461 518 788 549 insidiantesdicunt:

90 568 165 597 Ecce
177 567 224 596 1110
239 568 281 596 est
298 566 455 602 Christus,
467 575 531 595 ecce
546 566 606 595 illic
620 566 681 601 est,
697 564 790 593 vide-

88 613 166 643 licet
181 613 218 641 ut
238 612 356 641 multos
368 611 544 648 seducant,
558 610 590 640 et
601 609 760 640 abducant
771 618 788 639 a

87 658 206 687 (Ibi-isti
227 657 396 695 gregibus,
420 657 453 686 et
483 655 609 685 socient
628 655 705 685 suis.
722 655 788 684 IIoc

89 713 145 741 pro
161 704 279 734 litterae
295 704 397 732 textu.
411 702 481 730 Jam
496 709 573 731 vero
585 700 788 738 spiritualem

87 757 217 779 sensum
244 748 300 786 qui
326 748 360 776 in
377 746 527 783 0313101,
545 746 604 775 51111
633 745 696 774 3110
719 753 789 775 501-

87 794 190 823 monis
216 792 379 831 principio
401 792 608 829 exspectate,
632 790 788 829 quicquid

86 839 168 868 illud
181 839 262 873 erit,
278 837 363 875 quod
376 836 457 866 mibi
474 836 547 866 inde
566 836 657 866 vobis
668 836 789 865 oranti-

86 883 145 913 bus
161 891 217 912 sua
232 882 455 912 misericordia
470 881 584 920 partiri
600 881 787 919 dignabitur

83 937 217 966 sponsus
233 928 383 957 Ecclesiae
405 928 498 957 Jesus
514 927 661 957 Christus
675 926 788 956 Domi-

87 984 147 1004 nus
173 975 298 1011 noster,
320 974 376 1012 qui
398 974 448 1002 est
462 981 559 1011 super
575 972 682 1003 omnia
700 973 788 1002 Deus

86 1020 282 1051 benedictus
295 1020 329 1049 in
344 1019 478 1055 saecula,
495 1026 603 1048 amen.

245 1142 414 1175 SERMO
439 1141 629 1174 XXXIII.

84 1212 124 1238 De
144 1211 188 1235 liis
209 1217 275 1241 quae
296 1217 405 1240 semper
424 1209 553 1233 sectanda
573 1210 639 1232 sunt
659 1215 674 1232 a
693 1210 788 1232 mente

121 1248 228 1271 devota.
251 1245 327 1276 Quid
344 1246 377 1268 sit
398 1245 544 1273 meridies,
564 1246 589 1267 et
609 1243 642 1267 de
661 1246 788 1274 quatuor

120 1283 270 1315 generibus
284 1281 473 1305 tentationum
486 1286 595 1310 semper
606 1279 750 1304 evitandis.

125 1345 154 1374 l.
168 1344 275 1374 ludica
286 1343 361 1372 milii
372 1351 461 1381 quem
476 1342 572 1380 diliqit
587 1342 694 1371 anima
704 1350 786 1378 mea,

84 1390 137 1419 ubi
149 1397 269 1427 pascas,
286 1387 339 1416 ubi
352 1387 440 1417 cubes
455 1388 487 1416 iu
498 1387 635 1416 meridie.
652 1386 691 1415 Et
705 1386 787 1416 alius

83 1435 215 1472 quidam
229 1442 236 1461 :
248 1434 372 1469 Indica,
390 1432 508 1469 inquit,
524 1432 603 1460 ntihi
615 1441 670 1461 cur
684 1440 731 1461 me
743 1433 787 1461 ita

81 1482 207 1518 ¹judices.
217 1478 277 1508 Ubi
292 1486 355 1507 non
370 1485 447 1507 sane
462 1477 659 1508 sententiam
675 1485 786 1507 causa—

83 1528 157 1561 tur,
174 1525 231 1554 sed
248 1523 409 1553 scrutatur
425 1531 574 1560 causam,
592 1522 715 1553 erudiri
728 1522 786 1552 ssa—

83 1571 177 1609 gellis
191 1570 327 1608 petens,
342 1577 407 1598 non
420 1568 503 1598 erui.
520 1568 601 1598 Item
616 1568 699 1598 alius
714 1576 786 1607 pre-

83 1620 194 1653 catur,
219 1615 332 1645 dicens
348 1623 355 1643 :
375 1616 451 1645 Vias
473 1616 560 1650 tuas,
575 1615 725 1651 Domine,
738 1615 787 1644 de-

83 1664 223 1696 monstra
237 1661 331 1697 mihi,
353 1662 381 1690 et
394 1661 519 1690 semitas
535 1661 605 1689 tuas
623 1660 710 1688 edoce
724 1668 784 1688 me.

82 1708 168 1742 Quas
177 1704 377 1735 dixeritvias
386 1704 437 1732 vel
450 1702 786 1740 semitas,1nanitestat

83 1752 161 1781 alibi
180 1759 187 1778 :
201 1751 336 1780 Deduxit
350 1758 410 1784 me,
426 1747 544 1786 inquit,
559 1757 650 1786 super
663 1748 787 1778 semitas

80 1795 307 1835 justitioeAErgo
319 1794 381 1823 tria
396 1793 456 1823 ista
471 1792 579 1822 anima
593 1792 718 1822 curiosa
727 1793 785 1822 Dei

83 1850 146 1871 non
169 1843 270 1871 cessat
292 1839 479 1877 inquirere,
498 1838 658 1875 justitiam
683 1838 716 1868 et
734 1838 786 1875 ju—

82 1888 229 1924 dicium,
257 1886 290 1915 et
314 1886 421 1915 locum
441 1884 656 1914 habitationis
676 1884 785 1922 glorice

81 1933 190 1971 51101151
209 1933 392 1968 :tamquam
406 1930 493 1960 viam
504 1929 539 1959 in
550 1938 613 1968 qua
628 1930 784 1967 ambulet,

82 1979 245 2009 cautelam
265 1985 329 2015 qua
358 1975 526 2013 ambulet,
556 1976 590 2005 et
620 1975 663 2005 ad
688 1983 785 2013 quam

83 2024 230 2054 ambulet
254 2022 467 2052 mansionem.
482 2022 528 2050 De
543 2029 606 2059 qua
620 2021 784 2051 mansione

83 2071 128 2099 sic
143 2070 243 2099 habes
265 2069 299 2098 in
315 2068 495 2105 Propheta:
512 2068 611 2098 Unam
628 2068 718 2106 petii,
735 2067 785 2097 in-

80 2116 166 2153 quit,
179 2124 198 2144 a
211 2115 356 2150 Domino,
369 2113 448 2142 lianc
463 2114 633 2151 requiram,
649 2115 684 2142 ut
697 2113 785 2142 inha-

84 2161 173 2190 bilem
196 2161 228 2189 iu
252 2160 341 2189 domo
366 2159 495 2189 Domini
517 2158 657 2188 omnibus
682 2158 785 2189 diebus

81 2207 151 2236 viloe
166 2214 253 2235 nzeoe.
269 2206 307 2235 Et
322 2204 439 2234 iterum
458 2212 466 2232 :
479 2204 609 2234 Domine
624 2204 720 2234 dilexi
733 2205 784 2234 de-

82 2260 183 2280 wrem
197 2252 302 2280 domus
318 2252 396 2286 tuoe,
413 2251 441 2279 et
462 2250 561 2280 locum
584 2249 784 2280 habitationis

83 2298 187 2335 ylurioe
203 2299 274 2325 (ute.
290 2297 387 2325 Porro
412 2295 451 2325 de
473 2295 609 2334 reliquis
625 2295 748 2327 duobus
774 2305 781 2325 :

83 2343 207 2373 Jusmia
221 2344 248 2371 et
259 2342 422 2380 judicium,
435 2341 493 2379 ait,
510 2343 697 2380 praeparatio
708 2344 783 2373 sedis

84 2390 156 2418 tuce.
178 2387 290 2417 Merito
313 2387 373 2416 tria
396 2387 455 2416 ista
477 2395 568 2416 mens
593 2387 707 2417 devota
731 2397 783 2418 re-

83 2433 205 2470 quirit,
220 2433 330 2470 utpote
342 2431 455 2461 sedem
471 2432 547 2471 Dei,
560 2433 592 2462 et
607 2433 693 2463 sedis
703 2442 784 2472 11130-

83 2478 295 2517 parationem.
313 2478 350 2507 Et
370 2478 482 2515 pulcre
508 2477 542 2507 in
563 2486 685 2516 sponsae
700 2487 784 2517 11131-

85 2523 260 2561 rogativam
275 2523 471 2553 concurrunt
483 2523 606 2561 pariter
620 2524 729 2553 omnia
743 2525 783 2555 ad

85 2568 393 2599 consummationem
405 2568 574 2606 virtutum,
587 2569 671 2599 111ᾱο
681 2569 782 2600 forma

85 2613 216 2649 justitiae
231 2614 273 2645 sit
285 2614 420 2645 formosa
431 2636 441 2653 ,
458 2614 497 2644 de
513 2613 708 2652 judiciorum
723 2624 783 2646 110-

1464 195 1523 225 263

823 246 897 276 titia
911 246 1004 275 cauta
1014 268 1024 284 ,
1044 245 1084 275 de
1099 245 1260 275 desiderio
1273 248 1451 285 111-3150111130
1466 257 1524 280 seu

823 292 931 330 gloriae
943 292 1051 330 sponsi
1060 290 1158 320 easta.
1171 290 1280 319 Talem
1290 300 1417 329 prorsus
1429 295 1524 325 decet

824 347 894 369 esse
918 345 1069 376 sponsam
1092 335 1241 373 Domini,
1264 337 1428 375 pulcram,
1452 348 1523 369 eru<

824 383 925 414 ditam
939 405 948 420 ,
963 383 997 413 et
1014 382 1148 412 castam.
1170 382 1251 418 Ergo
1271 381 1405 420 petitio,
1427 392 1522 421 quam

823 429 972 459 ultimam
999 429 1114 467 posui,
1138 428 1233 457 istius
1264 427 1313 456 est
1342 428 1416 457 1001.
1439 429 1524 459 Petit

823 474 983 512 siquidem
999 473 1038 502 ab
1054 481 1091 503 eo
1103 480 1202 510 quem
1215 470 1321 509 diligit
1337 471 1444 500 anima
1455 480 1524 511 sua,

824 519 962 549 indicari
978 519 1059 557 sibi,
1074 518 1131 548 ubi
1145 516 1274 557 pascat,
1291 516 1324 546 et
1349 516 1405 546 ubi
1428 517 1526 548 cubet

823 564 857 594 in
872 565 1025 594 meridie.

862 610 893 639 2.
904 610 942 640 Et
957 610 1060 647 primo
1076 607 1229 645 adverte,
1245 616 1343 646 quam
1358 608 1526 646 eleganter

823 663 964 685 amorem
986 655 1119 693 spiritus
1134 662 1152 684 3
1168 655 1275 684 0311115
1297 654 1462 684 discernat
1477 654 1525 684 at-

823 700 930 738 fectu,
947 701 1023 730 dum
1039 701 1197 730 dilectum
1215 699 1401 738 exprimere
1422 699 1526 738 magis

823 746 891 784 ipsa
908 746 1079 776 allectione
1090 767 1099 783 ,
1116 754 1213 784 quam
1238 745 1370 775 nomine
1387 745 1500 775 volens
1512 766 1523 783 ,

822 800 885 822 non
900 792 1094 830 simpliciter
1118 800 1215 829 quem
1243 791 1359 829 diligo,
1386 791 1460 829 sed,
1479 791 1523 829 O,

823 837 948 876 inquit,
961 845 1060 876 quem
1075 837 1183 875 diligit
1194 837 1301 866 anima
1316 844 1389 866 11103
1403 857 1411 874 ,
1428 837 1525 875 spiri-

822 884 921 913 talem
948 883 1120 921 designans
1145 882 1367 913 dilectionem.
1397 883 1525 913 Deinde

824 929 976 966 quidnam
994 928 1112 958 camin
1127 929 1198 957 1000
1221 935 1349 966 pascuae
1370 928 1451 957 adeo
1466 928 1525 958 de-

822 974 922 1005 lectet
932 996 940 1012 ,
950 974 1129 1012 diligenter
1141 973 1284 1003 attende.
1293 973 1356 1002 Sed
1370 981 1430 1003 nec
1443 973 1524 1003 illud

821 1020 993 1058 praetereat
1020 1021 1053 1050 te
1080 1019 1120 1049 de
1155 1019 1234 1049 hora
1258 1018 1459 1057 meridiana,
1489 1020 1524 1050 et

821 1065 907 1102 quod
932 1065 959 1094 is
980 1065 1184 1103 potissimum
1208 1064 1397 1103 exploratur
1412 1065 1523 1103 locus,

822 1110 855 1139 in
871 1119 934 1149 quo
949 1111 1004 1149 qui
1028 1111 1149 1149 pascit,
1174 1110 1270 1140 cubat
1292 1110 1389 1140 simul
1413 1119 1420 1139 :
1438 1111 1525 1148 quod

822 1157 871 1186 est
885 1165 1009 1194 magnae
1031 1157 1214 1186 securitatis
1237 1155 1410 1186 indicium.
1427 1156 1525 1186 Arbi-

822 1203 887 1232 tror
902 1203 990 1232 enim
1002 1202 1042 1232 ob
1059 1203 1119 1232 hoc
1133 1202 1297 1240 additum,
1314 1202 1423 1241 cubat,
1436 1202 1524 1240 quod

821 1257 859 1278 00
874 1248 938 1279 1001
949 1249 1084 1278 minime
1100 1256 1233 1278 necesse
1248 1248 1291 1277 sit
1305 1250 1389 1278 stare
1402 1270 1411 1286 ,
1425 1248 1458 1277 et
1472 1248 1525 1278 vi—

820 1294 921 1332 gilare
936 1303 1035 1334 super
1059 1294 1238 1324 custodiam
1252 1294 1376 1332 gregis,
1396 1294 1524 1332 quando

820 1349 918 1379 grex,
945 1341 1045 1371 etiam
1070 1340 1211 1370 cubante
1237 1341 1365 1378 pastore
1389 1340 1422 1369 et
1441 1348 1523 1377 pau-

820 1387 912 1416 sante
936 1386 995 1416 sub
1016 1385 1162 1423 umbris,
1187 1385 1292 1415 libere
1309 1384 1523 1416 nibilominus

819 1431 978 1461 discurrat
993 1431 1028 1461 in
1042 1430 1181 1470 pascuis.
1194 1430 1286 1460 Felix
1298 1431 1398 1468 regio,
1410 1429 1444 1459 in
1459 1439 1524 1469 qua

818 1484 876 1514 pro
900 1476 999 1506 libitu
1021 1484 1099 1506 oves
1121 1475 1352 1514 ingrediuntur
1373 1476 1407 1505 et
1429 1484 1523 1514 egre-

818 1522 974 1560 diuntur,
991 1522 1023 1552 et
1038 1530 1103 1552 non
1121 1522 1169 1552 est
1181 1521 1236 1559 qui
1249 1522 1427 1551 exterreat.
1444 1522 1524 1559 Quis

817 1567 899 1596 mihi
912 1567 1035 1597 tribuat
1048 1567 1161 1597 videre
1175 1576 1233 1597 vos
1243 1589 1252 1605 ,
1264 1575 1383 1605 meque
1400 1569 1522 1605 pariter

818 1612 853 1642 in
879 1612 1045 1642 montibus
1067 1613 1156 1650 pasci
1181 1620 1248 1642 una
1270 1620 1343 1642 cum
1373 1612 1442 1642 illis
1463 1621 1522 1643 no-

818 1657 950 1694 naginta
964 1665 1082 1687 novem
1097 1666 1169 1696 quae
1183 1657 1252 1687 illic
1267 1657 1391 1687 relictae
1406 1658 1522 1695 legun-

818 1704 888 1740 tur,
911 1711 985 1732 cum
1015 1704 1127 1733 Pastor
1154 1711 1266 1733 earum
1288 1703 1461 1741 dignanter
1481 1703 1523 1734 ad

817 1756 914 1778 unam
930 1748 1097 1778 descendit
1111 1757 1183 1786 quae
1200 1748 1386 1778 erraverat?
1400 1748 1523 1780 Secum

818 1795 930 1832 procul
946 1794 1044 1824 dubio
1061 1794 1159 1823 cubat
1173 1802 1274 1832 prope
1285 1816 1294 1832 ,
1310 1794 1367 1832 qui
1383 1795 1416 1824 et
1427 1795 1523 1834 longe

819 1840 972 1870 recedere
988 1839 1124 1869 minime
1138 1839 1318 1877 dubitavit,
1328 1840 1433 1869 sciens
1444 1841 1522 1879 quia

818 1885 851 1915 in
869 1886 941 1916 tuto
959 1894 1012 1915 eas
1032 1886 1250 1923 relinqueret.
1268 1886 1382 1915 Merito
1405 1894 1522 1924 sponsa

818 1931 874 1961 illo
890 1931 1173 1970 suspirat,merito
1189 1931 1295 1961 inhiat
1309 1931 1378 1961 loco
1393 1940 1522 1970 pascuae

818 1977 914 2007 simul
930 1978 962 2008 et
975 1978 1082 2016 pacis,
1095 1977 1152 2007 sed
1163 1977 1283 2015 quietis
1298 1999 1307 2016 ,
1323 1977 1380 2007 sed
1395 1977 1521 2007 securi-

817 2024 914 2061 tatis,
937 2023 996 2054 sed
1017 2023 1263 2061 exsultationis,
1290 2022 1347 2053 sed
1380 2023 1521 2054 admira-

817 2068 933 2108 tionis,
949 2069 1006 2099 sed
1032 2069 1184 2108 stuporis.
1201 2070 1281 2098 Nam
1307 2069 1341 2098 et
1354 2077 1407 2098 me
1423 2068 1521 2099 mise-

817 2122 889 2143 rum
903 2136 912 2152 ,
931 2114 1013 2144 heu!
1029 2114 1125 2153 longe
1151 2113 1302 2152 agentem
1319 2113 1351 2143 et
1366 2113 1407 2142 de
1422 2113 1518 2151 longe

817 2159 1012 2191 salutantem
1024 2182 1033 2198 ,
1050 2168 1090 2190 en
1117 2159 1187 2198 ipsa
1202 2159 1272 2196 ejus
1285 2158 1464 2189 recordatio
1480 2160 1521 2190 ad

816 2206 974 2244 lacrymas
991 2206 1166 2245 provocat,
1189 2206 1285 2244 plane
1308 2204 1402 2242 Juxta
1423 2205 1521 2236 affec·

816 2251 937 2282 tionem
954 2252 987 2282 et
1002 2260 1115 2282 vocem
1128 2251 1308 2281 dicentium
1323 2259 1331 2280 :
1351 2252 1448 2290 Super
1461 2253 1520 2289 flu—

815 2299 901 2328 mina
915 2298 1083 2337 Babylonis
1104 2299 1165 2328 illic
1179 2299 1311 2328 sedimus
1323 2299 1350 2328 et
1363 2299 1519 2336 flevimus,

816 2345 888 2374 dum
899 2345 1132 2374 recordaremur
1148 2345 1193 2374 tui
1206 2345 1292 2374 Sion.
1306 2343 1400 2373 Libet
1412 2344 1521 2374 excla-

815 2397 902 2419 mare
921 2390 954 2420 et
968 2397 1020 2419 me
1036 2398 1110 2419 cum
1126 2397 1243 2428 sponsa
1258 2389 1382 2428 pariter
1397 2390 1430 2418 et
1445 2396 1518 2418 cum

815 2435 975 2473 Propheta
991 2445 999 2465 :
1013 2436 1124 2465 Lauda
1134 2437 1234 2465 Deum
1250 2437 1336 2465 tuum
1347 2434 1433 2470 Sion,
1445 2442 1519 2471 quo-

815 2481 901 2510 niam
912 2480 1095 2518 confortavit
1108 2489 1192 2511 seras
1205 2481 1369 2518 portarum
1378 2480 1517 2514 tuarum,

817 2526 968 2556 benedixit
979 2527 1050 2564 filiis
1065 2527 1124 2556 tuis
1140 2527 1172 2555 in
1188 2527 1227 2555 te.
1241 2525 1303 2564 Qui
1324 2524 1426 2562 posuit
1442 2523 1518 2560 sines

816 2573 882 2602 tuos
895 2580 1020 2610 pacem,
1041 2573 1071 2602 et
1094 2572 1182 2608 adipe
1205 2569 1354 2608 frumenti
1365 2567 1461 2598 satiat
1476 2567 1516 2598 te.

814 2617 892 2654 Quis
911 2625 976 2647 non
992 2616 1060 2646 11110
1075 2614 1290 2646 vehementer
1306 2612 1414 2652 cupiat
1428 2614 1517 2651 pasci
