1830 3073
510 238 565 267 ΒΕ
585 230 797 266 DlVERsxs
822 230 973 261 SERMO
997 231 1089 260 X1V.

83 296 171 334 naec,
186 292 348 334 siquidem
365 292 433 323 sola
452 291 575 329 fuerit,
591 289 779 320 nullatenus

83 341 201 372 sufficit
212 341 252 371 ad
262 339 413 376 salutem,
425 337 524 367 immo
535 345 613 368 vero
622 334 782 373 judicium

85 385 301 417 damnationis
326 383 528 421 accumulat,
554 382 593 412 ut
619 380 745 411 dicatur
771 386 780 407 τ

84 433 156 462 Haec
167 431 275 469 fecisti,
289 431 317 459 et
331 430 425 460 tacui.
442 427 632 467 Apostolum
646 424 782 464 proinde

84 476 269 513 audiamus,
291 482 380 504 more
403 482 460 504 suo
480 471 675 504 terribiliter
694 470 781 500 into-

84 521 214 552 nantem
231 529 239 550 :
263 521 314 551 Λη
335 520 453 551 divitias
473 519 615 550 bonitatis
631 516 714 554 ejus,
732 516 784 544 in-

85 567 174 605 quit,
189 565 291 606 (haud
305 565 440 596 dubium
455 564 534 603 quin
548 560 623 602 Dei)
639 563 666 592 et
677 562 784 599 lonqu-

83 613 232 643 manicatis
264 610 456 642 contemnis?
483 612 613 648 lquoras
638 608 784 646 quoniam

83 659 232 696 patientia
243 659 302 688 Dei
313 658 352 688 ad
364 656 574 695 paenitentiam
591 656 618 684 te
639 651 784 683 adducit?

87 704 133 732 Tu
155 703 278 739 autem,
299 702 462 733 secundum
482 701 630 730 duritiam
654 700 741 728 tuam
757 698 784 728 et

83 757 138 779 cor
151 749 340 787 impoenilens
350 765 361 783 -‚
377 746 569 777 thesaurizas
584 744 640 775 tibi
654 745 737 774 iram
751 745 785 774 in

84 795 131 824 die
155 795 223 823 iroe.
239 791 465 829 Thesaurizas,
481 789 608 829 inquit,
623 789 685 820 tibi
710 790 784 819 the-

85 846 194 868 sauros
208 838 264 868 irae
277 845 335 877 pro
350 836 536 875 praerogatis
550 834 711 865 thesauris
725 834 786 864 mi-

85 883 268 914 sericordiae
287 890 364 921 quos
384 881 580 918 contemnis,
598 882 632 911 et
647 888 785 911 evacuas

86 929 164 959 inte
177 927 432 959 misericordiam
446 928 518 957 Dei.
530 926 594 956 Sed
608 925 785 956 secundum

86 974 184 1011 quid?
205 975 376 1004 Secundum
391 973 538 1002 duritiam
568 973 654 1002 tuam
664 991 673 1006 ,
688 970 745 1006 ait,
758 972 786 1000 et

87 1028 140 1049 cor
151 1020 352 1058 impoenitens.
368 1018 446 1055 Quis
457 1019 567 1047 autem
585 1016 712 1047 scindet
726 1016 788 1046 du-

88 1064 196 1094 ritiam
210 1064 304 1094 istam
317 1084 327 1101 e
339 1063 404 1093 nisi
426 1063 481 1101 qui
497 1062 645 1100 passione
661 1069 718 1091 sua
732 1069 787 1098 pe-

87 1109 153 1137 tras
163 1107 280 1137 scidit?
290 1107 368 1143 Quis
380 1107 469 1136 dabit
479 1114 532 1136 cor
542 1105 715 1142 poenitens,
724 1105 786 1134 nisi

89 1161 104 1181 a
121 1161 183 1190 quo
198 1154 247 1183 est
262 1160 355 1181 omne
367 1152 476 1181 datum
491 1148 668 1188 optimum?

127 1199 158 1227 5.
175 1199 249 1227 Haec
265 1197 313 1226 est
324 1196 463 1225 secunda
477 1194 787 1231 misericordia‚om-

89 1243 165 1273 nino
180 1242 282 1279 maior
295 1241 420 1278 priore,
444 1249 516 1278 quae
532 1240 610 1269 facit
627 1247 669 1268 ne
684 1239 786 1276 prima

90 1289 130 1318 >it
145 1287 360 1323 infructuosa,
377 1286 410 1315 et
426 1285 633 1315 convertatur
648 1285 681 1313 in
697 1284 788 1313 dam-

90 1333 254 1363 nationem
271 1332 399 1368 mortis;
421 1331 526 1361 dando
542 1329 668 1360 scilicet
681 1329 788 1368 poeni-

89 1377 237 1414 tentiam,
248 1377 319 1407 sine
330 1384 392 1415 qua
403 1375 603 1414 exspectatio
617 1382 682 1404 non
692 1374 786 1403 modo

90 1431 153 1453 non
178 1423 329 1462 prodest,
352 1422 411 1452 sed
432 1421 522 1452 obest
543 1420 733 1459 plurimum.
749 1420 787 1450 Et

91 1469 158 1498 haec
173 1469 306 1506 quidem
321 1468 355 1498 in
369 1467 498 1498 levibus
520 1467 663 1505 peccatis
681 1466 788 1504 potest

89 1512 236 1543 sufficere
255 1521 263 1541 :
284 1513 438 1550 quoniam
453 1511 488 1542 in
502 1511 552 1541 his
566 1518 584 1540 a
598 1511 716 1549 quibus
731 1511 788 1540 ab—

89 1559 210 1588 stinere
224 1558 355 1587 omnino
370 1566 433 1587 non
448 1564 616 1595 possumus
631 1556 707 1586 dum
719 1565 787 1594 ges·

90 1604 193 1633 tamus
208 1611 322 1641 corpus
338 1602 478 1641 pcccati,
495 1602 535 1632 ad
549 1601 687 1631 salutem
702 1602 788 1632 suffi-

90 1656 164 1678 ccre
179 1649 285 1687 potest
307 1648 504 1686 poenitentia
525 1646 730 1685 quotidiana.
747 1648 787 1677 At

90 1693 123 1721 in
139 1693 338 1730 gravioribus
352 1693 503 1731 quidem,
520 1692 554 1722 et
568 1700 639 1730 quae
654 1693 787 1730 peccata

90 1738 130 1768 ad
150 1739 286 1769 mortem
307 1739 402 1775 sunt,
429 1745 508 1775 opus
529 1737 578 1767 est
601 1745 666 1766 non
694 1738 787 1767 modo

90 1783 284 1820 poenitentia
297 1804 307 1820 ,
322 1791 437 1812 verum
452 1782 551 1811 etiam
575 1782 786 1811 continentia.

90 1827 240 1857 Difficilis
250 1834 379 1865 prorsus
393 1834 458 1864 res,
476 1827 509 1856 et
523 1826 583 1856 soli
595 1826 712 1856 divinae
725 1827 791 1856 vir-

91 1872 153 1902 tuti
179 1872 340 1910 possibilis
353 1893 362 1909 ,
379 1873 564 1909 susceptum
585 1872 686 1901 semel
712 1879 790 1909 pec-

93 1916 154 1946 cati
168 1917 281 1955 ¹iugum
297 1924 315 1946 a
331 1916 514 1946 cervicibus
528 1916 595 1946 suis
610 1916 763 1946 excutere
780 1926 788 1946 :

91 1961 242 1999 quoniam
254 1961 310 1999 qui
326 1960 402 1990 facit
417 1961 600 1999 peccatum,
619 1968 731 1990 servus
743 1962 790 1992 est

91 2007 238 2045 pcccati,
265 2014 326 2037 nec
351 2007 400 2037 est
420 2006 488 2044 jam
511 2006 645 2037 liberari
665 2007 729 2038 nisi
754 2008 789 2037 in

91 2059 188 2081 manu
198 2051 284 2082 forti.

129 2095 161 2125 Δι.
176 2096 249 2126 Haec
265 2095 311 2126 est
324 2103 438 2134 magna
449 2093 670 2126 misericordia
680 2117 689 2134 ,
701 2103 790 2134 mag-

93 2141 142 2171 nis
158 2141 339 2171 necessaria
354 2141 592 2180 peccatoribus,
608 2141 648 2171 de
663 2150 726 2181 qua
741 2142 790 2172 di-

91 2187 174 2216 citur
190 2195 198 2216 ε
214 2188 356 2217 Miserere
367 2188 425 2217 mei
433 2188 515 2217 Deus
526 2188 690 2218 secundum
703 2196 790 2228 maq-

91 2240 165 2261 nam
186 2233 429 2263 misericordiam
454 2234 559 2269 tuam,
574 2234 603 2263 et
624 2235 788 2264 secundum

92 2278 314 2307 multitudinem
334 2278 566 2308 miserationum
578 2279 716 2315 tuarum,
731 2281 787 2310 etc.

92 2322 138 2351 De
156 2322 295 2360 quatuor
315 2322 443 2353 filiabus
464 2331 587 2361 magnae
604 2324 790 2354 misericor-

93 2367 110 2394 d
119 2367 153 2395 iae
165 2367 286 2396 dictum
298 2367 359 2405 est,
371 2376 444 2406 quae
453 2369 528 2398 sunt
536 2368 690 2398 immissio
705 2377 791 2400 ama-

93 2411 256 2449 ritudiniS,
267 2412 442 2443 subtractio
452 2414 714 2452 opportunitatis,
725 2415 791 2445 vir-

93 2458 144 2485 tus
168 2457 364 2495 resistendi,
386 2458 420 2488 et
446 2459 566 2489 sanitas
595 2460 788 2491 allectionis.

92 2502 287 2540 Quandoque
304 2502 394 2532 enim
408 2502 458 2542 ei,
482 2504 539 2542 qui
560 2505 692 2543 peccato
709 2514 791 2543 quo-

94 2548 143 2577 vis
180 2547 338 2585 obligatus
369 2549 519 2586 tenetur,
551 2550 607 2588 pie
642 2551 790 2582 immittit

93 2593 246 2623 Dominus
266 2594 498 2624 amaritudines
522 2595 674 2633 quasdam
684 2617 692 2633 ,
719 2605 790 2634 quae

94 2638 234 2671 luentem
247 2641 405 2678 occupant
416 2640 568 2677 hominist,
577 2642 608 2671 et
622 2641 791 2679 expellunt

816 286 1035 324 perniciosam
1077 281 1328 316 delectationem
1375 287 1513 326 pcccati:

817 333 1018 370 Quandoque
1035 330 1196 362 subtrahit
1217 331 1492 368 opportunitatem
1505 355 1516 371 ‚

816 386 877 408 nec
888 378 1009 408 tentari
1023 377 1146 416 patitur
1160 375 1393 406 infirmitatem.
1408 379 1516 415 Quan-

817 423 922 462 doque
937 422 1095 453 virtutem
1112 421 1210 451 donat
1223 421 1417 459 resistendi,
1433 424 1518 460 quod

817 469 923 506 majus
937 468 988 498 est
1002 476 1010 496 :
1028 467 1065 497 ut
1079 466 1206 497 scilicet
1215 465 1431 496 tentationem
1446 475 1519 496 sen-

816 514 903 544 tiens
914 513 1058 544 viriliter
1073 512 1164 549 agat,
1180 511 1214 541 et
1233 519 1299 541 non
1321 512 1516 541 consentiat.

816 559 1013 597 Quandoque
1025 558 1227 588 affectionem
1236 560 1338 594 sanat,
1350 557 1435 595 quod
1446 565 1520 595 per-

817 604 1030 634 fectissimum
1045 604 1106 640 est,
1122 603 1155 633 et
1172 603 1207 632 in
1226 610 1288 640 quo
1304 610 1432 640 prorsus
1445 610 1520 632 era-

819 650 945 681 dicatur
970 649 1108 680 tentatio
1130 657 1139 679 ε
1162 648 1202 678 ut
1229 656 1296 678 non
1320 649 1427 678 solum
1454 655 1519 677 non

819 695 1039 725 consentiatur
1053 694 1084 724 ei
1094 716 1103 732 ,
1119 692 1178 724 sed
1192 701 1252 724 nec
1272 693 1433 724 sentiatur
1447 692 1520 731 qui-

817 740 904 771 dem.

1010 832 1180 866 sunnio
1196 825 1326 884 xlv,

820 908 860 933 De
870 909 975 940 septem
989 907 1066 933 donis
1077 908 1198 940 Spiritus
1207 907 1293 932 sancti
1306 908 1406 932 contra
1416 908 1519 937 septem

1130 945 1208 968 vitia.

860 1005 891 1036 i.
933 1001 1092 1045 Sapientia
1117 1000 1222 1036 vincit
1238 1005 1410 1043 malitiam,
1444 1005 1522 1035 dum

821 1052 963 1081 satanam
985 1052 1124 1081 conterit
1152 1051 1213 1081 Dei
1247 1052 1369 1089 virtus,
1400 1051 1432 1081 et
1460 1050 1521 1081 Dei

821 1097 981 1134 sapientia
1007 1097 1162 1126 Christus.
1183 1097 1314 1134 Attinqz't
1337 1106 1408 1135 erqo
1425 1106 1445 1126 a
1461 1097 1522 1133 fine

822 1151 914 1180 usque
933 1142 973 1172 ad
989 1142 1080 1179 finem
1093 1142 1226 1180 fortiter,
1242 1141 1276 1171 in
1291 1142 1373 1171 eoelo
1387 1142 1521 1179 quidem

822 1189 1005 1226 deficiendo
1026 1189 1203 1227 superbum
1216 1211 1225 1226 ,
1242 1190 1277 1218 in
1290 1189 1411 1219 mundo
1425 1198 1523 1226 supe-

822 1234 920 1263 rando
935 1235 1112 1271 malignum
1124 1256 1134 1272 ,
1150 1234 1184 1263 in
1204 1234 1333 1264 interno
1356 1235 1523 1272 spoliando

822 1285 966 1309 avarum.
982 1281 1024 1309 Et
1039 1280 1167 1316 disponit
1187 1280 1293 1309 omnia
1313 1280 1459 1315 suaviter,
1487 1279 1522 1308 in

822 1324 902 1354 coelo
929 1325 1050 1355 stantes
1068 1325 1206 1362 Angelos
1227 1324 1465 1360 confirmando,
1486 1325 1522 1354 in

822 1369 940 1399 mundo
954 1369 1168 1400 venumdatos
1189 1369 1400 1405 redimendo,
1420 1369 1454 1398 in
1471 1369 1523 1399 in-

822 1414 912 1445 ferno
925 1416 1068 1454 captivos
1082 1414 1263 1445 liberando.
1276 1414 1349 1450 Aut,
1362 1414 1388 1444 si
1404 1415 1523 1444 melius

822 1462 939 1499 placet,
956 1461 1155 1499 accipiamus
1172 1460 1230 1490 hoc
1245 1460 1352 1490 modo.
1369 1460 1522 1490 Ordinata

823 1507 967 1545 procedit
981 1508 1051 1537 acie
1073 1507 1229 1537 adversus
1249 1509 1372 1544 septem
1397 1507 1522 1544 peccati

822 1553 938 1591 gradus
954 1552 1093 1591 Spiritus
1109 1552 1319 1590 septiformis.
1338 1552 1375 1582 Et
1400 1553 1524 1590 primus

823 1598 932 1628 contra
958 1598 1192 1636 negligentiam
1231 1598 1341 1627 Timor
1365 1598 1524 1637 exsurgit.

821 1644 980 1674 Nimirum
1001 1644 1071 1682 ipse
1085 1646 1151 1682 est,
1167 1651 1230 1682 quo
1247 1644 1435 1673 concutitur
1455 1644 1526 1674 ani-

822 1698 885 1729 ma,
899 1690 1070 1720 discutitur
1079 1689 1289 1725 conscientia,
1299 1690 1465 1719 excutitur
1477 1698 1527 1720 so—

823 1744 881 1773 por
899 1735 1024 1775 letalis,
1037 1736 1196 1765 incutitur
1210 1735 1407 1765 sollicitudo.
1425 1735 1526 1766 Deni-

823 1789 886 1819 que
899 1781 953 1819 qui
966 1782 1049 1811 timet
1067 1783 1169 1811 Deum
1178 1801 1188 1817 ,
1203 1781 1281 1810 nihil
1300 1780 1443 1819 neqliqit,
1468 1781 1526 1811 scd

824 1826 958 1857 veretur
973 1825 1083 1855 omnia
1099 1833 1197 1862 opera
1213 1832 1281 1854 sua.

863 1871 894 1901 2.
917 1871 1075 1901 Caeterum
1088 1871 1126 1900 ut
1139 1870 1267 1908 gravior
1281 1869 1325 1900 sit
1338 1869 1506 1901 conflictus
1515 1893 1525 1909 ‚

824 1925 956 1954 squama
970 1924 1110 1955 squamae
1124 1915 1281 1953 iungitur,
1293 1917 1326 1944 et
1339 1916 1526 1946 comitantia

824 1962 897 1992 sunt
913 1963 947 1991 in
969 1962 1111 1992 humano
1131 1961 1227 1991 corde
1244 1960 1445 1999 negligentia
1457 1962 1526 2000 sui,

825 2007 858 2036 et
877 2007 1045 2037 curiositas
1061 2008 1262 2037 caeterorum.
1281 2007 1415 2045 Triplex
1438 2007 1527 2038 enim

827 2051 876 2090 (ut
892 2053 938 2082 ait
951 2051 1100 2091 Sapiens)
1120 2052 1363 2082 incommodum
1380 2053 1471 2089 ejicit
1487 2052 1527 2083 de

825 2097 918 2127 domo
946 2096 1202 2135 inhabitantem,
1230 2096 1338 2127 fumus
1351 2118 1361 2136 ,
1397 2098 1527 2128 stillici-

824 2142 933 2182 dium,
958 2143 1044 2172 mala
1070 2151 1165 2173 uxor.
1190 2143 1324 2179 Quando
1350 2150 1428 2173 vero
1457 2144 1527 2175 haec

825 2189 963 2219 deerunt
976 2189 1180 2228 negligenti?
1193 2189 1324 2227 Propria
1333 2189 1455 2228 quippe
1470 2190 1527 2228 qui

823 2235 977 2273 negligit,
999 2235 1126 2264 fumum
1148 2242 1214 2264 non
1238 2234 1361 2273 abigit,
1389 2243 1527 2265 uxorem

824 2288 889 2310 non
913 2280 1067 2319 corrigit,
1084 2280 1210 2312 tectum
1235 2287 1302 2310 non
1323 2279 1441 2311 reficit.
1464 2281 1528 2311 Fu-

824 2326 914 2356 mant
927 2326 1079 2364 peccata,
1101 2326 1193 2355 nullo
1213 2325 1446 2356 misericordiae
1459 2326 1528 2356 stu-

825 2368 890 2410 dio,
902 2372 1002 2402 nullis
1015 2372 1233 2410 lacrymarum
1242 2371 1340 2401 undis
1352 2372 1527 2410 exstincta3

826 2417 859 2447 et
873 2417 981 2447 fumus
994 2416 1052 2446 ille
1060 2416 1248 2447 teterrimus
1256 2416 1290 2447 ct
1298 2415 1525 2447 intolerabilis.

825 2461 1014 2501 malignatur
1026 2462 1189 2500 voluntas,
1199 2462 1271 2501 ipso
1285 2461 1437 2500 neglectu
1450 2471 1528 2500 quo·

826 2507 907 2537 tidie
922 2507 1064 2542 deterior
1077 2508 1264 2547 semetipsa.
1277 2507 1384 2539 Stillat
1394 2508 1526 2546 superni

827 2552 949 2582 Judicis
973 2552 1153 2590 indignatio
1182 2561 1226 2583 ex
1253 2552 1384 2583 defectu
1412 2551 1527 2589 utique

828 2598 980 2636 caritatis,
994 2607 1067 2637 quae
1081 2607 1149 2629 sora
1163 2599 1271 2637 operit
1283 2597 1525 2628 multitudinem

827 2645 1043 2681 peccatorum.
1078 2644 1268 2683 Egrediatvu·
1302 2643 1410 2680 itaquo
1443 2642 1527 2673 foras
