1810 3073
317 201 376 233 162

312 257 446 297 propter
459 256 560 289 alium
571 280 582 298 ,
595 257 710 290 solatio
725 259 873 298 corporei
893 258 1014 288 instru-

312 304 416 335 menti
434 312 513 342 opus
527 304 628 336 hahet
643 305 700 335 illa
723 305 894 343 majestas,
921 304 1013 341 cujus

311 350 530 388 omnipotenti
590 351 727 381 arbitrio
785 350 1014 380 incunctanter

310 397 430 435 praesto
445 397 494 427 est
515 405 610 427 omne
625 405 704 435 opus
714 419 723 434 ,
737 404 832 426 omne
846 396 950 426 altum
965 396 1013 424 in-

310 442 412 473 clinat
423 465 432 481 ,
458 451 552 473 omne
579 443 752 473 adversum
777 443 865 472 cedit
879 463 890 480 ,
919 450 1013 471 omne

310 489 456 519 creatum
485 489 590 526 favet,
622 489 721 518 etiam
753 489 843 518 nullo
869 488 1012 518 interve-

309 533 422 564 niente
432 535 483 564 vel
493 533 708 563 subveniente
718 533 832 563 solatio
843 533 1013 571 corporali,

308 578 380 610 sive
402 579 575 618 spirituali.
604 580 704 608 Docet
728 579 782 608 vel
808 580 920 609 monet
944 580 1013 610 sine

308 625 442 664 lingu33
458 625 583 663 praebet
592 625 646 654 vel
662 626 754 655 tenet
768 625 1012 662 sinemanibus3

307 671 379 701 sine
394 671 531 709 pedibus
543 671 645 701 currit
661 672 693 702 et
705 672 862 702 succurrit
872 679 1014 710 pereun-

307 717 409 747 tibus.

346 763 379 793 2.
408 762 572 793 Actitabat
603 763 666 793 ista
695 763 730 793 et
763 771 838 793 cum
866 763 1011 802 patribus

305 809 470 849 prioribus
494 809 621 840 saeculis
644 818 652 838 z
679 809 939 847 experiebantur
955 810 1011 840 ho-

306 855 413 885 mines
431 855 543 886 sedula
558 855 735 893 beneficia,
752 855 809 885 sed
824 855 948 886 latebat
960 864 1013 885 eos

306 900 484 931 beneficus.
502 901 561 931 llle
577 901 710 938 quidem
723 901 903 938 attingebat
917 910 935 931 a
949 902 1012 931 fine

306 955 410 986 usque
429 947 471 977 ad
485 947 585 976 finem
600 946 729 976 fortiter
745 955 754 975 t
770 947 826 976 sed
839 947 1013 984 disponens

305 993 416 1022 omnia
427 991 591 1030 suaviter,
607 1000 672 1022 non
687 991 889 1022 sentiebatur
901 992 940 1021 ab
956 993 1013 1022 ho-

304 1038 463 1069 minibus.
494 1039 533 1068 Et
556 1038 743 1076 gaudebant
764 1037 803 1067 de
829 1038 923 1068 bonis
951 1038 1015 1069 Do-

303 1083 403 1123 mini3
417 1084 630 1114 etDominum
642 1083 789 1121 sabaoth,
800 1091 838 1113 eo
846 1083 932 1122 quod
940 1093 1013 1114 cum

302 1130 541 1169 tranquillitate
556 1130 718 1167 judicaret
746 1130 855 1160 omnia
883 1131 1012 1160 omnino

303 1176 506 1207 nesciebant.
521 1176 568 1206 Ab
582 1175 652 1214 ipso
668 1176 779 1215 erant,
796 1176 927 1206 sednon
939 1185 1010 1207 cum

304 1223 395 1261 ipso:
411 1230 471 1261 per
483 1222 591 1261 ipsum
606 1222 841 1260 vivebant,sed
856 1231 920 1252 non
930 1223 1010 1262 ipsi:

307 1276 354 1298 ex
387 1268 458 1306 ipso
485 1268 675 1306 sapiebant,
705 1268 763 1298 sed
793 1277 859 1298 non
884 1269 988 1306 ipsum
1001 1293 1010 1308 ,

304 1314 459 1352 alienati,
481 1313 623 1352 ingrati,
653 1314 824 1344 insensati.
849 1315 933 1345 Hinc
955 1316 1011 1346 de—

791 205 822 233 S.
849 201 1082 232 BERNARDI
1106 204 1300 234 ABBATIS

1046 265 1106 295 per
1128 267 1261 291 carnem
1279 261 1433 301 potenter
1447 269 1484 293 ac
1505 262 1656 302 patenter
1671 265 1748 303 ope=

1046 303 1135 334 ratus
1161 305 1266 345 mira,
1291 307 1419 339 locutus
1452 308 1615 348 salubria,
1637 317 1748 348 passus

1047 349 1179 388 indigna
1191 373 1200 389 ,
1216 352 1386 384 evidenter
1409 354 1572 393 ostendit,
1587 354 1664 393 quia
1680 354 1748 393 ipse

1046 396 1087 425 sit
1101 397 1157 435 qui
1166 398 1329 437 potenter,
1341 400 1398 430 sed
1410 401 1622 431 invisibiliter
1632 401 1748 431 saecula

1046 443 1258 482 condidisset,
1273 445 1439 483 sapienter
1453 447 1595 484 regeret,
1607 445 1748 483 benigne

1046 489 1243 527 protegeret.
1269 490 1419 529 Denique
1445 492 1524 521 dum
1545 491 1748 530 evangelizat

1046 533 1197 573 ingratis,
1215 535 1306 573 signa
1327 537 1453 574 praebet
1466 537 1674 575 infidelibus,
1688 544 1748 575 pro

1046 580 1112 610 suis
1124 581 1373 611 crucifixoribus
1388 583 1476 620 orat3
1499 590 1606 612 nonne
1622 581 1748 620 liquido

1045 625 1152 663 ipsum
1168 635 1201 657 se
1219 636 1288 658 esse
1305 628 1467 666 declarat,
1491 629 1546 666 qui
1566 637 1640 658 cum
1653 627 1748 658 Patre

1045 681 1103 703 suo
1125 674 1273 711 quotidie
1286 674 1363 704 oriri
1381 674 1461 705 facit
1475 675 1575 704 solem
1591 682 1686 704 suum
1697 681 1748 704 su-

1045 726 1104 755 per
1126 719 1226 749 bonos
1246 720 1279 750 et
1294 721 1413 758 malos,
1429 721 1516 759 pluit
1530 728 1628 758 super
1646 719 1748 756 iustos

1045 763 1079 792 et
1103 764 1268 802 injustos?
1295 767 1361 795 Hoc
1383 767 1470 795 enim
1492 766 1543 795 est
1567 764 1653 803 quod
1677 765 1747 803 ipse

1044 809 1172 840 aiebat:
1189 813 1224 842 Si
1240 820 1303 841 non
1320 812 1402 851 facio
1427 821 1520 851 opera
1535 812 1641 842 Patris
1662 811 1724 841 mei
1733 829 1746 848 ,

1043 857 1133 888 nolite
1147 859 1279 888 credere.

1082 901 1113 931 [ι.
1131 904 1176 932 En
1198 902 1314 941 aperit‘
1323 911 1358 933 os
1372 902 1479 933 carnis
1500 911 1566 932 suae
1581 902 1699 932 docens
1712 901 1748 933 in

1043 947 1152 978 monte
1166 948 1342 987 discipulos
1352 971 1361 987 ,
1374 949 1431 987 qui
1445 949 1481 978 in
1497 949 1627 978 silentio
1642 948 1748 986 Ange-

1044 991 1090 1022 los
1105 993 1139 1022 in
1165 994 1355 1024 coelestibus
1375 994 1482 1025 docet.
1498 996 1545 1024 En
1567 994 1608 1024 ad
1623 995 1746 1023 tactum

1044 1045 1205 1075 corporeae
1220 1046 1336 1069 manus
1350 1041 1484 1069 curatur
1499 1040 1603 1077 lepra,
1615 1039 1747 1076 fugatur

1043 1083 1325 1122 caecitas-,auditus
1339 1085 1641 1123 reparatur,lingua
1657 1084 1746 1113 muta

1042 1130 1216 1160 resolvitur
1225 1153 1234 1168 ,
1243 1130 1423 1168 discipulus
1431 1139 1532 1169 prope
1542 1138 1667 1160 mersus
1681 1129 1746 1159 eri-

1043 1175 1140 1213 gitur,
1157 1176 1190 1206 et
1203 1176 1230 1206 is
1245 1176 1469 1206 indubitanter
1483 1175 1680 1213 agnoscitur,
1692 1174 1745 1204 cui

1042 1220 1172 1251 dixerat
1199 1222 1294 1259 longe
1319 1222 1395 1251 ante
1426 1221 1556 1251 David:
1578 1221 1688 1259 Aperis
1711 1221 1746 1251 tu

1040 1275 1169 1297 manum
1193 1269 1303 1305 tuam,
1326 1269 1355 1297 et
1383 1268 1488 1306 imples
1512 1276 1602 1297 omne
1626 1267 1745 1296 animal

1042 1312 1260 1353 benedictione,-
1276 1314 1309 1343 et
1323 1313 1424 1343 item:
1441 1314 1602 1351 Aper-imile
1626 1314 1654 1342 te
1678 1320 1747 1341 ma·

305 1368 395 1390 mum
412 1360 535 1390 factum
552 1361 618 1398 est,
634 1360 670 1390 ut
685 1360 772 1398 quod
797 1361 910 1399 erant,
925 1362 1010 1400 quod
1041 1367 1113 1388 mon
1126 1361 1231 1396 tuam,
1246 1361 1353 1389 omnia
1380 1359 1587 1398 implebuntur
1599 1358 1743 1388 bom'tale.

303 1405 479 1443 vivebant,
496 1406 583 1444 quod
602 1406 789 1445 sapiebant,
806 1415 871 1436 non
886 1408 1009 1438 auctori
1040 1405 1083 1433 Eu
1096 1413 1189 1435 secus
1199 1405 1382 1443 corporales
1390 1404 1491 1443 pedes
1504 1404 1616 1440 jacens
1627 1411 1664 1433 ac
1675 1410 1744 1441 poe-

303 1452 509 1489 tribuerent,
538 1452 595 1482 sed
620 1453 744 1483 naturae
769 1453 1008 1493 adscriberent,
1039 1449 1147 1479 nitens
1161 1450 1252 1480 audit
1268 1450 1455 1487 peccatrix,
1470 1447 1745 1484 Remittunturtibi

304 1494 360 1525 aut
375 1497 463 1526 certe
481 1494 492 1535 (
507 1496 593 1534 quod
608 1496 816 1534 insipientius
832 1499 901 1528 erat
916 1496 927 1537 )
945 1498 1011 1528 for·
1036 1497 1162 1532 peccata
1177 1497 1230 1526 tua
1244 1505 1254 1525 .-
1271 1495 1305 1525 et
1320 1493 1522 1532 recognoscit
1533 1501 1620 1531 eum,
1633 1492 1672 1522 de
1681 1500 1743 1531 quo

303 1541 390 1571 tunae
406 1549 415 1571 ε
430 1542 570 1580 propriae
579 1550 708 1580 quoque
724 1543 893 1574 industrjae
911 1545 1023 1583 atque.
1038 1548 1081 1570 ex
1105 1541 1218 1571 multis
1240 1542 1328 1571 retro
1352 1540 1556 1578 temporibus
1583 1538 1742 1577 scriptum

302 1587 420 1618 virtuti
436 1589 531 1618 multi
544 1589 646 1619 multa
662 1589 864 1627 arrogabant.
881 1572 1023 1628 Quanta}
1038 1587 1181 1625 legerat:
1196 1588 1379 1626 Eqredietur
1403 1586 1541 1616 diabolus
1565 1588 1636 1616 ante
1654 1586 1743 1624 pedes

303 1633 365 1663 sibi
398 1635 598 1672 usurparunt
636 1634 813 1665 seductorii
826 1636 985 1673 sspiritus
998 1659 1007 1674 ,
1020 1630 1022 1636 ’
1037 1633 1112 1669 ejus.
1128 1633 1190 1663 Ubi
1205 1641 1325 1670 nempe
1343 1633 1515 1671 peccatum
1533 1631 1717 1662 remittitur
1731 1653 1742 1669 ,

302 1679 424 1717 quanta
439 1679 498 1709 soli
523 1680 557 1710 et
581 1680 667 1709 lunae
684 1680 758 1709 data
779 1680 870 1718 sunt3
887 1682 1006 1719 quanta
1037 1676 1084 1706 ibi
1099 1677 1212 1715 procul
1235 1677 1333 1707 dubio
1350 1677 1496 1706 diabolus
1509 1676 1548 1706 de
1560 1675 1656 1706 corde
1667 1683 1744 1713 pec-

301 1725 400 1755 terris
415 1726 448 1755 et
469 1725 561 1763 aquis
577 1725 751 1762 attributa,
773 1727 892 1763 quanta
908 1726 1007 1756 etiam
1038 1723 1156 1753 catoris
1182 1723 1375 1762 expellitur.
1398 1723 1481 1752 Hinc
1511 1721 1743 1752 universaliter

302 1770 496 1801 manufactis
508 1771 743 1809 fabrilibusque
755 1772 941 1801 mortalium
954 1772 1008 1802 de-
1037 1768 1076 1798 de
1105 1769 1231 1798 cunctis
1255 1768 1493 1807 poenitentibus
1520 1766 1628 1797 dicit:
1651 1768 1742 1797 Nunc

301 1816 415 1855 putata
430 1816 584 1854 operibus
601 1817 608 1845 !
625 1816 742 1846 Ilerbis
753 1839 761 1854 ,
779 1817 935 1855 arbustis,
949 1819 1009 1847 mi-
1016 1809 1021 1867 ἐ
1035 1814 1178 1852 judicium
1189 1815 1351 1846 estmuncli
1360 1836 1370 1851 ,
1389 1822 1473 1844 ἠῑιησ
1486 1814 1626 1852 princeps
1651 1812 1743 1850 hujus

303 1863 484 1892 nutissimis
498 1862 732 1900 vilissimisque
751 1861 932 1892 seminibus
950 1872 1008 1902 pro
1036 1862 1144 1891 mumlz‘
1153 1861 1289 1900 ejicietur
1310 1860 1397 1898 foras
1412 1870 1421 1898 ,-
1437 1859 1524 1898 quod
1535 1858 1665 1889 scilicet
1678 1858 1740 1888 hu-

302 1908 495 1938 numinibus
509 1908 729 1938 deferebatur.
1018 1919 1019 1922 ¹
1035 1906 1159 1937 militer
1171 1906 1340 1937 confitenti
1362 1906 1509 1936 remittat
1523 1905 1611 1934 Deus
1624 1912 1741 1943 pecca-

342 1955 374 1984 5.
395 1955 468 1984 Heu
482 1954 489 1983 ἰ
512 1954 558 1984 sic
580 1955 730 1984 homines
744 1953 959 1993 perdiderunt
975 1956 1022 1995 et,
1036 1954 1104 1983 tum
1118 1961 1127 1991 3
1145 1953 1179 1982 et
1195 1952 1343 1982 diabolus
1359 1959 1434 1981 eum
1446 1972 1456 1988 ,
1471 1958 1569 1989 quem
1585 1950 1619 1979 in
1634 1949 1741 1979 homi-

303 2001 587 2030 commutaverunt
608 2000 743 2039 gloriam
760 2008 851 2030 suam
868 2000 902 2029 in
916 2000 1007 2030 sinu-
1036 1999 1085 2028 nis
1103 1998 1199 2029 corde
1217 1997 1404 2035 invaserat,
1427 1996 1556 2026 amittat
1573 1995 1740 2035 principa-

301 2046 478 2076 litudinem
508 2046 603 2076 vituli
631 2045 831 2075 comedentis
859 2045 982 2076 foenum
998 2048 1005 2077 ἔ
1036 2046 1117 2074 tum.

301 2092 447 2129 Quorum
471 2092 558 2122 Deus
590 2091 763 2121 miseratus
790 2099 935 2129 erroreS,
966 2088 1019 2122 de'
1075 2092 1106 2121 5.
1122 2090 1268 2129 Denique
1281 2089 1425 2120 ambulat
1439 2096 1536 2127 super
1553 2087 1656 2118 undas
1671 2095 1741 2117 car-

301 2138 411 2167 monte
428 2137 577 2167 umbroso
592 2137 625 2167 et
652 2137 814 2166 condenso
836 2131 1019 2174 dignanter}
1035 2138 1163 2167 nalibus
1176 2137 1326 2175 pedibus,
1340 2135 1393 2165 cui
1405 2135 1543 2165 necdum
1561 2142 1654 2164 carne
1667 2141 1740 2164 ves-

303 2183 486 2221 egrediens,
502 2184 535 2213 in
551 2184 618 2213 sole
634 2183 744 2222 posuit
758 2174 1020 2214 tabernaculum'
1036 2183 1168 2221 titojam
1180 2182 1346 2212 Psalmista
1360 2180 1594 2220 praecinuerat:
1611 2182 1648 2210 In
1658 2179 1741 2209 mari

302 2236 409 2258 suum.
427 2229 550 2258 Obtulit
567 2237 701 2259 carnem
717 2229 921 2267 sapientibus
937 2237 1008 2260 car·
1037 2232 1086 2260 ria
1106 2232 1179 2266 tua,
1197 2231 1224 2259 et
1245 2230 1436 2259 semilae.tnoe
1460 2228 1493 2257 in
1510 2227 1598 2264 aquis
1612 2227 1738 2264 2121c111'35

302 2282 379 2304 nom
393 2296 402 2312 ,
429 2284 487 2312 per
514 2284 608 2313 quam
640 2275 805 2305 discerent
831 2283 944 2313 sapere
975 2277 1008 2306 et
1036 2276 1120 2313 quod
1136 2276 1203 2313 est,
1220 2275 1389 2305 conculcas
1405 2272 1498 2303 corda
1512 2271 1671 2301 tumentia
1684 2279 1738 2300 su-

303 2320 465 2358 spiritum.
483 2321 560 2349 Nam
576 2321 651 2350 dum
670 2321 702 2350 in
718 2329 813 2351 carne
824 2323 856 2351 et
871 2330 929 2359 per
938 2330 1008 2351 car·
1036 2322 1207 2359 perborum
1219 2344 1228 2359 ,
1245 2322 1278 2350 ct
1292 2320 1380 2349 fluxa
1389 2318 1548 2349 desideria
1560 2317 1737 2347 carnalium

301 2373 378 2396 nem
397 2365 473 2394 facit
490 2374 586 2404 opera
598 2389 606 2403 ,
622 2375 687 2396 non
704 2367 829 2405 carnis,
851 2368 908 2397 sed
922 2368 1006 2406 Dei,
1037 2367 1219 2406 comprimis
1234 2375 1243 2405 3
1267 2366 1444 2403 justificans
1466 2364 1600 2403 impios,
1633 2364 1666 2393 et
1687 2370 1738 2393 su-

303 2412 427 2441 naturae
448 2412 559 2449 utiquc.
577 2412 740 2449 imperans
753 2434 761 2450 ,
783 2421 1019 2451 superansque,
1036 2413 1153 2451 perbos
1168 2412 1355 2443 humilians.
1371 2411 1462 2448 Quod
1478 2411 1588 2440 tamen
1602 2408 1676 2446 quia
1690 2407 1739 2437 in-

303 2456 464 2486 fortunam
475 2479 483 2495 ‚
507 2458 639 2486 stultazn
666 2457 790 2487 faciens
811 2459 1020 2497 sapientiamf
1037 2459 1210 2488 visibiliter
1222 2458 1275 2496 fit,
1292 2456 1429 2487 carnalis
1444 2464 1508 2485 non
1528 2454 1627 2484 sentit
1642 2461 1659 2483 a
1674 2459 1737 2491 quo

303 2502 471 2532 hominum
483 2524 491 2540 ,
509 2502 756 2540 daelnonumque
773 2503 939 2533 debellans
954 2501 1021 2552 tyzy
1037 2504 1081 2534 fit.
1095 2504 1185 2534 Unde
1201 2503 1234 2534 et
1248 2503 1358 2533 subdit
1374 2510 1383 2531 τ
1397 2503 1438 2532 Et
1454 2501 1583 2539 vestv'qa'a
1605 2501 1659 2529 tua
1674 2507 1736 2528 non

303 2548 491 2586 rannidem3
511 2547 683 2577 manifeste
707 2548 813 2585 ipsum
833 2556 867 2578 se
884 2549 1004 2580 indicat
1018 2553 1021 2609 Ι
1037 2552 1265 2589 εοῃηοεεεηίιιν.
1281 2549 1367 2578 Hinc
1388 2555 1498 2578 rursus
1511 2546 1605 2575 Pater
1621 2544 1662 2574 ad
1686 2544 1737 2573 Fi-

305 2601 374 2623 esse
389 2615 397 2630 ,
412 2602 471 2631 per
483 2601 580 2632 quem
600 2593 714 2622 eadem
734 2594 767 2622 et
787 2594 862 2623 ante
884 2593 1004 2625 fiebant
1038 2596 1139 2625 lium:
1156 2597 1247 2632 Sede,
1264 2595 1386 2633 inquit,
1402 2603 1422 2624 a
1436 2593 1551 2622 cleastris
1571 2593 1662 2628 meis,
1684 2592 1738 2621 do·

304 2639 434 2678 quando
448 2639 578 2671 fiebant.
601 2639 636 2669 In
662 2647 779 2677 earne,
802 2639 933 2677 inquam
948 2662 956 2677 ,
974 2610 1021 2671 cti
1039 2649 1090 2672 nec
1099 2650 1214 2680 ponam
1229 2642 1367 2672 inimicos
1378 2642 1445 2671 tuos
1454 2637 1617 2670 scabellum
1624 2638 1735 2677 poclum
