1846 3078
288 222 348 251 520

285 272 439 315 inquietae
452 270 701 307 adolescentulae
712 274 927 306 audeantlevi
941 282 982 304 ex

287 329 383 353 causa
389 329 523 354 evocare
531 321 682 352 dilectam
694 330 712 352 a
721 322 788 351 tam
802 319 981 351 reverendo

286 367 440 405 collegio,
464 366 519 397 cui
543 367 664 404 absque
686 366 785 395 dubio
809 364 906 394 toties
927 362 984 392 ad-

285 412 457 451 miscetur,
471 412 599 451 quoties
620 409 866 447 contemplando
887 416 983 437 exce-

285 457 346 488 dit.
369 458 482 488 Pulcre
513 457 622 494 itaque
650 456 764 485 horum
792 453 983 483 auctoritate

285 502 451 533 terrentur
463 524 472 540 ,
487 510 504 532 a
523 509 660 540 quorum
685 498 838 528 societate
861 497 984 527 constat

285 548 384 578 avelli
397 548 486 577 illam
501 547 641 585 ipsarum
656 543 912 582 importunitate.
927 543 983 573 At-

284 592 421 622 tendant
436 589 686 621 adolescentulae
705 597 784 627 quos
799 588 961 618 offendant
973 610 982 626 ,

284 638 406 675 pariter
436 644 511 666 cum
535 635 673 664 matrem
704 633 888 672 inquietant
905 642 914 671 3
951 635 983 663 et

284 683 418 712 minime
443 682 488 711 ita
512 680 659 709 materna
674 678 714 709 de
729 679 864 710 caritate
885 679 984 710 confi-

284 730 377 768 dant,
392 729 505 759 utnon
517 728 550 757 in
566 727 659 757 illum
667 727 833 757 coelestem
842 735 983 757 conven-

282 776 352 804 tum
369 775 438 805 sine
452 780 567 811 magna
580 772 774 802 necessitate
788 772 913 802 irruere
928 781 983 803 ve-

283 820 426 849 reantur.
442 818 478 847 Id
504 818 626 856 quippe
645 825 680 848 se
702 825 798 856 agere
819 818 981 856 cogitent,

284 865 411 903 quoties
439 864 474 893 in
501 863 774 902 contemplatione
800 863 981 901 quiescenti

283 911 355 948 plus
369 910 454 947 J'usto
476 910 619 939 molestae
641 909 728 938 sunt.
748 909 882 939 Ponitur
905 917 981 939 sane

283 956 318 985 iu
333 955 501 985 voluntate
523 954 626 992 ipsius
637 975 647 991 ,
663 953 698 983 et
718 961 834 983 vacare
849 954 933 992 sibi,
950 955 981 983 et

284 1008 367 1030 curae
387 1000 517 1030 illarum
530 999 702 1029 intendere
724 1000 819 1037 prout
834 1000 980 1037 oportere

280 1045 497 1083 judicaverit,
523 1053 597 1076 cum
619 1045 749 1075 vetatur
777 1045 916 1074 excitari
942 1045 981 1075 ab

284 1092 368 1129 illis,
393 1099 559 1129 quousque
575 1091 644 1128 ipsa
659 1090 751 1120 velit.
768 1091 862 1121 Novit
886 1100 982 1129 spon-

283 1145 349 1174 sus„
365 1135 785 1175 quantassagretdilectione
797 1136 895 1166 etiam
907 1145 980 1175 erga

283 1182 450 1220 proximos
461 1190 596 1220 sponsa,
617 1183 651 1211 et
665 1182 743 1211 satis
755 1182 884 1220 propria
900 1182 980 1212 cari—

283 1229 350 1258 tate
373 1227 541 1258 sollicitari
557 1228 693 1257 matrem
719 1227 758 1256 de
783 1227 981 1264 profectibus

284 1273 442 1311 filiarum,
458 1281 518 1303 nec
533 1281 568 1303 se
577 1273 643 1302 ullo
654 1274 747 1310 pacto
759 1272 824 1302 illis
839 1273 982 1303 subtrac-

283 1318 392 1347 turam
420 1326 478 1348 seu
508 1318 738 1356 denegaturam
765 1318 921 1355 quantum
950 1320 981 1347 et

284 1364 412 1402 quoties
426 1371 506 1402 opus
526 1363 628 1393 fuerit
648 1371 657 1392 t
679 1363 915 1401 proptereaque
931 1371 981 1392 se-

286 1416 363 1438 cure
382 1408 568 1438 discretioni
593 1408 664 1445 ejus
689 1408 881 1437 credendam
906 1417 982 1438 cen-

284 1453 351 1483 suit
365 1454 446 1483 hanc
458 1454 741 1491 dispensationem.
756 1454 824 1483 Non
836 1454 923 1483 enim
936 1456 982 1484 est

285 1499 376 1537 talis,
399 1500 512 1537 quales
533 1499 650 1528 multos
672 1498 822 1528 videmus
840 1499 982 1537 prophe-

286 1545 352 1575 tica
370 1545 530 1575 inustione
556 1544 698 1581 notatos,
714 1544 768 1582 qui
790 1544 874 1582 quod
899 1553 983 1574 cras-

289 1598 360 1619 sum
377 1590 427 1620 est
441 1590 475 1619 et
489 1589 570 1619 forte
589 1590 788 1618 assumentes
799 1610 808 1625 ,
820 1589 903 1627 quod
925 1589 982 1619 de-

286 1635 353 1664 bile
369 1636 418 1665 est
437 1634 625 1673 projiciunt.
650 1632 811 1672 Numquid
839 1634 983 1664 medicus

285 1680 432 1709 valentes
449 1679 604 1717 requirit,
620 1679 654 1708 et
678 1687 742 1708 non
763 1678 871 1716 potius
886 1687 983 1716 aegro-

285 1724 459 1754 tantes38i
475 1724 656 1762 contingat,
686 1723 764 1753 facit
791 1724 923 1754 forsitan
947 1725 984 1754 ut

284 1770 425 1807 amicus,
440 1769 497 1800 sed
511 1778 574 1799 non
590 1770 627 1799 ut
642 1769 798 1799 medicus.
821 1770 905 1806 Quos
927 1770 984 1799 do-

285 1816 392 1852 cebis,
409 1815 562 1853 magister
583 1815 684 1852 bone,
700 1815 726 1844 si
742 1823 855 1845 omnes
874 1815 984 1846 indoc-

284 1861 333 1890 tos
348 1860 508 1898 repuleris
521 1859 534 1889 ἓ
547 1860 670 1897 Quibus
680 1882 689 1898 ,
706 1869 812 1898 quaeso
826 1882 835 1898 ,
852 1860 984 1890 adhibe-

285 1906 335 1936 bis
348 1906 552 1945 diligentiam
575 1906 777 1944 disciplinae,
802 1906 829 1936 si
855 1906 984 1944 indisci-

285 1952 426 1990 plinatos
440 1952 493 1981 vel
507 1952 700 1990 effugaveris
714 1960 826 1981 omnes
838 1973 846 1989 ,
862 1952 914 1981 vel
935 1950 984 1982 iu-

285 1998 369 2035 geris
385 1997 397 2027 ἓ
412 1999 447 2027 In
459 1998 577 2036 quibus
589 1998 719 2027 obsecro
735 1999 823 2027 tuam
834 1998 984 2036 probabis

284 2044 474 2082 patientiam
485 2065 494 2081 ,
511 2043 537 2073 si
554 2043 636 2073 solos
655 2043 823 2073 admiseris
838 2052 985 2074 mansue-

283 2090 351 2127 tos,
365 2089 525 2127 inquietos
541 2089 718 2119 excluseris
732 2088 744 2118 ἓ

324 2136 354 2164 7.
372 2136 450 2165 Sunt
464 2137 572 2165 tamen
589 2135 627 2165 de
643 2135 695 2164 hic
706 2134 912 2173 sedentibus,
927 2135 982 2173 qui

285 2180 409 2209 utinam
422 2189 562 2218 praesens
577 2180 753 2218 capitulum
765 2181 984 2210 attentiusob-

285 2226 461 2254 servarent.
475 2225 762 2263 cogitarentcerte,
773 2226 890 2263 quanta
902 2233 984 2262 prae-

284 2270 396 2309 positis
404 2271 586 2301 reverentia
595 2271 762 2308 debeatur,
772 2279 850 2309 quos
860 2272 983 2300 temere

286 2315 513 2352 inquietando,
541 2316 613 2344 coeli
642 2324 768 2354 quoque
797 2315 924 2345 civibus
949 2324 983 2346 se

286 2359 424 2390 reddunt
446 2359 577 2390 infestos
595 2370 602 2389 t
620 2363 653 2391 et
674 2361 766 2391 nobis
789 2361 870 2391 forte
893 2361 984 2400 plus—

284 2406 394 2434 culum
421 2404 514 2434 solito
544 2413 676 2443 parcere
705 2406 838 2436 demum
860 2406 984 2445 incipe-

285 2452 376 2488 rent,
391 2458 452 2480 nec
470 2450 537 2479 tam
553 2450 773 2481 irreverenter
799 2450 981 2490 leviterque

285 2503 318 2524 se
333 2495 399 2531 jam
419 2495 608 2533 ingererent
629 2503 704 2524 cum
724 2503 887 2527 vacamus.
901 2498 982 2527 Rara

284 2540 362 2569 satis
385 2539 468 2569 mihi
499 2539 539 2569 ad
564 2539 747 2569 feriandum
775 2548 794 2570 a
825 2550 983 2579 superve-

285 2586 451 2616 nientibus
467 2583 529 2626 (ut
544 2585 628 2616 bene
641 2586 762 2616 norunt
773 2584 982 2624 >conceditur

286 2629 381 2667 liora,
397 2631 494 2660 etiam
510 2638 583 2661 cum
605 2629 666 2668 ipsi
689 2638 739 2660 me
757 2631 789 2660 in
813 2631 899 2660 omni
923 2639 981 2670 pa-

755 224 785 251 S.
806 221 1040 250 BERNARDI
1059 221 1252 249 ABBATIS

1015 271 1133 303 tientia
1153 272 1372 306 sustinebunt.
1396 275 1516 307 Verum
1538 283 1595 315 ego
1623 284 1714 308 scru—

1015 318 1158 355 pulosius
1185 328 1301 350 moveo
1326 321 1504 352 istiusmodi
1533 323 1712 361 querelam,

1016 371 1057 392 ne
1075 364 1147 402 quis
1168 365 1250 395 forte
1269 367 1486 403 pusillanimis
1508 376 1603 406 supra
1626 369 1713 398 vires

1016 409 1154 446 propriae
1177 410 1342 448 patientiae
1363 412 1545 443 dissimulet
1566 421 1583 443 a
1599 421 1714 443 neces-

1015 452 1163 484 sitatibus
1177 454 1261 493 suis,
1281 456 1358 485 dum
1372 465 1424 486 me
1451 458 1637 496 inquietare
1652 466 1711 487 ve-

1015 499 1115 529 retur.
1142 499 1342 538 Supersedeo
1365 502 1475 541 igitur,
1497 504 1530 533 et
1547 512 1589 534 ne
1611 503 1713 541 magis

1016 542 1226 581 impatientiae
1245 547 1431 584 exemplum
1446 548 1559 578 videar
1573 549 1648 578 dare
1661 548 1713 577 in-

1016 587 1125 619 firmis.
1139 590 1252 620 Pusilli
1266 592 1397 621 Domini
1412 593 1486 622 sunt
1498 593 1665 623 credentes
1678 593 1713 622 in

1016 643 1089 665 eum
1103 644 1188 665 :non
1211 637 1316 673 patior
1335 637 1373 666 ut
1388 645 1430 667 ex
1450 646 1502 667 me
1525 639 1711 668 scandalum

1015 681 1188 719 patiantur.
1205 682 1273 711 Non
1285 682 1359 712 utor
1376 683 1436 712 hac
1448 684 1607 721 potestate
1625 692 1632 712 :
1646 691 1713 713 ma-

1014 726 1062 764 gis
1086 727 1195 757 autem
1223 728 1284 766 ipsi
1313 736 1365 758 me
1390 730 1525 759 utantur
1545 729 1711 759 utlibet:

1014 773 1138 802 tantum
1160 773 1198 802 ut
1217 774 1298 803 salvi
1317 774 1408 804 fiant.
1425 775 1561 804 Parcent
1581 774 1663 803 mihi
1683 773 1710 803 si

1014 826 1078 847 non
1098 819 1326 857 pepercerint,
1353 820 1387 849 et
1409 820 1443 849 in
1465 828 1504 849 eo
1523 820 1633 858 potius
1658 827 1713 848 re-

1014 863 1190 901 quiescam,
1205 864 1232 894 si
1243 873 1307 894 non
1319 873 1370 894 me
1388 865 1571 903 inquietare
1591 864 1717 894 timue-

1013 909 1078 938 rint
1089 917 1146 947 pro
1166 910 1414 940 necessitatibus
1429 910 1507 940 suis.
1524 910 1640 939 Geram
1665 908 1713 938 eis

1014 961 1136 983 morem
1155 954 1259 991 quoad
1278 955 1435 992 potuero,
1451 955 1485 984 et
1499 954 1533 984 in
1546 953 1626 992 ipsis
1647 961 1714 983 ser-

1014 999 1100 1028 viam
1114 999 1181 1028 Deo
1197 1007 1281 1036 meo,
1294 1000 1450 1037 quamdiu
1465 999 1568 1037 fuero,
1580 1000 1614 1029 in
1630 1000 1714 1029 cari-

1014 1045 1079 1074 tate
1100 1053 1166 1074 non
1188 1044 1275 1075 ficta.
1297 1046 1365 1074 Non
1385 1053 1526 1083 quaeram
1543 1053 1615 1082 quae
1638 1053 1715 1075 mea

1014 1090 1099 1128 sunt,
1114 1098 1175 1120 nec
1189 1090 1275 1128 quod
1289 1090 1371 1120 mihi
1387 1091 1436 1120 est
1450 1090 1544 1127 utile,
1557 1089 1614 1119 sed
1628 1088 1714 1128 quod

1014 1135 1142 1173 multis,
1156 1136 1190 1165 id
1200 1135 1282 1165 mihi
1299 1136 1381 1165 utile
1398 1135 1565 1172 judicabo.
1581 1135 1648 1164 Hoc
1662 1143 1714 1164 so-

1011 1181 1081 1210 's-um
1097 1181 1264 1219 deprecor,
1279 1182 1316 1210 ut
1324 1181 1379 1210 fiat
1390 1181 1558 1218 acceptum
1567 1180 1614 1210 eis
1625 1179 1713 1210 fruc-

1014 1227 1206 1263 tuosumque
1220 1226 1438 1256 ministerium
1451 1234 1572 1263 meum,
1588 1225 1615 1256 si
1631 1225 1712 1255 forte

1014 1271 1068 1300 vel
1083 1279 1125 1300 ex
1140 1271 1199 1301 hoc
1212 1271 1376 1302 inveniam
1392 1272 1426 1301 in
1446 1271 1499 1301 die
1514 1271 1598 1300 mala
1613 1271 1712 1300 mise-

1014 1315 1185 1345 ricordiam
1199 1316 1233 1345 in
1248 1316 1350 1346 oculis
1363 1315 1464 1346 Patris
1481 1323 1593 1345 eorum
1615 1315 1714 1344 simul

1015 1361 1048 1390 et
1067 1360 1175 1398 sponsi
1189 1361 1340 1390 Ecclesiae
1355 1362 1432 1390 Jesu
1446 1360 1562 1390 Christi
1583 1360 1713 1389 Domini

1014 1405 1125 1443 nostri,
1141 1405 1196 1443 qui
1211 1414 1284 1435 cum
1293 1414 1331 1435 eo
1343 1407 1390 1436 est
1404 1414 1501 1443 super
1508 1405 1616 1436 omnia
1627 1405 1714 1435 Deus

1014 1451 1206 1482 benedictus
1221 1451 1255 1482 in
1270 1452 1398 1489 saecula,
1412 1459 1519 1481 amen.

1213 1575 1384 1608 smum
1418 1556 1544 1608 Lmj

1015 1651 1068 1675 Per
1078 1653 1169 1675 montes
1180 1653 1205 1674 et
1219 1651 1291 1674 colles
1301 1650 1453 1680 significari
1464 1650 1581 1674 coelestes
1591 1650 1714 1681 spiritus,

1045 1693 1114 1717 quos
1131 1687 1249 1710 transilit
1266 1686 1386 1716 Sponsus
1409 1692 1458 1715 per
1479 1692 1563 1708 suum
1582 1686 1610 1708 in
1629 1689 1716 1709 terras

1044 1722 1218 1751 adventum,
1241 1728 1290 1745 seu
1312 1728 1361 1752 per
1383 1721 1552 1752 mysterium
1574 1721 1713 1745 lucarna-

1044 1757 1127 1780 tionis
1139 1762 1207 1780 suae.

1056 1819 1085 1848 l.
1102 1819 1175 1849 Vox
1191 1818 1289 1848 dilecti
1302 1818 1373 1848 mei.
1388 1817 1510 1848 videns
1525 1825 1639 1855 sponsa
1653 1825 1714 1847 no-

1017 1872 1088 1893 vam
1118 1864 1428 1894 adolescentularum
1455 1863 1706 1900 verecundiam,

1017 1910 1049 1939 et
1062 1909 1283 1939 verecundum
1306 1909 1473 1946 timorem,
1488 1909 1573 1946 quod
1588 1908 1714 1938 scilicet

1016 1955 1056 1984 de
1071 1963 1152 1984 novo
1165 1954 1337 1992 coepissent
1350 1962 1415 1983 non
1431 1954 1549 1984 audere
1571 1962 1605 1983 se
1621 1949 1713 1991 inge-

1015 2008 1087 2030 rere
1109 2001 1215 2030 sancto
1238 2000 1303 2029 otio
1327 1999 1445 2037 ipsius,
1462 2007 1523 2029 nec
1539 1999 1623 2029 sicut
1641 1999 1714 2029 heri

998 2026 1049 2100 {et
1073 2045 1309 2075 nudiustertius
1333 2045 1476 2074 molestae
1505 2044 1577 2074 fieri
1605 2044 1715 2082 quies-

998 2103 1001 2135 ἰ
1016 2091 1102 2120 centi
1116 2091 1149 2119 in
1165 2089 1435 2126 contemplatione
1455 2089 1687 2127 praesumerent
1704 2097 1713 2116 :

999 2166 1001 2170 ,
1016 2135 1159 2172 agnoscit
1187 2135 1248 2164 hoc
1281 2134 1343 2164 sibi
1362 2133 1550 2172 provenisse
1577 2142 1653 2163 cura
1680 2132 1714 2162 et

999 2175 1001 2183 ι

1015 2226 1084 2256 sive
1100 2233 1155 2263 pro
1170 2225 1298 2253 illarum
1313 2222 1461 2261 profectu
1471 2244 1480 2261 ,
1493 2231 1565 2261 quae
1579 2230 1597 2251 a
1612 2221 1715 2251 nimia

998 2297 999 2303 ,
1016 2272 1049 2301 et
1065 2269 1228 2308 superflua
1258 2268 1483 2307 inquietudine
1505 2275 1716 2305 compescun—

998 2306 999 2320 ¹
1015 2314 1079 2353 tur;
1095 2315 1163 2345 sive
1179 2322 1236 2352 pro
1252 2321 1308 2344 sua
1331 2312 1485 2351 deinceps
1505 2312 1612 2342 futura
1633 2311 1717 2342 libe-

1015 2360 1092 2390 r10ri
1107 2359 1217 2398 quiete
1228 2380 1238 2397 ,
1253 2359 1322 2388 sive
1338 2358 1436 2388 etiam
1450 2365 1507 2395 pro
1527 2357 1713 2395 dignatione

1016 2407 1049 2436 et
1059 2405 1168 2435 favore
1183 2404 1311 2443 Sponsi,
1321 2403 1401 2434 adeo
1414 2411 1472 2441 pro
1484 2403 1544 2432 hac
1559 2402 1628 2441 ipsa
1645 2402 1715 2438 ejus

1015 2451 1124 2490 quiete
1149 2448 1285 2480 zelantis
1300 2470 1309 2487 ,
1326 2449 1360 2480 et
1373 2449 1464 2478 tanto
1485 2447 1590 2478 studio
1604 2446 1715 2477 defen-

1016 2496 1114 2526 santis
1128 2495 1317 2527 suavissima
1332 2494 1397 2524 otia
1411 2501 1480 2531 sua,
1496 2493 1595 2523 immo
1608 2491 1715 2522 studia

1015 2540 1270 2578 ferventissima3
1287 2540 1333 2570 ait
1347 2540 1407 2569 hoc
1422 2538 1528 2569 facere
1543 2544 1653 2568 vocem
1665 2535 1715 2565 ‹li-

1018 2587 1093 2617 lecti
1110 2586 1171 2624 sni,
1182 2586 1279 2623 huJus
1287 2585 1335 2615 rei
1344 2583 1446 2623 gratia
1456 2583 1571 2613 factam
1580 2581 1619 2611 ad
1629 2581 1711 2611 illas.

1016 2632 1142 2662 Etenim
1156 2632 1182 2663 is
1197 2632 1252 2670 qui
1267 2631 1340 2661 aliis
1354 2628 1471 2671 praeest
1498 2627 1532 2657 in
1557 2626 1712 2662 sollicitu-

1016 2189 1112 2219 opera
1128 2180 1260 2218 Sponsi3
1278 2181 1311 2209 et
1332 2179 1499 2208 exsultans
1523 2179 1558 2208 in
1583 2177 1714 2216 spiritu,
1763 2208 1764 2211 Ἴ
