1810 3073
515 241 559 269 IN
580 237 783 268 CANTICA
805 235 956 264 SERMO
981 236 1074 264 xxi.

796 288 798 313 ¹=
814 289 971 321 sectiones
982 312 993 328 ,
1009 288 1133 321 constat
1157 288 1294 328 quodam
1310 292 1403 323 modo
1419 293 1510 324 illum

86 298 277 341 guinitatem
295 295 348 328 vel
370 295 568 334 voluptatem
594 293 676 325 sorte
696 300 780 332 prae-

85 348 153 378 fero
168 346 257 377 carni
277 343 408 373 Domini
432 342 519 379 mci,
544 348 604 380 per
624 339 708 378 quod
727 346 779 368 me

84 391 238 423 videlicet
256 389 364 419 minus
384 396 421 417 ca
436 388 574 425 implere
594 384 778 423 contingat,

81 444 152 475 quae
166 436 200 465 in
212 442 307 464 carne
320 441 454 463 manens
469 432 569 463 verbo
584 432 616 461 et
629 429 779 468 exemplo

82 489 133 511 me
146 480 254 510 docuit
269 489 277 509 z
294 486 401 508 nonne
414 478 538 516 liquido
547 474 779 514 constat,quod

81 526 146 556 toto
167 532 370 563 nequaquam
391 523 490 562 diligo
515 521 629 559 corde,
651 528 726 551 cum
745 520 780 550 id

81 570 220 601 divisum
253 570 399 607 habens,
431 568 559 607 partem
588 565 778 605 impendere

80 616 191 647 videar
213 616 301 645 carni
327 615 417 653 ejus,
440 614 566 653 partem
591 612 778 650 intorquere

79 660 120 690 ad
145 659 329 699 propriam?
351 659 500 697 Denique
528 658 597 688 ait:
615 659 675 697 Qui
692 658 779 688 amat

76 707 196 744 patrem
210 707 264 736 aut
277 706 409 735 matrem
418 705 582 743 plusquam
592 711 653 738 me,
664 703 779 732 nonest

77 759 125 780 me
142 752 250 789 ‹le'qnus
262 761 274 789 ,-
288 752 316 781 et
335 752 389 788 qui
401 751 487 780 amat
499 749 597 786 filium
613 749 669 778 aut
680 748 778 785 filiam

76 796 237 835 plusquam
251 804 300 825 me
313 817 322 833 ,
334 803 397 825 mm
412 796 453 825 est
465 803 513 824 me
531 795 652 832 diqnus.
674 794 754 832 Ergo
767 814 777 832 ‚

76 842 114 872 ut
127 841 272 871 breviter
286 841 391 871 dicam
401 862 411 879 ,
426 840 493 870 toto
508 839 604 870 corde
627 839 776 878 diligere,

78 888 126 918 cst
141 895 235 917 omne
248 887 334 925 quod
346 886 514 916 blanditur
530 886 570 916 de
587 893 686 916 carne
702 894 776 924 pro-

77 934 146 972 pria
155 933 207 963 vel
218 933 325 963 aliena
339 954 348 970 ‚
361 933 570 963 sacrosanctae
587 932 693 962 carnis
708 933 777 968 ejus

77 979 177 1009 amori
206 980 413 1017 postponere.
440 979 475 1007 In
504 985 567 1016 quo
600 979 634 1008 et
662 977 777 1008 mundi

76 1033 167 1063 aeque
181 1025 317 1063 gloriam
338 1023 596 1062 comprehendo,
615 1023 691 1061 quia
709 1024 777 1062 glo-

75 1070 122 1099 ria
144 1070 257 1099 mundi
280 1070 381 1108 gloria
404 1071 454 1100 est
469 1069 591 1106 carnis3
608 1071 641 1099 et
660 1070 717 1107 qui
739 1077 777 1100 ca

76 1114 299 1153 delectantur,
333 1115 478 1144 carnales
510 1121 581 1144 esse
620 1122 685 1144 non
717 1113 777 1144 du-

74 1160 163 1190 bium
178 1161 237 1190 est.

113 1206 145 1236 8.
161 1207 253 1237 Licet
269 1214 346 1236 vero
359 1200 492 1243 donum,
509 1204 542 1235 et
556 1212 707 1243 magnum
719 1205 775 1235 do-

73 1259 150 1281 num
163 1252 302 1290 Spiritus
316 1252 357 1282 sit
369 1251 547 1281 istiusmodi
562 1259 635 1289 erga
646 1259 775 1280 carnem

73 1298 189 1328 Christi
203 1297 352 1328 devotio:
371 1297 533 1327 carnalem
556 1297 665 1327 tamen
680 1297 776 1326 dixe-

74 1343 134 1372 rim
148 1343 234 1373 hunc
246 1351 387 1373 amorem
397 1365 406 1381 ‚
422 1342 509 1373 illius
524 1342 637 1380 utique
657 1342 776 1373 amoris

76 1390 244 1428 respectu,
270 1397 334 1427 quo
358 1396 424 1418 non
443 1388 511 1418 tam
533 1388 676 1418 Verbum
702 1396 774 1418 caro

72 1434 138 1471 jam
166 1435 268 1473 sapit,
298 1442 396 1472 quam
424 1434 568 1463 Verbum
593 1433 753 1471 sapientia
764 1456 773 1472 ‚

75 1481 213 1509 Verbum
225 1480 351 1517 justitia
363 1501 371 1517 ‚
388 1479 532 1509 Verbum
547 1480 680 1516 veritas,
692 1480 774 1509 Ver-

73 1523 148 1555 bum
164 1526 315 1555 sanctitas
326 1525 448 1563 ‚pietas
459 1547 468 1562 ‚
477 1524 579 1555 virtus
592 1533 601 1562 ς
616 1525 649 1554 et
661 1524 774 1563 siquid

73 1570 162 1600 aliud
176 1571 263 1609 quod
277 1571 336 1607 sit,
353 1570 539 1607 hujusmodi
567 1570 632 1600 dici
653 1571 772 1608 potest.

75 1617 111 1646 Et
125 1616 193 1646 hacc
208 1625 325 1655 nempe
341 1616 449 1646 omnia
464 1616 628 1653 Christus,
640 1617 694 1655 qui
707 1617 774 1654 fac-

74 1664 120 1693 tus
133 1665 175 1693 cst
190 1663 277 1693 nobis
301 1664 453 1701 sapientia
466 1672 485 1692 a
498 1664 561 1692 Deo
574 1664 621 1698 ,εἰ
631 1662 773 1700 justitia,

72 1710 100 1737 et
109 1710 318 1746 sanctificatio,
331 1711 358 1738 et
370 1709 543 1746 redemptio.
554 1707 602 1737 An
613 1707 672 1737 tibi
683 1716 773 1746 aequc

73 1755 106 1783 et
127 1762 191 1783 uno
217 1754 310 1783 modo
333 1753 440 1783 affecti
458 1753 633 1790 videntur,
655 1753 683 1783 is
705 1754 774 1791 qui-

74 1799 145 1829 dem
158 1800 213 1837 qui
233 1799 358 1829 Christo
380 1807 472 1837 passo
496 1799 550 1837 pie
566 1798 772 1838 compatitur,

74 1845 310 1883 compungitur‚
325 1845 357 1874 et
369 1846 518 1875 movetur
533 1845 627 1874 facile
645 1844 684 1874 ad
704 1853 774 1874 me-

72 1891 203 1919 moriam
219 1890 332 1919 liorum
346 1898 417 1928 quae
435 1890 594 1928 pertulit,
610 1891 708 1928 atque
730 1891 774 1920 is-

74 1935 135 1965 tius
160 1935 341 1965 devotionis
367 1936 527 1965 suavitate
548 1936 710 1974 pascitur,
741 1937 771 1966 et

71 1980 265 2011 confortatur
281 1981 319 2010 ad
331 1989 467 2019 quaeque
482 1982 623 2011 salubria
633 2003 641 2019 ‚
655 1982 772 2011 hones—

72 2027 101 2055 ta
113 2049 121 2064 ‚
137 2026 208 2065 pia3
225 2027 369 2065 itemque
386 2028 460 2066 ille,
476 2027 532 2066 qui
547 2028 683 2065 ‚iustitiae
702 2028 772 2058 zelo

72 2081 198 2111 semper
209 2075 256 2103 est
268 2081 434 2110 accensus,
448 2074 503 2111 qui
516 2074 688 2104 veritatem
697 2074 771 2103 ubi-

71 2127 132 2156 que
148 2118 241 2156 zelat,
259 2119 314 2157 qui
327 2118 495 2156 sapientiae
517 2118 622 2149 fervet
643 2119 770 2158 studiis,

73 2164 120 2193 cui
134 2164 235 2194 amica
249 2164 401 2194 sanctitas
412 2164 488 2194 vitae
498 2187 506 2202 ,
523 2165 557 2194 et
573 2173 698 2195 morum
708 2165 772 2194 dis-

71 2209 207 2248 ciplina3
238 2209 329 2247 cujus
350 2218 457 2240 mores
482 2210 681 2241 erubescunt
704 2210 772 2247 jac-

70 2256 215 2292 tantiam,
225 2255 402 2286 abhorrent
416 2256 649 2286 detractionem
661 2278 670 2294 ,
687 2256 772 2286 invi-

71 2300 153 2330 diam
170 2301 336 2339 nesciunt,
353 2302 538 2340 superbiam
554 2302 770 2341 detestantur,

71 2354 198 2377 omnem
225 2348 401 2377 humanam
422 2348 558 2386 gloriam
585 2356 651 2378 non
667 2349 772 2378 solum

73 2390 215 2430 fugiunt,
238 2392 295 2422 sed
318 2394 351 2423 et
372 2393 544 2424 fastidiunt
565 2394 599 2424 et
625 2396 771 2424 contem-

73 2439 170 2475 nunt3
200 2447 328 2469 omnem
357 2439 391 2468 in
419 2447 453 2469 se
482 2440 587 2469 carnis
613 2441 646 2470 et
668 2440 772 2470 cordis

74 2483 295 2521 impuritatem
324 2485 614 2516 vehementissime
646 2486 772 2515 abomi-

73 2530 188 2558 nantur
204 2530 235 2559 ct
249 2531 502 2568 persequuntur3
521 2539 615 2560 omne
632 2531 772 2569 denique

72 2575 231 2613 tamquam
268 2576 464 2605 naturaliter
506 2577 538 2606 et
567 2577 688 2606 malum
720 2585 772 2606 re-

72 2623 207 2658 spuunt,
221 2622 254 2652 et
272 2622 357 2660 quod
373 2622 494 2651 bonum
507 2622 556 2652 est
571 2622 772 2660 amplectun-

75 2664 143 2694 tur?
162 2667 269 2713 Nonne
285 2668 310 2697 si
341 2675 507 2705 compares
532 2668 702 2705 utriusque
725 2668 772 2698 ai-

191 2719 206 2735 ι.)

1452 240 1511 268 205)

812 337 1013 374 superiorem
1023 357 1032 373 ,
1062 335 1214 374 respectu
1235 335 1367 374 quidem
1395 337 1510 376 huius,

811 389 921 412 amare
936 381 1028 420 quasi
1044 380 1244 411 carnaliter?

850 429 882 459 9.
900 429 1007 458 Bonus
1029 428 1141 457 tamen
1161 434 1250 457 amor
1274 426 1336 457 iste
1361 429 1510 466 carnalis,

810 481 870 511 per
881 482 978 512 quem
990 473 1057 504 vita
1067 472 1205 503 carnalis
1221 472 1423 510 excluditur,
1436 481 1512 502 con-

811 519 969 549 temnitur
980 519 1013 549 et
1024 518 1167 549 vincitur
1177 517 1328 548 mundus.
1345 518 1514 548 Proficitur

810 565 920 594 autem
934 565 969 594 in
983 573 1021 595 eo
1031 573 1122 603 ,cum
1137 563 1174 594 fit
1186 564 1219 594 et
1233 563 1402 594 rationalis
1415 572 1423 601 3
1440 573 1514 603 per-

808 609 929 648 ficitur,
953 619 1027 640 cum
1049 609 1191 640 efficitur
1207 609 1306 639 etiam
1322 609 1512 647 spiritualis.

808 656 903 686 Porro
919 656 1085 687 rationalis
1099 656 1176 686 tunc
1192 655 1257 693 est,
1274 663 1347 686 cum
1362 655 1397 685 in
1408 656 1515 685 omni-

795 695 796 704 *
809 700 869 732 bus
880 710 952 741 quae
967 702 1095 740 oportet
1105 701 1146 732 de
1158 701 1283 732 Christo
1297 700 1513 739 sentiri,fidei

809 747 889 777 ratio
906 747 951 778 ita
966 748 1058 777 firma
1069 747 1213 785 tenetur,
1235 748 1273 777 ut
1287 747 1327 776 ab
1344 746 1514 777 ecclesias-

808 792 865 823 tici
893 802 1006 824 sensus
1029 793 1173 832 puritate
1201 793 1293 822 nulla
1313 793 1383 823 veri
1399 793 1515 822 simili-

808 838 941 878 tudine,
971 839 1062 869 nulla
1091 838 1246 869 haeretica
1268 846 1326 868 seu
1353 838 1511 868 diabolica

809 884 1089 915 circumventione
1116 885 1322 923 aliquatenus
1347 884 1510 915 devietur.

809 931 954 969 Itemque
970 940 1044 961 cum
1057 932 1092 960 in
1114 931 1244 969 propria
1265 930 1512 961 conversatione

809 976 865 1006 illa
895 977 1022 1007 cautela
1047 977 1214 1015 servatur,
1243 976 1281 1006 ut
1306 976 1511 1006 discretionis

808 1023 895 1053 meta
916 1024 1005 1053 nulla
1029 1022 1260 1061 superstitione
1285 1023 1340 1052 vel
1361 1022 1511 1059 levitate,

807 1068 860 1098 vel
869 1069 1003 1106 spiritus
1012 1069 1103 1107 quasi
1114 1067 1321 1098 ferventioris
1331 1068 1512 1098 vehemen-

809 1113 853 1144 tia
873 1114 1064 1144 excedatur.
1079 1114 1118 1144 Et
1138 1114 1200 1143 hoc
1224 1121 1295 1144 esse
1314 1113 1381 1144 tota
1402 1113 1511 1143 anima

809 1161 912 1190 Deum
945 1160 1101 1197 diligere,
1133 1159 1200 1197 iam
1228 1167 1326 1197 supra
1353 1158 1510 1189 diximus.

807 1206 897 1242 Quod
911 1206 938 1236 si
953 1206 1051 1236 etiam
1067 1204 1250 1242 adjuvantis
1265 1204 1404 1242 Spiritus
1418 1204 1512 1241 vigor

807 1251 915 1281 tantus
930 1251 1082 1289 accedat,
1097 1251 1135 1280 ut.
1145 1250 1236 1280 nulla
1247 1250 1281 1280 vi
1300 1250 1445 1279 laborum
1458 1250 1511 1279 vel

809 1297 1057 1335 tormentorum,
1074 1297 1131 1326 sed
1145 1305 1204 1326 nec
1220 1296 1333 1326 mortis
1342 1295 1432 1325 metu
1444 1295 1513 1333 jus-

807 1341 879 1372 titia
894 1351 1046 1381 umquam
1069 1342 1255 1379 deseratur3
1271 1342 1306 1371 in
1321 1341 1382 1371 hoc
1412 1340 1510 1370 etiam

807 1388 874 1418 tota
885 1389 1007 1419 virtute
1026 1388 1185 1426 diligitur,
1202 1388 1234 1417 et
1247 1388 1295 1417 est
1311 1395 1401 1416 amor
1414 1386 1511 1424 spiri—

806 1433 915 1463 tualis.
931 1433 1022 1471 Quod
1036 1433 1190 1462 nimirum
1206 1439 1324 1461 nomen
1340 1431 1417 1461 huic
1437 1439 1512 1469 spe-

807 1479 935 1509 cialiter
950 1478 1052 1508 amori
1067 1486 1245 1515 congruere
1264 1479 1359 1517 puto,
1374 1477 1414 1508 ob
1430 1485 1512 1516 pra»-

807 1526 984 1564 rogativam
999 1525 1114 1563 utique
1130 1523 1345 1562 plenitudinis
1363 1523 1510 1562 spiritus,

806 1580 868 1609 qua
883 1571 1054 1609 praecellit.
1071 1571 1109 1600 Et
1130 1570 1198 1600 haec
1214 1569 1377 1599 sufficiant
1397 1577 1454 1607 pro
1471 1577 1510 1598 co

806 1617 891 1655 quod
902 1625 1019 1655 sponsa
1034 1616 1113 1646 dicit
1130 1625 1138 1645 :
1154 1617 1323 1654 Propterea
1337 1617 1511 1646 adolescent—-

807 1664 877 1693 tulae
892 1664 1065 1693 dilexerunt
1086 1664 1113 1692 te
1129 1663 1232 1692 nimis.
1257 1662 1292 1691 In
1308 1661 1359 1691 his
1373 1669 1446 1699 quac
1461 1669 1512 1690 se-

806 1710 963 1747 quuntur,
990 1708 1144 1746 dignetur
1167 1707 1261 1737 nobis
1284 1706 1413 1745 aperire
1434 1706 1509 1736 the*

806 1762 917 1784 sauros
945 1753 1180 1784 misericordiae
1205 1761 1271 1783 suae
1304 1753 1375 1791 ipse
1401 1753 1508 1781 custos

807 1808 917 1830 eorum
932 1800 1026 1830 Jesus
1040 1799 1186 1828 Christus
1207 1798 1364 1828 Dominus
1385 1799 1507 1833 noster,

805 1846 861 1884 qui
876 1846 960 1875 vivit
972 1846 1005 1876 et
1019 1844 1132 1883 regnat
1148 1852 1221 1874 cum
1231 1844 1323 1873 Patre
1333 1843 1367 1873 in
1382 1843 1508 1872 unitate

805 1891 943 1930 Spiritus
955 1891 1057 1921 sancti
1076 1891 1163 1920 Deus
1173 1912 1182 1929 ‚
1195 1897 1255 1929 per
1272 1890 1379 1919 omnia
1393 1888 1508 1919 saecula

804 1937 1012 1976 saeculorum,
1034 1944 1141 1966 amen.

1012 2045 1184 2079 SERMO
1220 2045 1326 2078 XXI.

805 2115 933 2148 Qualiter
946 2122 1039 2147 sponsa
1048 2133 1056 2145 ,
1070 2116 1098 2139 id
1111 2117 1149 2139 est
1160 2115 1277 2138 Ecclesia
1287 2132 1294 2143 ,
1307 2113 1382 2137 trahi
1395 2119 1421 2138 se
1432 2115 1509 2144 optat

916 2156 973 2184 post
983 2158 1116 2182 sponsum
1145 2151 1175 2174 id
1187 2154 1223 2174 est
1238 2151 1397 2175 Christum,

845 2211 874 2239 1.
889 2210 1011 2240 TRAHE
1024 2219 1072 2239 mc
1084 2211 1153 2248 post
1165 2211 1207 2248 tc3
1221 2211 1254 2238 in
1269 2209 1359 2238 odore
1371 2216 1512 2246 unquen-

805 2259 906 2287 torum
935 2258 1058 2286 tuorum
1086 2264 1257 2285 curremus.
1282 2253 1391 2291 Quid?
1411 2254 1511 2291 Spon-

804 2311 879 2332 sane
903 2310 978 2339 ergo
1000 2309 1132 2331 neccsse
1153 2301 1253 2331 habet:
1276 2299 1383 2336 trahi,
1402 2300 1434 2329 et
1451 2300 1510 2329 hoc

805 2349 874 2387 post
889 2347 1064 2386 sponsum?
1079 2347 1177 2384 Quasi
1199 2355 1276 2376 vero
1298 2346 1399 2375 invita
1421 2353 1508 2381 euni,

805 2396 836 2425 et
852 2403 915 2424 non
934 2394 1040 2423 libcns
1053 2393 1218 2431 sequatur.
1242 2392 1303 2422 Sed
1319 2400 1383 2421 non
1405 2392 1508 2420 omni„-

804 2440 859 2478 qui
875 2439 1027 2476 trahitur,
1046 2439 1168 2468 invitus
1181 2438 1332 2468 trahitur.
1343 2438 1405 2466 Nec
1419 2437 1506 2465 enini

805 2486 967 2515 infirmum
988 2486 1046 2515 aut
1067 2484 1231 2521 debilem,
1254 2491 1329 2513 eum
1353 2481 1509 2510 videlimt

804 2531 859 2569 qui
874 2540 931 2569 per
946 2539 981 2561 se
1003 2532 1049 2560 ire
1066 2538 1129 2559 non
1152 2529 1260 2565 valet,
1276 2527 1359 2557 trahi
1381 2526 1421 2555 ad
1438 2526 1509 2554 bai-

806 2586 921 2614 nenm,
951 2585 1009 2606 scu
1039 2576 1078 2605 ad
1109 2574 1283 2613 prandium
1308 2571 1416 2610 piget,
1444 2571 1506 2600 vbi

806 2630 896 2651 reum
912 2622 1020 2660 pigeat
1042 2621 1126 2651 trabi
1146 2620 1185 2649 ad
1197 2618 1356 2657 J‘udicium
1369 2638 1377 2653 ,
1401 2617 1449 2645 vel
1467 2615 1506 2645 as}

806 2675 945 2705 poenam.
962 2666 1110 2704 Denique
1125 2664 1207 2694 trahi
1229 2663 1297 2692 vult
1312 2670 1382 2698 quac
1399 2662 1428 2690 et
1446 2660 1505 2691 hoc

1321 2715 1327 2738 l
1339 2711 1348 2736 ἰ
