1830 3073
317 213 358 247 48

495 275 663 310 snmuo
688 276 837 317 xxrv.

412 349 453 375 De
465 350 618 381 multiplici
633 350 755 373 utilitate
768 349 848 372 verbi
861 349 919 374 Dei.

356 405 385 436 l.
402 406 545 436 TENETIS
558 427 568 443 ,
598 406 693 435 credo
706 426 716 442 ,
745 404 1017 442 quemadmodum

313 451 468 481 hesterno
484 459 632 480 sermone
647 451 686 479 de
701 458 736 479 ea
747 471 755 486 ,
769 458 841 486 quae
855 449 950 478 nobis
965 449 1019 478 ad—

315 496 446 525 modum
459 495 639 525 necessaria
656 495 725 531 est,
742 494 938 523 discretione
954 494 1019 532 spi-

313 540 433 571 rituum
472 540 734 570 admonuerimus
764 538 1016 568 sollicitudinem

315 587 453 616 vestram
469 593 478 615 2
495 586 530 615 ut
543 586 651 614 contra
666 584 843 613 venenatos
857 585 1016 622 serpentis

313 631 437 669 antiqui
465 631 594 667 sibilos,
625 631 734 658 contra
760 629 943 659 mortiferos
971 630 1016 660 si-

312 685 396 706 renae
409 676 521 705 cantus
531 695 540 712 ‚
559 682 652 703 aures
667 673 771 703 cordis
785 673 907 712 jugiter
921 675 1015 705 obtu—

312 729 384 750 rare
414 719 587 756 studeatis3
603 720 640 748 ut
658 727 719 749 nec
740 720 888 757 spiritum
912 721 1014 750 carnis

312 766 496 804 loquentem
512 764 642 802 mollia,
657 772 718 794 nec
735 765 886 803 spiritum
901 767 1013 796 mundi

309 819 390 839 vana
406 811 647 847 suggerentem,
663 818 723 839 nec
736 810 885 848 spiritum
901 811 1014 849 nequi-

310 856 362 884 tiae
375 855 514 884 audiatis
527 855 759 885 immittentem
769 856 1011 894 amarItudines,

310 902 342 929 et.
357 899 504 929 scandala
518 895 745 929 seminantem.
759 900 821 930 Sed
832 901 928 938 hujus
939 910 1013 939 spe-

308 945 435 975 cialiter
449 945 582 975 astutias
597 953 689 975 nosse
713 954 844 976 necesse
866 947 935 984 est,
952 947 1012 976 hu—

304 990 358 1025 jus
386 990 597 1028 cogitationes
622 998 687 1020 non
703 990 838 1028 expedit
853 990 1009 1028 ignorare.

307 1035 475 1065 Interdum
489 1036 578 1065 enim
591 1036 796 1073 transfigurat
805 1044 838 1066 se
852 1037 1011 1074 malignus

308 1080 363 1110 ille
378 1082 412 1110 et
426 1089 565 1118 nequam
574 1081 708 1118 spiritus
718 1081 750 1110 in
760 1082 908 1119 angelum
916 1081 1009 1118 lucis,

308 1126 344 1155 ut
358 1126 489 1156 virtutis
504 1126 711 1155 simulatione
727 1127 799 1161 plus
811 1126 936 1155 noceat.
949 1126 1009 1156 Sed

308 1172 341 1200 et
363 1172 439 1201 tunc
462 1180 608 1210 quoque,
623 1171 650 1201 si
674 1171 848 1208 diligenter
869 1171 1010 1201 adverti-

306 1225 389 1255 mus,
403 1226 579 1256 numquam
590 1217 653 1246 nisi
669 1217 894 1247 amaritudinis
905 1218 937 1247 et
949 1218 1010 1247 dis-

307 1263 423 1293 cordiae
442 1263 614 1292 seminaria
631 1263 763 1300 spargit.
784 1262 903 1292 Suadet
922 1263 1008 1292 enim

307 1309 472 1338 nonnullis
498 1308 674 1345 singularia
696 1307 820 1344 jejunia
841 1307 985 1345 quaedam
999 1329 1007 1345 ,

306 1353 393 1382 unde
411 1354 519 1384 caeteri
544 1353 823 1388 scandalizentur3
846 1360 910 1381 non
934 1353 1008 1390 quia

304 1398 466 1434 jejunium
482 1398 614 1435 diligat,
630 1397 685 1427 sed
700 1397 774 1435 quia
789 1397 938 1427 scandalo
953 1397 1009 1426 de-

307 1443 456 1473 lectetur.
472 1443 569 1472 Multa
583 1451 710 1481 quoque
727 1443 760 1471 in
776 1443 863 1472 hunc
879 1443 1009 1472 modum

306 1489 387 1518 solet
410 1490 542 1525 asserre,
563 1497 635 1526 quae
660 1490 769 1518 tamen
785 1497 801 1517 a
819 1489 931 1518 divina
960 1498 1010 1519 sa-

306 1534 431 1571 pientia
444 1534 539 1564 facile
556 1534 798 1572 discernantur,
813 1535 839 1563 si
860 1535 1010 1572 apostoli-

307 1587 375 1608 cam
387 1579 478 1608 illam
489 1579 575 1609 beati
588 1579 698 1609 Jacobi
709 1579 934 1609 diffinitionem
943 1589 1008 1618 prae

308 1625 407 1654 oculis
432 1625 624 1662 habeamus,
650 1625 706 1663 qui
728 1625 872 1654 divinam
888 1625 1009 1655 descri-

308 1670 385 1701 bens
404 1671 615 1709 saplentiam,
643 1671 708 1700 ait:
733 1672 890 1709 Sapientia
906 1680 973 1709 quae
989 1682 1007 1701 α

307 1718 369 1747 Deo
397 1718 440 1747 est
453 1738 462 1754 ,
486 1718 622 1754 primum
653 1717 771 1754 quidem
800 1717 913 1754 pudica
943 1719 985 1746 est
997 1738 1007 1753 ,

306 1763 408 1791 deinde
432 1762 570 1800 pacifica.
591 1762 727 1791 Omnem
749 1769 824 1798 ergo
841 1762 1009 1798 cogitatio-

306 1815 399 1844 nem,
414 1808 447 1836 in
463 1815 525 1845 qua
554 1807 622 1837 haec
640 1807 701 1836 duo
716 1814 780 1835 non
796 1808 1008 1845 concurrunt,

306 1862 322 1883 a
337 1853 398 1883 Dei
420 1853 580 1890 sapientia
599 1853 739 1882 alienam
755 1860 901 1882 essenon
914 1853 1010 1882 dubi-

306 1901 365 1929 tes.
382 1900 456 1930 Eam
474 1906 550 1927 vero
565 1906 636 1936 quae
652 1898 770 1936 pudica
785 1898 932 1935 videtur,
948 1907 1008 1929 nec

305 1945 345 1974 ad
359 1945 439 1973 vitia
450 1943 551 1973 trahit
566 1944 679 1980 aperte
689 1965 698 1979 ‚
711 1944 769 1972 sed
783 1943 914 1973 virtutis
928 1953 1009 1981 prae-

304 1990 409 2019 tendit
434 1989 628 2026 imaginem3
655 1990 734 2017 tunc.
761 1987 891 2017 demum
907 1996 925 2017 a
941 1989 1005 2019 Deo

304 2036 433 2065 noveris
449 2043 536 2071 esse,
557 2034 584 2064 si
608 2034 740 2071 pacifica
762 2034 822 2071 sit,
838 2034 865 2063 si
880 2034 1007 2064 Praelati

305 2081 353 2109 tui
369 2082 464 2118 atque
490 2079 709 2117 spiritualium
735 2078 871 2108 fratrum
893 2087 1008 2117 appro—

306 2125 398 2154 batur
412 2125 532 2161 judicio
548 2133 556 2154 :
573 2125 727 2163 quoniam
743 2132 809 2153 non
830 2123 928 2155 faciet
942 2126 1007 2154 Do-

305 2172 410 2200 minus
424 2172 510 2200 Deus
524 2171 659 2200 verbum
671 2192 680 2208 ,
695 2170 782 2208 quod
803 2177 868 2199 non
883 2171 1006 2201 revela-

305 2217 392 2246 verit
405 2217 507 2245 servis
523 2217 600 2246 suis.

345 2261 377 2291 2.
391 2261 528 2297 vQuanta
557 2269 635 2291 vero
664 2261 838 2291 devotione
850 2283 858 2297 ‚
886 2262 1006 2300 quanta

305 2306 509 2342 humilitate,
533 2307 651 2343 quanta
677 2307 896 2337 sollicitudine
922 2309 1007 2346 cogi-

305 2352 384 2382 tatio
407 2350 545 2380 salubris
572 2359 636 2380 non
660 2352 754 2381 aliter
775 2361 870 2390 quam
887 2352 1005 2384 divinae

305 2395 497 2435 dignationis
533 2403 638 2425 sermo
663 2397 783 2434 suscipi
810 2397 943 2435 debeat,
973 2401 1005 2429 et

304 2442 455 2472 hesterno
471 2448 616 2470 sermone
631 2442 749 2478 partim
761 2442 828 2478 jam
844 2443 1003 2482 diximus,

305 2488 340 2517 et
362 2485 521 2516 hodierno
540 2485 752 2515 nihilominus
770 2487 932 2524 aliquanto
961 2490 1006 2518 la-

303 2532 374 2573 tius
385 2530 578 2569 persuadere
601 2531 799 2561 conabimur.
816 2533 905 2562 Beati
919 2533 1005 2562 enim

307 2579 360 2616 qui
386 2577 514 2606 mutiunt
540 2576 667 2606 verbum
688 2577 757 2612 Dei,
783 2578 811 2606 et
836 2579 1006 2608 custodiunt

306 2623 390 2654 illud.
407 2621 510 2652 Vultis
524 2628 616 2651 nosse
631 2629 728 2660 quam
744 2620 851 2651 beati?
865 2622 1006 2652 Primum

769 214 799 244 S.
821 209 1052 244 BERNAnm
1074 211 1266 244 AssnATls

1056 265 1188 301 quidem
1202 277 1316 299 sonans
1342 269 1376 299 in
1397 270 1529 300 auribus
1553 270 1666 302 animae
1694 279 1759 303 vot

1055 310 1163 349 divina
1172 334 1181 348 ,
1192 314 1377 352 conturbat,
1389 315 1509 353 terret,
1519 316 1737 355 dijudicatque
1749 327 1757 350 ;

1054 354 1109 383 scd
1125 357 1277 387 continuo
1288 380 1298 394 ,
1310 359 1336 389 si
1352 368 1417 390 non
1432 361 1551 391 avertis
1567 366 1695 399 aurem,
1710 363 1758 391 vi<

1054 399 1179 439 vificat,
1193 402 1379 442 liquefacit,
1393 405 1562 444 calefacit,
1580 406 1754 442 illuminat,

1054 446 1195 476 mundat.
1224 448 1371 487 Denique
1393 451 1427 480 et
1446 452 1537 481 cibus
1561 452 1672 481 noster
1687 454 1754 489 est,

1052 490 1084 519 et
1106 492 1249 530 gladius,
1273 494 1306 523 et
1334 495 1513 534 medicina,
1539 498 1573 527 et
1588 496 1756 526 confirma-

1052 535 1160 573 tio,et
1184 538 1332 576 requies,
1352 541 1545 571 resurrectio
1570 550 1698 579 quoque
1721 543 1755 571 et

1050 583 1284 613 consummatio
1300 586 1421 614 nostra.
1446 586 1511 615 Nec
1524 586 1654 616 mireris
1668 587 1754 624 quod

1049 627 1184 657 verbum
1199 629 1258 658 Dei
1266 629 1334 666 jam
1348 638 1433 660 nunc
1448 630 1636 661 inveniatur
1645 631 1753 661 omnia

1049 671 1081 700 in
1106 674 1256 704 omnibus
1285 683 1375 713 esse,
1391 677 1547 714 quantum
1574 677 1698 713 spectat
1712 677 1753 706 ad

1044 716 1324 752 justificationem:
1337 720 1498 758 siquidem
1508 721 1541 750 et
1551 720 1695 750 futurum
1703 722 1753 750 est

1047 763 1154 791 omnia
1175 763 1210 792 in
1233 765 1383 795 omnibus
1407 765 1447 795 ad
1469 766 1750 803 glorificationem.

1046 808 1163 838 Audiat
1179 809 1261 839 illud
1272 811 1441 848 peccator,
1458 812 1489 840 et
1504 812 1752 842 conturbabitur

1046 854 1160 883 venter
1180 855 1267 892 ejus3
1284 863 1302 885 a
1320 864 1399 886 voce
1415 857 1472 885 illa
1488 857 1625 887 carnalis
1640 859 1749 888 anima

1046 900 1282 930 contremiscet.
1299 901 1413 931 Omnia
1427 910 1567 940 namque
1583 903 1688 933 cordis
1699 912 1749 934 se-

1045 944 1132 974 creta
1164 945 1301 975 rimatur
1325 947 1423 984 atque
1459 946 1616 983 dijudicat
1642 955 1748 977 sermo

1045 989 1138 1019 vims
1156 991 1188 1020 et
1203 990 1319 1020 efficax
1330 1013 1339 1028 ‚
1356 991 1501 1021 cordium
1514 993 1612 1029 atque
1628 993 1748 1031 cogita-

1046 1034 1169 1065 tionum
1184 1038 1414 1074 perscrutator.
1426 1036 1518 1066 Unde
1529 1038 1560 1066 et
1574 1037 1652 1067 licet
1663 1046 1747 1068 mor-

1044 1080 1118 1109 tuus
1132 1081 1165 1110 in
1177 1082 1328 1119 peccato,
1345 1082 1373 1111 si
1394 1082 1536 1111 audieris
1544 1091 1656 1112 vocem
1671 1085 1746 1114 Filii

1043 1126 1121 1163 Dei,
1137 1127 1242 1156 vives.
1258 1127 1368 1156 Sermo
1385 1127 1472 1156 enim
1484 1128 1747 1167 quemloquitur,

1043 1171 1176 1209 spiritus
1190 1173 1224 1202 et
1238 1173 1305 1203 vita
1322 1174 1382 1202 est.
1399 1173 1431 1202 Si
1447 1174 1602 1203 cortuum
1616 1174 1746 1206 indura-

1042 1217 1111 1245 tum
1127 1218 1194 1254 est,
1210 1219 1373 1247 memento
1388 1217 1563 1255 scripturae
1578 1218 1718 1250 dicentis
1733 1229 1742 1250 ι

1042 1263 1169 1292 Eminet
1195 1263 1321 1293 verbum
1338 1272 1445 1300 suum,
1461 1266 1488 1293 el
1503 1264 1676 1301 liquefaciet
1694 1275 1742 1296 ea.

1041 1308 1079 1336 Et
1093 1308 1172 1337 item
1190 1316 1198 1337 :
1220 1308 1335 1338 Anima
1356 1318 1426 1338 mea
1447 1309 1612 1346 liquefacta
1635 1312 1745 1347 est‚ut

1041 1352 1164 1382 dilectus
1177 1353 1296 1383 locutus
1308 1355 1361 1383 est.
1374 1353 1407 1382 Si
1420 1354 1550 1390 tepidus
1561 1362 1594 1383 es
1603 1375 1612 1391 ‚
1623 1356 1655 1385 et
1670 1363 1745 1386 evo-

1042 1396 1086 1424 mi
1099 1396 1165 1433 ]'am
1180 1396 1331 1426 formidas
1342 1419 1351 1434 ,
1367 1405 1432 1426 non
1452 1397 1598 1428 discedas
1620 1399 1660 1428 ab
1676 1401 1744 1430 elo-

1042 1442 1116 1479 quio
1138 1442 1267 1472 Domini
1282 1465 1291 1480 ,
1307 1444 1340 1473 et
1368 1443 1584 1474 inflammabit
1597 1445 1629 1474 te
1647 1447 1744 1484 :quia

1043 1488 1207 1526 eloquium
1224 1489 1294 1525 ejus
1309 1488 1448 1526 ignitum
1463 1485 1512 1518 est
1529 1489 1635 1519 valde.
1651 1491 1744 1528 Quod

1042 1534 1067 1562 si
1084 1535 1233 1564 tenebras
1245 1535 1433 1571 ignorantiae
1448 1535 1572 1573 plangis
1585 1557 1594 1573 ,
1607 1535 1744 1575 diligen-

1042 1580 1090 1609 ter
1105 1580 1181 1610 audi
1208 1580 1287 1618 quid
1311 1581 1463 1618 loquatur
1486 1580 1520 1610 in
1541 1582 1573 1611 te
1588 1582 1746 1612 Dominus

1042 1626 1126 1655 Deus
1140 1634 1149 1654 2
1168 1627 1200 1655 et
1216 1626 1279 1656 erit
1293 1626 1425 1655 lucerna
1439 1626 1579 1663 pedibus
1592 1627 1657 1656 tuis
1671 1636 1744 1658 ver-

1041 1671 1119 1700 bum
1134 1671 1283 1708 Domini,
1299 1673 1332 1701 et
1346 1672 1457 1700 lumen
1471 1672 1596 1702 semitis
1611 1673 1687 1703 tuis.

1080 1717 1110 1746 5.
1133 1717 1174 1747 At
1199 1716 1342 1746 fortassis
1369 1717 1459 1746 tanto
1481 1717 1620 1754 amplius
1635 1718 1743 1757 doles,

1040 1762 1159 1799 quanto
1181 1762 1299 1791 clarius
1323 1762 1457 1800 peccata
1482 1762 1581 1791 etiam
1607 1763 1743 1794 minima

1041 1807 1241 1837 illuminatus
1270 1807 1414 1845 agnoscis
1430 1815 1438 1836 ;
1454 1807 1511 1836 sed
1530 1807 1745 1839 sanctificabit

1043 1854 1073 1882 te
1101 1853 1195 1882 Pater
1220 1853 1254 1882 in
1277 1853 1434 1890 veritate,
1459 1861 1532 1890 quae
1559 1854 1608 1882 est
1628 1853 1744 1890 utique

1041 1906 1144 1928 sermo
1161 1898 1249 1935 ejus,
1269 1899 1306 1927 ut
1332 1898 1419 1926 inter
1444 1897 1609 1935 Apostolos
1630 1898 1742 1928 audire

1040 1944 1194 1972 merearis
1210 1952 1218 1972 :
1236 1945 1308 1972 Jam
1329 1951 1382 1972 vos
1396 1943 1504 1971 mundi
1529 1943 1598 1972 estis
1619 1945 1743 1981 propter

1038 1998 1208 2019 sermonem
1219 2009 1229 2025 ,
1243 1996 1332 2026 quem
1343 1988 1458 2017 locutus
1478 1996 1547 2017 sum
1561 1987 1656 2017 vobis.
1672 1989 1742 2018 Jam

1041 2043 1116 2064 vero
1137 2042 1210 2064 cum
1235 2034 1355 2063 laveris
1370 2033 1457 2062 inter
1471 2032 1660 2062 innocentes
1672 2041 1742 2063 ma-

1040 2088 1097 2109 nus
1113 2081 1202 2116 tuas,
1219 2087 1294 2109 ecce
1306 2078 1432 2116 paravit
1447 2078 1482 2107 in
1497 2079 1671 2116 conspectu
1684 2079 1742 2109 tuo

1041 2134 1180 2155 inensam
1190 2147 1200 2163 ,
1217 2125 1254 2155 ut
1268 2132 1332 2154 non
1343 2124 1383 2153 de
1399 2124 1464 2154 solo
1472 2131 1556 2161 pane
1569 2123 1673 2162 vivas,
1684 2123 1741 2154 sed

1039 2180 1081 2200 ex
1095 2171 1183 2201 omni
1211 2171 1328 2207 verbo,
1349 2169 1434 2208 quod
1455 2168 1602 2207 procedit
1629 2169 1669 2198 de
1685 2177 1740 2199 ore

1042 2218 1116 2255 Dei,
1133 2218 1166 2247 et
1180 2217 1214 2246 in
1230 2215 1420 2246 fortitudine
1436 2215 1500 2245 cibi
1523 2214 1610 2243 illius
1631 2223 1740 2244 curras

1039 2263 1125 2292 viam
1139 2261 1363 2291 mandatorum
1384 2259 1467 2296 ejus.
1482 2259 1544 2288 Ubi
1564 2259 1592 2288 si
1617 2260 1741 2289 consis-

1041 2309 1111 2338 tunt
1137 2307 1309 2336 adversum
1323 2306 1356 2334 te
1381 2306 1507 2342 castra,
1529 2305 1563 2334 et
1586 2304 1738 2341 praelium

1039 2353 1228 2383 tentationis
1240 2351 1391 2388 insurgit:
1405 2350 1511 2388 arripe
1523 2349 1665 2387 gladium
1673 2351 1741 2388 spi-

1038 2401 1136 2436 ritus,
1151 2398 1236 2436 quod
1251 2399 1301 2427 est
1314 2396 1448 2426 verbum
1464 2395 1543 2433 Dei,
1553 2396 1587 2425 et
1596 2395 1679 2425 ineo
1691 2396 1740 2425 fa-

1038 2445 1100 2473 cile
1119 2442 1344 2480 triumphabis.
1360 2441 1451 2478 Quod
1471 2440 1497 2470 si
1514 2440 1595 2470 forte
1611 2439 1622 2479 (
1637 2440 1675 2470 ut
1690 2441 1738 2471 est

1038 2487 1223 2518 certaminis
1238 2486 1435 2516 consuetudo
1452 2485 1462 2524 )
1484 2484 1654 2522 contigerit
1678 2485 1738 2513 ali-

1038 2533 1163 2571 quando
1172 2531 1336 2562 vulnerari
1347 2553 1356 2569 ,
1370 2530 1479 2560 mittet
1487 2529 1621 2559 verbum
1629 2537 1736 2567 suum,

1039 2579 1071 2607 et
1083 2578 1208 2607 sanabit
1224 2579 1255 2607 te
1265 2599 1275 2614 ,
1292 2577 1326 2606 et
1340 2574 1459 2613 eripiet
1473 2574 1506 2604 te
1521 2573 1561 2603 de
1576 2573 1737 2603 interitio-

1039 2623 1135 2653 nibus
1149 2623 1214 2653 tuis
1229 2631 1237 2651 t
1253 2624 1290 2652 ut
1316 2622 1351 2652 in
1375 2621 1408 2651 te
1423 2627 1550 2658 quoque
1565 2619 1736 2667 impleatur
