1846 3078
291 241 350 273 502

290 297 500 337 prophetam,
516 297 670 329 Laboravi
692 300 844 329 sustinens
867 306 877 326 .·
893 293 994 333 signi-

291 344 389 374 ficans
401 344 545 382 tempus,
559 351 621 382 quo
638 343 729 373 exsul
746 342 826 372 coelo
842 341 874 370 et
889 338 993 378 patria

291 397 423 419 summae
444 389 583 428 quietis,
607 390 756 426 operatus
782 387 829 416 est
854 385 993 415 salutem

292 434 327 463 in
351 433 458 464 medio
480 435 586 464 terrae.
603 432 700 469 Magis
725 431 832 460 autem
858 435 991 464 vereor,

291 487 332 509 ne
353 479 385 509 te
407 487 533 517 quoque
560 476 702 507 involvat
718 473 921 504 formidolosa
937 472 992 502 illa

289 524 469 561 sententia,
486 525 530 553 ita
546 523 696 552 intonans
708 521 742 549 in
759 518 927 557 perfidiam
939 519 993 547 Ju-

290 569 432 599 (laeorum
448 569 648 598 :Neomenias
659 568 791 600 reso-cm,
806 567 833 594 et
848 564 991 600 sabbata,

287 617 316 646 et
331 617 503 653 festivitates
518 615 596 643 alias
610 621 671 641 non
686 612 796 649 feram.
814 611 911 647 Item,
927 610 993 639 Ka-

289 661 391 690 lendas
407 662 520 689 vestras-
535 660 562 686 12!
575 657 779 687 solemnitates
793 656 910 685 vestras
931 655 992 683 odit

289 706 395 734 anima
412 713 498 741 mea,
521 703 604 739 fucta
624 703 695 731 sunt
710 701 786 730 milii
798 700 937 729 molesta.
954 699 991 727 Et

289 750 413 788 lugebit
436 756 532 785 super
557 749 589 777 te
615 747 792 785 Propheta,
819 746 852 774 et
878 744 989 774 dicet:

291 797 439 825 Viderunt
454 803 522 824 eam
543 794 658 830 hostes,
681 795 708 823 et
730 792 900 822 deriserunt
922 790 992 820 sab-

290 842 361 871 bata
377 842 450 879 ejus.
469 841 530 869 Cur
547 840 632 869 enim
649 839 732 877 quod
746 838 884 867 dilectus
895 845 992 875 repu-

289 887 373 924 diat,
386 894 449 915 non
465 886 599 915 irrideat
614 883 791 914 inimicus?

327 932 357 961 6.
379 933 476 961 Miror
491 932 584 961 valde
611 929 845 969 impudentiam
871 928 992 966 aliquo-

288 987 357 1008 rum
375 979 429 1016 qui
445 978 533 1007 inter
549 986 604 1007 nos
620 978 710 1014 sunt,
724 976 778 1014 qui
795 983 868 1004 cum
880 982 991 1003 omnes

287 1032 345 1053 nos
371 1032 427 1053 sua
449 1024 672 1061 singularitate
699 1021 919 1057 turbaverint,
936 1028 990 1049 sua

289 1070 490 1108 impatientia
517 1068 735 1104 irritaverint,
752 1074 807 1096 sua
824 1066 989 1095 contuma-

288 1116 337 1145 cia
374 1116 406 1145 et
429 1115 607 1145 rebellione
635 1112 906 1150 contempserint,
933 1119 992 1140 au-

288 1163 365 1192 dent
380 1161 592 1191 nihilominus
614 1160 652 1189 ad
677 1161 742 1189 tam
769 1159 891 1188 soedum
916 1165 992 1186 con-

287 1209 431 1238 scientiae
453 1216 518 1237 suae
534 1207 688 1236 lectulum
704 1204 791 1234 omni
813 1203 991 1233 orationum

289 1254 441 1284 instantia
466 1253 565 1283 totius
587 1251 739 1290 puritatis
755 1249 926 1279 Dominum
942 1249 992 1277 in-

288 1302 404 1331 vitare.
422 1301 460 1329 At
475 1308 543 1328 cum
568 1298 780 1333 extenderitis,
797 1296 860 1333 ait,
880 1303 992 1325 manus

288 1349 420 1382 vestras,
450 1346 587 1375 avertam
618 1344 718 1373 oculos
743 1351 841 1379 meos,
871 1343 899 1371 et
924 1350 989 1370 cum

289 1391 557 1429 mziltiyilicczreriti's
588 1390 776 1425 orationem,
801 1396 864 1417 non
893 1396 992 1417 exau-

289 1439 384 1467 diam.
411 1436 495 1473 Quid
529 1434 642 1465 enim?
668 1434 819 1463 Lectulus
843 1441 908 1463 non
943 1433 992 1462 est

290 1482 438 1519 floridus,
462 1481 563 1518 magis
585 1481 694 1509 autem
717 1480 749 1509 et
764 1479 898 1517 putidus
924 1479 990 1514 est,

290 1528 323 1558 et
346 1529 383 1558 tu
408 1528 486 1556 illuc
513 1528 633 1564 Regem
659 1525 769 1563 gloriae
800 1523 927 1554 trahis?
946 1523 991 1552 Ad

289 1574 489 1613 pausandum
513 1573 574 1602 hoc
598 1571 693 1609 facis,
719 1579 759 1600 an
792 1570 833 1600 ad
858 1578 992 1599 causan-

289 1619 390 1650 dum?
404 1618 555 1649 Centurio
570 1618 661 1647 vetat
677 1617 769 1645 illum
795 1616 916 1645 intrare
933 1615 991 1645 sub

289 1666 413 1695 tectum
428 1673 522 1694 suum
547 1664 679 1701 propter
701 1670 791 1691 suam
816 1661 992 1699 indignita-

288 1712 353 1740 tem
366 1733 374 1748 ,
400 1710 492 1747 cujus
526 1709 636 1738 tamen
660 1707 740 1736 fides
772 1706 806 1736 in
839 1707 992 1735 universo

289 1757 415 1786 redolet
441 1755 538 1785 lsrael
561 1755 619 1784 :et
642 1754 679 1783 tu
704 1753 743 1782 ad
768 1753 801 1782 te
827 1752 992 1790 compellis

289 1803 427 1839 intrare,
443 1801 604 1830 tantorum
628 1799 759 1829 sordens
774 1798 927 1836 spurcitia
944 1798 992 1827 vi-

288 1845 429 1877 tiorum?
445 1844 567 1875 Clamat
582 1844 805 1882 Apostolorum
820 1843 991 1882 Princeps,

289 1894 355 1922 Exi
367 1903 386 1922 α
408 1902 473 1929 me,
490 1892 639 1927 Domine,
655 1891 728 1928 quia
750 1889 839 1919 homo
854 1891 994 1927 peccator

289 1948 378 1968 sum:
395 1939 428 1968 et
444 1940 480 1968 tu
496 1937 593 1975 dicis,
610 1937 694 1966 Intra
712 1936 751 1965 ad
771 1945 823 1965 me
838 1936 991 1974 Domine,

290 1985 440 2022 quoniam
465 1985 592 2014 sanctus
606 1991 676 2012 sum
689 1981 701 2010 ?
716 1983 844 2019 Omnes,
867 1983 991 2021 inquit,

289 2031 450 2059 unamines
472 2030 503 2058 in
529 2029 666 2057 oratione
687 2028 794 2063 estote,
811 2028 992 2064 fraternita-

290 2077 348 2104 tem
367 2076 489 2114 diliqz'te.
506 2075 543 2103 Et
560 2074 620 2102 Vas
635 2073 804 2103 electionis
821 2081 828 2102 :
846 2075 992 2104 Lemures

287 2131 383 2159 puras
408 2130 538 2157 manus,
555 2120 617 2158 ait,
641 2121 704 2150 sinc
731 2121 779 2149 ira
795 2121 823 2149 et
846 2120 993 2158 discepta-

292 2167 381 2195 tione.
392 2166 530 2195 Videsne
543 2165 701 2204 quomodo
711 2165 906 2195 concordent
917 2166 990 2201 sibi,

292 2212 326 2241 et
348 2212 460 2241 eodem
477 2212 593 2249 spiritu
611 2211 649 2241 de
665 2220 744 2249 pace
762 2212 794 2241 et
810 2211 992 2249 tranquilli-

292 2258 359 2287 tate
374 2257 471 2285 animi
486 2256 496 2295 (
509 2266 603 2295 quain
619 2257 740 2286 habere
753 2257 850 2286 debet
865 2257 921 2286 ille
937 2257 990 2294 qui

292 2303 360 2332 orat
377 2301 566 2341 )loquanlur
580 2303 735 2341 Princeps
750 2303 971 2341 Apostolorum
981 2325 989 2340 ,

293 2348 327 2377 et
341 2348 457 2377 Doctor
472 2349 615 2384 gentium
627 2348 639 2377 ἓ
653 2350 752 2387 Perge
769 2357 843 2387 ergo
865 2349 900 2378 tu
926 2350 991 2378 tota

293 2393 346 2422 die
372 2392 556 2430 expandere
583 2394 621 2421 ad
645 2394 747 2423 Deum
774 2402 887 2424 manus
903 2395 989 2432 tuas,

292 2439 349 2477 qui
365 2439 478 2468 fratres
501 2438 565 2467 tota
583 2438 633 2467 die
650 2440 816 2477 molestas,
831 2440 992 2470 unanimi-

293 2486 393 2514 tatem
407 2485 592 2522 impugnas,
608 2484 647 2512 ab
661 2486 785 2515 unitate
800 2487 832 2515 te
849 2495 988 2524 separas.

333 2531 363 2560 7.
392 2531 430 2560 Et
453 2530 531 2568 quid
557 2538 608 2559 me
634 2530 682 2559 vis
712 2530 835 2569 facere,
862 2532 992 2570 inquis?

293 2576 437 2606 Profecto
449 2577 485 2606 ut
497 2576 599 2614 primo
609 2575 739 2614 quidem
752 2578 907 2606 emundes
919 2587 992 2607 con-

294 2622 461 2652 scientiam
478 2621 517 2651 ab
533 2621 620 2651 omni
636 2621 879 2659 inquinamento
893 2622 947 2651 ira}
960 2624 992 2652 et

295 2666 554 2705 disceptationis,
566 2665 600 2696 et
612 2666 785 2696 murmuris
795 2688 803 2704 ,
818 2668 849 2695 et
861 2666 990 2705 livoris,

750 244 780 272 S.
800 241 1044 271 BERNARDI
1071 240 1270 270 ABBATIS

1028 294 1061 324 et
1073 294 1229 333 quicquid
1243 295 1373 326 omnino
1386 294 1551 327 adversari
1566 291 1732 334 cognosci-

1028 339 1082 369 tur
1106 340 1162 370 aut
1186 341 1258 378 paci
1283 341 1436 381 fratrum,
1453 342 1509 372 aut
1533 341 1729 380 obedientiae

1027 385 1190 415 seniorum
1202 407 1210 423 ,
1227 386 1266 416 de
1292 387 1395 418 cordis
1409 387 1597 417 habitaculo
1620 387 1730 417 elimi-

1026 438 1104 460 nare
1119 430 1264 462 festines.
1277 432 1401 462 Deinde
1413 433 1514 463 etiam
1526 432 1729 463 circumdare

1026 476 1086 505 tibi
1101 476 1196 507 flores
1214 477 1371 507 bonorum
1385 487 1663 517 quorumcumque
1676 487 1731 509 ac-

1026 522 1119 551 tuum
1142 523 1175 552 et
1188 522 1403 552 laudabilium
1418 524 1596 554 studiorum
1606 547 1615 562 ,
1631 524 1729 563 atque

1026 567 1234 597 odoramenta
1250 568 1428 607 virtutum,
1444 568 1478 598 id
1499 570 1549 599 est
1563 577 1730 608 quaecum-

1026 620 1087 649 que
1121 613 1197 643 sunt
1227 621 1303 643 vera
1314 635 1324 651 ,
1348 622 1560 652 quaecumque
1593 615 1729 652 pudica,

1025 666 1238 696 quaecumque
1253 659 1338 696 justa
1349 682 1359 697 ,
1375 667 1585 697 quaecumque
1602 659 1731 697 sancta,

1025 711 1239 742 quaecumque
1293 705 1466 742 amabilia,
1519 713 1730 743 quaecumque

1025 748 1115 779 bonae
1139 749 1249 788 famae,
1266 751 1292 781 si
1308 759 1371 790 qua
1395 751 1517 788 virtus,
1531 750 1557 780 si
1573 758 1636 788 qua
1659 751 1731 780 laus

1026 792 1224 832 disciplinae3
1242 795 1310 825 haec
1335 795 1496 833 cogitare,
1514 795 1547 824 in
1569 795 1620 824 his
1636 803 1731 824 exer-

1026 839 1092 868 ceri
1121 842 1243 870 curato.
1262 841 1307 870 Ad
1329 841 1512 871 istiusmodi
1535 848 1648 870 secure
1672 848 1731 869 vo-

1026 883 1113 914 cabis
1139 894 1291 922 sponsum
1314 894 1322 914 :
1349 886 1503 924 quoniam
1526 894 1601 915 cum
1626 885 1731 915 intro-

1025 930 1158 961 duxeris
1181 940 1273 968 eum,
1297 932 1458 962 veraciter
1473 932 1583 961 dicere
1607 930 1729 969 poteris

1026 975 1058 1005 et
1083 976 1136 1013 tu,
1151 977 1227 1014 quia
1244 978 1368 1007 lectulus
1391 979 1494 1007 noster
1516 977 1663 1014 floridus,
1678 984 1730 1005 re-

1025 1020 1154 1051 dolente
1170 1022 1326 1052 nimirum
1342 1022 1539 1051 conscientia
1554 1021 1727 1059 pietatem,

1025 1067 1083 1096 sed
1102 1075 1235 1106 pacem,
1259 1068 1316 1097 sed
1345 1067 1647 1103 mansuetudinem,
1670 1067 1729 1096 sed

1023 1111 1202 1152 justitiam,
1221 1114 1278 1144 sed
1293 1113 1531 1150 obedientiam,
1544 1112 1601 1142 sed
1616 1111 1729 1141 hilari-

1026 1159 1143 1197 tatem,
1159 1159 1215 1189 sed
1236 1158 1466 1189 humilitatem.
1484 1158 1522 1188 Et
1543 1158 1583 1188 de
1607 1157 1728 1188 lectulo

1025 1204 1157 1242 quidem
1173 1206 1230 1235 sic.

1064 1251 1094 1280 8.
1110 1251 1246 1281 Domum
1258 1259 1335 1282 vero
1349 1249 1410 1280 Dei
1423 1249 1628 1289 spiritualem
1640 1248 1728 1288 seip-

1025 1305 1095 1327 sum
1117 1297 1252 1336 quisque
1269 1297 1436 1336 agnoscat,
1450 1296 1507 1334 qui
1528 1297 1639 1326 tamen
1657 1295 1725 1332 jam

1025 1351 1088 1373 non
1104 1343 1138 1372 in
1160 1350 1255 1372 carne
1281 1342 1443 1380 ambulet,
1460 1341 1518 1371 sed
1541 1341 1576 1371 in
1597 1341 1725 1380 spiritu.

1028 1390 1185 1427 Templum
1209 1390 1291 1419 enim
1310 1390 1385 1426 Dei,
1412 1388 1474 1425 ait,
1502 1390 1642 1418 sanctum
1666 1388 1728 1423 est,

1025 1436 1104 1473 quod
1137 1436 1207 1465 estis
1231 1444 1295 1465 vos.
1321 1435 1436 1465 Curate
1462 1442 1555 1472 erge,
1581 1434 1728 1472 Fratres,

1024 1480 1186 1519 spirituali
1202 1480 1278 1510 huic
1294 1481 1447 1518 aediticio,
1464 1480 1549 1519 quod
1563 1487 1619 1510 vos
1634 1479 1729 1518 estis,

1024 1535 1065 1556 ne
1098 1525 1180 1556 forte
1204 1534 1277 1555 cum
1302 1525 1337 1555 in
1368 1525 1544 1564 superiora,
1569 1524 1729 1563 proficere

1025 1572 1178 1611 coeperit,
1204 1571 1338 1601 vacillet
1354 1572 1387 1601 et
1412 1571 1558 1609 corruat,
1575 1570 1602 1600 si
1627 1570 1729 1609 lignis

1025 1617 1161 1648 fortibus
1172 1625 1235 1647 non
1249 1616 1349 1647 tuerit
1360 1617 1537 1647 subnixum
1552 1616 1585 1646 et
1600 1616 1729 1654 colliga-

1024 1665 1094 1694 tum
1112 1674 1119 1691 ε
1137 1664 1267 1701 curate,
1291 1663 1443 1700 inquam,
1469 1662 1518 1691 illi
1543 1662 1632 1699 tigna
1652 1662 1728 1692 dare

1025 1709 1242 1747 imputribilia
1277 1709 1312 1738 et
1342 1707 1543 1745 immobilia,
1568 1708 1730 1737 Timorem

1025 1755 1180 1785 videlicet
1202 1753 1334 1784 Domini
1359 1754 1501 1791 castum,
1526 1753 1640 1790 illum,
1669 1753 1728 1791 qui

1025 1800 1197 1839 permanet
1220 1800 1255 1830 in
1271 1800 1425 1830 saeculum
1440 1799 1551 1829 saeculi
1568 1807 1576 1828 ε
1598 1798 1730 1828 Patien-

1025 1847 1103 1877 tiam
1113 1869 1122 1885 ,
1136 1846 1175 1876 de
1190 1854 1254 1885 qua
1269 1846 1427 1884 scriptum
1442 1845 1508 1882 est,
1521 1844 1597 1883 quia
1609 1846 1729 1884 patien-

1025 1896 1068 1924 tia
1081 1902 1252 1932 pauperum
1267 1901 1328 1922 non
1344 1891 1454 1930 peribit
1465 1893 1496 1921 in
1512 1892 1605 1928 finem
1621 1900 1630 1920 .·
1646 1891 1730 1920 Lon-

1024 1940 1247 1978 ganimitatem
1269 1946 1414 1976 quoque,
1432 1946 1504 1975 quae
1530 1937 1589 1966 sub
1614 1935 1729 1974 quovis

1024 1985 1193 2015 structurae
1209 1984 1351 2022 pondere
1367 1982 1558 2012 inflexibilis
1572 1989 1729 2020 perseve-

1024 2040 1114 2068 rans,
1131 2030 1165 2059 in
1180 2029 1308 2059 infinita
1324 2028 1442 2058 saecula
1453 2027 1528 2058 vitae
1542 2027 1645 2057 beatae
1657 2034 1730 2064 pro-

1024 2077 1187 2113 tenditur,
1205 2075 1370 2105 Salvatore
1395 2074 1547 2112 loquente
1565 2073 1598 2103 in
1623 2074 1729 2102 Evan-

1024 2122 1132 2160 gelio:
1160 2122 1220 2160 Qui
1236 2120 1609 2159 perseveraveritusqnein
1617 2118 1709 2154 finem
1717 2137 1728 2152 ‚

1024 2169 1072 2198 Ιιῑε
1085 2169 1186 2198 salvus
1198 2168 1264 2197 erit.
1279 2165 1377 2203 Magis
1388 2164 1496 2193 autem
1510 2171 1606 2200 super
1621 2162 1728 2191 omnia

1023 2213 1196 2242 Caritatem
1206 2233 1215 2249 ,
1224 2219 1295 2249 quae
1308 2216 1486 2247 numquam
1499 2207 1642 2245 excidit,
1652 2207 1728 2245 quia

1024 2259 1112 2297 fortis
1123 2259 1181 2295 est,
1198 2256 1321 2294 inquit,
1336 2257 1369 2284 ut
1391 2263 1475 2284 mors
1492 2254 1626 2290 dilectio,
1649 2254 1730 2282 dura

1023 2304 1099 2334 sicut
1121 2303 1258 2341 infernus
1277 2301 1444 2330 intitulatio.
1462 2299 1594 2328 Studete
1610 2297 1730 2327 deinde

1025 2349 1076 2379 his
1100 2348 1198 2387 tignis
1213 2347 1420 2377 substernere
1436 2345 1469 2374 et
1485 2345 1618 2382 alligare
1640 2343 1728 2381 ligna

1025 2395 1087 2424 alia
1100 2402 1190 2432 aeque
1203 2392 1347 2432 pretiosa
1361 2391 1394 2420 et
1405 2391 1518 2429 pulcra
1528 2411 1538 2427 ,
1551 2389 1603 2419 cui
1618 2389 1728 2418 tame-n

1024 2441 1079 2470 illa
1096 2440 1135 2469 ad
1159 2446 1291 2468 manum
1306 2436 1429 2467 fuerint
1453 2435 1488 2465 in
1502 2443 1582 2474 opus
1595 2435 1727 2473 laquea-

1024 2486 1109 2516 rium
1135 2485 1176 2515 ad
1200 2485 1350 2514 decorem
1382 2483 1513 2518 domus,
1544 2487 1726 2511 sermonem

1025 2531 1151 2563 scilicet
1175 2529 1344 2568 sapientiae
1369 2528 1438 2558 sive.
1464 2525 1625 2562 scientiae,
1651 2531 1727 2562 pro-

1024 2578 1190 2616 phetiam,
1215 2576 1351 2614 gratiam
1379 2572 1598 2607 curationum,
1624 2569 1727 2598 inter-

1025 2622 1239 2661 pretationem
1249 2626 1450 2655 sermonum,
1463 2618 1496 2646 et
1507 2615 1623 2645 caetera
1635 2614 1729 2653 talia,

1026 2675 1096 2705 quae
1118 2666 1218 2705 magis
1238 2665 1414 2695 noscuntur
1435 2668 1510 2692 sane
1531 2660 1605 2700 apta
1630 2667 1726 2690 orna-
