1830 3073
311 207 352 236 *98

314 264 386 294 lica.
402 263 585 294 Secundum
598 264 681 295 hanc
692 264 888 303 sapientiam
903 263 1017 293 dicun-

316 312 368 340 tur
381 310 554 349 sapientes,
569 311 607 341 ut
622 310 744 341 faciant
760 310 947 348 mala,bene
961 316 1019 338 au-

315 358 382 386 tem
395 355 501 386 facere
516 357 667 387 nesciunt
681 365 689 385 :
705 357 738 386 et
752 355 787 384 in
810 355 879 392 ipsa
895 361 952 383 sua
968 361 1018 383 sa-

311 402 439 441 pientia
453 403 633 441 arguuntur
648 402 682 431 et
705 401 887 439 perduntur
900 420 909 436 ‚
933 399 1018 429 sicut

314 447 471 486 scriptum
496 449 567 478 est:
587 446 848 485 eomprehendam
870 445 1018 482 sapientes

313 495 346 523 in
360 494 476 524 astutia
494 501 620 530 eorum,
641 494 670 521 et
690 491 820 529 perdam
835 491 1017 528 sapientiam

313 541 497 578 sapientium
509 560 518 576 ,
541 540 569 568 et
593 537 792 576 prudentiam
820 536 1018 574 prudentium

314 585 494 625 reprobabo.
509 584 546 613 Et
557 583 671 621 utique
685 582 806 612 talibus
817 581 1018 620 sapientibus

315 631 448 661 videtur
458 629 540 659 mihi
554 629 651 667 digne
669 628 702 658 et
717 628 942 666 competenter
953 627 1019 657 dic-

314 676 383 705 tum
398 674 576 704 Salomonis
585 673 703 712 aptari,
720 681 783 711 quo
799 672 845 702 ait
860 681 868 701 ι
884 673 941 703 Est
952 681 1019 702 ma-

314 721 380 750 litia
393 728 487 758 quam
501 720 564 749 vidi
576 718 630 749 sub
639 719 712 755 sole,
724 720 825 748 virum
834 719 888 757 qui
901 719 1018 748 videtur

313 766 395 804 apud
412 774 442 795 se
459 766 580 804 sapiens
605 774 678 795 esse.
691 765 784 794 Nulla
799 765 873 794 talis
889 764 1019 802 sapien-

314 811 360 842 tia
375 832 384 848 ‚
404 810 474 840 sive
490 810 615 847 carnis,
633 810 702 840 sive
718 809 848 847 mundi,
862 809 997 839 aedificat
1008 831 1017 846 ,

310 857 413 887 immo
427 856 567 887 destruit
578 864 815 894 quamcumque
828 856 959 885 domum
972 855 1019 884 in-

314 903 451 933 habitat.
467 903 520 933 Est
535 911 610 940 ergo
625 902 687 932 alia
705 901 866 940 sapientia
882 910 952 940 quae
961 901 1019 930 de-

308 957 439 980 sursum
460 950 525 987 est3
548 949 690 987 primum
714 948 846 986 quidem
877 947 994 985 pudica
1008 969 1017 984 ,

312 995 435 1026 deinde
461 995 608 1034 pacifica.
636 995 695 1024 Hic
726 995 775 1023 est
794 993 938 1023 Christus
958 993 1017 1022 Dei

311 1043 431 1080 virtus,
445 1044 477 1072 et
492 1042 551 1071 Dei
568 1041 740 1079 sapientia,
754 1040 793 1069 de
810 1048 873 1078 quo
886 1040 1019 1077 Aposto-

313 1089 366 1119 lus
384 1098 392 1118 :
411 1089 473 1128 Qui
485 1088 586 1126 factus·
598 1089 653 1123 est,
667 1086 785 1124 inquit,
801 1085 888 1115 nobis
900 1086 1020 1123 sapien-

314 1135 360 1164 tia
374 1144 393 1163 a
408 1135 473 1164 Deo
485 1155 496 1170 ,
509 1133 687 1171 etjustitia,
702 1132 731 1161 et
747 1130 967 1167 sanctificatio,
993 1132 1020 1159 et

313 1180 491 1218 redemptio.

357 1224 387 1255 2.
402 1225 476 1255 Haec
489 1225 598 1263 itaque
611 1222 777 1261 Sapientia
785 1231 856 1261 quae
867 1221 928 1251 Dei
939 1222 1020 1260 erat,

317 1271 354 1301 et
369 1271 456 1300 Deus
472 1271 553 1306 erat,
570 1270 610 1299 de
627 1269 701 1299 sinu
721 1269 824 1298 Patris
839 1267 878 1297 ad
894 1275 952 1296 nos
965 1276 1021 1297 ve-

316 1317 431 1354 niens,
458 1315 631 1346 aedificavit
660 1314 722 1344 sibi
746 1314 895 1351 domum,
919 1313 1020 1351 ipsam

314 1363 442 1394 scilicet
453 1363 589 1392 matrem
601 1369 692 1391 suam
702 1360 860 1398 virginem
869 1359 1020 1388 Mariam:

315 1408 352 1438 in
367 1417 431 1447 qua
451 1408 578 1445 septem
599 1407 764 1436 columnas
781 1404 916 1434 excidit.
938 1405 1021 1441 Quid

316 1454 367 1484 est
390 1455 424 1483 in
449 1461 487 1482 ea
506 1453 634 1490 septem
659 1452 825 1481 columnas
847 1450 1021 1487 excidere,

315 1499 379 1528 nisi
392 1499 495 1537 ipsam
507 1497 639 1535 dignum
651 1497 714 1527 sibi
726 1496 948 1525 habitaculum
961 1495 1021 1525 tide

316 1544 516 1583 etoperibus
528 1541 899 1582 praeparare3Nin1irum
914 1542 1023 1570 terna-

317 1591 386 1621 rius
402 1598 561 1620 numerus
573 1589 613 1619 ad
625 1589 721 1619 fidem
733 1590 866 1628 propter
880 1589 1021 1618 sanctam

316 1637 531 1674 Trinitatem3
558 1635 784 1674 quaternarius
811 1633 956 1672 pertinet
983 1633 1023 1662 ad

316 1690 423 1712 mores
440 1682 577 1720 propter
595 1682 733 1719 quatuor
747 1679 945 1718 principales
955 1678 1023 1709 vir-

316 1728 416 1758 tutes.
429 1727 521 1765 Quod
533 1727 643 1757 autem
656 1726 688 1755 in
697 1726 792 1755 beata
804 1726 902 1755 Maria
914 1727 1023 1756 sancta

317 1774 460 1804 Trinitas
474 1773 575 1803 fuerit
590 1772 706 1811 (tuerit
721 1772 793 1801 dico
807 1779 866 1810 per
882 1779 1023 1811 praesen-

316 1820 399 1850 tiam
424 1817 617 1857 majestatis)
641 1818 698 1848 ubi
719 1818 805 1848 solus
828 1817 930 1847 Filius
954 1818 1023 1846 erat

317 1875 377 1905 per
398 1865 639 1904 susceptionem
660 1863 877 1893 humanitatis
899 1863 1024 1892 :testa-

318 1913 372 1942 tur
382 1911 522 1941 Nuntius
530 1910 684 1947 coelestis,
700 1909 756 1947 qui
769 1909 799 1939 ei
813 1916 1023 1946 arcanamys-

317 1956 403 1986 teria
430 1963 597 1992 reserans,
614 1955 660 1984 ait
676 1963 684 1983 z
701 1955 762 1984 Are
788 1955 891 1992 qratia
910 1953 1021 1991 plena,

317 2004 470 2033 Dominus
488 2003 596 2031 tecum.
612 2000 651 2030 Et
667 2000 739 2038 post
750 2007 850 2037 pauca
867 2007 875 2027 z
892 1999 1023 2037 Spiritus

317 2050 442 2080 sauctus
465 2047 651 2086 superveniet
666 2047 697 2075 in
713 2047 759 2082 te,
775 2047 801 2075 et
818 2046 913 2074 virtus
928 2045 1023 2074 Altis-

318 2096 389 2125 simi
402 2092 596 2124 obumbrabit
612 2091 676 2121 tibi.
701 2092 781 2120 Ecce
800 2090 900 2119 habes
913 2089 1023 2118 Domi-

319 2148 399 2169 num
412 2161 421 2176 ,
438 2139 539 2168 hahes
554 2137 713 2166 virtutem
728 2135 883 2166 Altissimi
897 2158 905 2172 ,
921 2135 1022 2165 habes

320 2184 477 2222 Spiritum
493 2183 639 2213 sanctum
666 2191 674 2211 ε
702 2182 802 2211 habes
830 2182 959 2211 Patrem
990 2183 1022 2211 et

319 2230 439 2259 Filium
473 2231 505 2259 et
540 2228 696 2266 Spiritum
726 2227 884 2257 sanctum.
910 2228 1021 2265 Neque

321 2276 410 2307 enim
426 2274 532 2312 potest
548 2282 617 2302 esse
629 2295 638 2310 ,
656 2275 709 2303 aut
726 2274 820 2303 Pater
832 2274 901 2302 sine
917 2273 998 2303 Filio
1011 2296 1020 2312 ,

321 2320 377 2350 aut
390 2319 458 2349 sine
473 2318 565 2347 Patre
584 2318 685 2347 Filius
697 2340 707 2354 ,
723 2320 778 2348 aut
800 2318 869 2348 sine
885 2320 1021 2358 utroque

320 2364 500 2405 procedens
513 2363 551 2392 ab
566 2364 704 2402 utroque
721 2363 859 2402 Spiritus
873 2366 1002 2395 sanctus
1012 2388 1020 2404 ,

320 2411 390 2451 ipso
406 2409 486 2439 Filio
503 2408 630 2438 dicente
647 2417 655 2437 τ
672 2410 737 2448 1390
753 2411 785 2438 in
800 2411 907 2447 Patre,
920 2413 1022 2442 etPa-

321 2459 367 2488 ter
381 2458 414 2487 in
428 2464 475 2485 me
491 2456 544 2485 est.
558 2455 596 2483 Et
608 2454 727 2484 iterum
740 2463 747 2483 :
761 2457 857 2485 Pater
871 2458 973 2486 autem
990 2459 1019 2487 in

320 2511 369 2533 me
383 2509 524 2537 manens,
537 2501 597 2539 ipse
609 2500 683 2538 facit
695 2509 799 2538 opera.
816 2501 1019 2533 Manifestum

322 2547 372 2578 est
379 2546 476 2577 fuisse
485 2546 518 2575 in
531 2545 626 2575 corde
636 2546 779 2584 Virginis
790 2546 887 2576 fidem
900 2549 1020 2580 sanctae

320 2591 499 2623 Trinitatis.
553 2625 561 2631 Ἴ

362 2639 392 2668 5.
410 2637 523 2668 Utrum
533 2638 640 2668 autem
656 2638 690 2668 et
703 2637 841 2677 quatuor
854 2637 1018 2679 principa-

762 211 792 239 S.
822 208 1060 238 BERNARDI
1085 210 1281 239 ABBATIS

1053 262 1101 292 les
1114 263 1254 294 virtutes
1265 265 1427 303 tamquam
1440 266 1578 304 quatuor
1589 265 1752 295 columnus

1052 308 1251 346 possederit,
1268 310 1477 348 inquisitione
1503 312 1637 350 dignum
1652 311 1753 349 ‘vide-

1052 354 1116 382 tur.
1133 354 1276 384 Primum
1294 364 1368 394 ergo
1383 357 1553 387 videamus
1568 366 1608 386 an
1625 356 1753 387 fortitu--

1052 398 1162 428 dinem
1188 400 1352 430 habuerit.
1384 403 1460 439 Quae
1475 403 1628 432 nimirum
1650 403 1754 433 virtus

1051 445 1210 482 quomodo
1223 446 1271 475 illi
1281 446 1392 476 abesse
1405 449 1523 485 potuit,
1535 457 1605 486 quae
1618 448 1753 485 :iniectis

1052 490 1263 521 saecularibus
1278 492 1418 530 pompis,
1434 494 1614 531 spretisque
1638 493 1754 531 volup-

1052 535 1174 566 tatibus
1190 537 1297 566 carnis
1309 558 1318 573 ,
1334 537 1393 566 soli
1416 538 1483 567 Deo
1506 539 1541 567 in
1562 539 1752 576 virginitate

1052 581 1164 612 vivere
1180 583 1443 621 proposuitffiisi
1460 583 1564 621 fallor,
1576 584 1645 614 haec
1656 585 1753 622 Virgo

1052 627 1099 657 est
1114 637 1185 666 quae
1207 629 1292 666 apud
1307 629 1509 659 Salomonem
1527 631 1646 668 legitur
1661 640 1669 660 ε
1683 633 1754 661 Mu-

1051 673 1153 702 lierem
1170 675 1281 712 sortem
1294 677 1360 713 quis
1377 677 1507 705 inveniet
1519 675 1532 705 ἓ
1546 678 1660 707 Procul
1679 679 1707 707 et
1720 678 1755 707 dc

1052 719 1165 749 ultimis
1184 720 1296 757 tinibus
1317 723 1451 760 prelium
1476 722 1551 758 ejtts.
1576 722 1652 759 Quae
1674 723 1754 752 adeo

1053 764 1143 794 fortis
1154 765 1227 804 fuit,
1241 768 1277 796 ut
1293 767 1382 797 illius
1395 769 1557 806 serpentis
1569 769 1666 806 caput
1681 777 1755 798 con-

1053 812 1191 849 tereret,
1207 812 1259 842 cui
1276 821 1293 842 a
1309 814 1446 843 Domino
1462 814 1585 844 dictum
1599 815 1648 844 est
1663 823 1672 844 t
1688 816 1755 844 Ini-

1053 857 1182 888 micitias
1194 867 1309 896 ponam
1336 861 1417 889 inter
1442 862 1467 890 te
1484 862 1512 889 et
1533 861 1689 890 mulierem
1701 881 1711 897 ,
1727 863 1755 891 et

1055 903 1132 931 inter
1147 912 1245 933 semen
1264 906 1348 934 tuum
1359 927 1368 942 ‚
1393 907 1421 935 et
1438 915 1540 936 semen
1565 906 1645 936 illius
1661 915 1673 936 .·
1688 907 1755 944 ipsa

1052 948 1182 977 conteret
1198 951 1288 986 caput
1304 951 1401 979 tuum.
1417 951 1513 979 Porro
1529 951 1612 989 quod
1628 952 1756 989 tempe-

1053 1000 1137 1029 rans,
1150 994 1292 1030 prudens
1308 995 1436 1032 etjusta
1451 995 1570 1033 fuerit,
1587 1005 1627 1026 ex
1641 997 1755 1035 Angeli

1054 1037 1282 1076 collocutione,
1300 1042 1333 1070 et
1358 1049 1415 1070 sua
1429 1041 1530 1078 ipsius
1545 1042 1755 1079 responsione

1055 1083 1126 1112 luce
1167 1085 1285 1115 clarius
1320 1087 1576 1124 comprobamus.
1614 1087 1756 1117 Salutatn

1053 1129 1174 1167 quippe
1199 1130 1265 1159 tam
1293 1132 1528 1162 venerabiliter
1552 1132 1593 1162 ab
1614 1133 1756 1171 Angelo,

1054 1175 1115 1204 Ace
1136 1178 1238 1214 qratia
1250 1178 1363 1215 plena,
1380 1179 1532 1208 Dominus
1555 1181 1651 1208 tecum
1668 1189 1678 1208 .·
1693 1187 1757 1208 non

1054 1227 1087 1249 se
1104 1221 1242 1259 extulit,
1257 1223 1347 1260 quasi
1364 1232 1436 1261 qnae
1453 1232 1493 1252 ex
1515 1223 1669 1261 singulari
1685 1233 1757 1263 gra-

1056 1265 1108 1294 tiae
1121 1266 1293 1304 privilegio
1304 1268 1567 1306 benediceretur,
1577 1269 1632 1299 sed
1643 1269 1754 1299 siluit:

1055 1311 1088 1339 et
1109 1311 1213 1349 qualis
1231 1314 1315 1342 esset
1338 1314 1465 1343 insolita
1491 1314 1560 1344 haec
1586 1315 1757 1353 salutatio,

1055 1364 1162 1386 secum
1189 1358 1355 1395 cogitavit.
1380 1360 1449 1395 Qua
1477 1359 1511 1388 in
1533 1368 1568 1389 re
1593 1361 1673 1398 quid
1693 1361 1756 1391 nisi

1057 1403 1241 1441 temperans
1257 1403 1338 1434 fuit?
1356 1405 1395 1434 At
1410 1413 1487 1434 vero
1503 1414 1577 1434 cum
1589 1407 1628 1436 de
1644 1408 1759 1437 coeles-

1057 1449 1144 1479 tibus
1163 1451 1327 1488 mysteriis
1343 1451 1382 1480 ab
1398 1452 1511 1481 eodem
1529 1453 1649 1490 Ange-lo
1665 1453 1760 1483 doce-

1057 1496 1157 1533 retur,
1173 1496 1348 1533 diligenter
1356 1497 1505 1534 quaesivit
1517 1498 1676 1536 quomodo
1686 1507 1759 1528 con-

1057 1541 1182 1578 ciperet
1199 1550 1234 1572 ac
1251 1544 1399 1580 pareret,
1423 1551 1494 1580 quae
1514 1544 1621 1573 virum
1646 1545 1758 1583 utique

1058 1595 1122 1616 non
1138 1590 1348 1626 cognosceret
1365 1597 1373 1617 τ
1391 1588 1471 1618 etin
1488 1589 1549 1619 hoc
1569 1589 1637 1620 sine
1660 1591 1758 1621 dubio

1057 1633 1201 1670 prudens
1218 1634 1358 1664 exstitit.
1382 1635 1522 1665 Justitiae
1544 1637 1654 1666 autem
1675 1646 1759 1675 prae—

1058 1679 1118 1709 fert
1138 1679 1283 1717 insigne,
1312 1681 1371 1710 ubi
1396 1689 1429 1710 se
1453 1682 1604 1711 ancillam
1626 1682 1757 1712 Domini

1057 1725 1240 1756 confitetur.
1256 1727 1333 1755 Nam
1350 1726 1435 1764 quod
1447 1727 1610 1765 justorum
1625 1728 1665 1757 sit
1681 1737 1758 1758 con-

1058 1770 1172 1809 sessio,
1188 1772 1327 1801 testatur
1347 1773 1402 1810 qui
1429 1773 1476 1802 ait
1501 1781 1509 1801 ε
1536 1774 1759 1803 Verumtamen

1056 1817 1129 1851 iusti
1141 1817 1366 1854 confitebuntur
1387 1818 1580 1855 nominituo,
1594 1821 1622 1848 et
1636 1818 1759 1849 habita—

1057 1862 1131 1892 bunt
1145 1865 1220 1893 recti
1232 1872 1301 1892 cum
1322 1864 1409 1893 vultu
1428 1865 1490 1893 luo.
1508 1864 1546 1893 Et
1571 1864 1758 1902 alibijustis

1056 1907 1195 1937 dicitur:
1211 1910 1253 1938 Et
1277 1910 1379 1938 dicetis
1397 1910 1428 1938 in
1440 1910 1627 1947 confessione
1638 1931 1649 1947 ,
1665 1919 1756 1950 opera

1054 1955 1182 1983 Domini
1190 1955 1332 1984 universa
1349 1954 1429 1984 bona
1444 1955 1541 1984 valde.

1094 1998 1125 2028 [ι.
1144 1999 1217 2028 Fuit
1237 2000 1336 2038 igitur
1357 2000 1450 2030 beata
1466 2000 1563 2037 Virgo
1578 2000 1675 2031 Maria
1692 2001 1758 2032 for-

1054 2043 1096 2074 tis
1111 2045 1145 2074 in
1161 2046 1339 2083 proposito,
1357 2047 1543 2083 temperans
1558 2046 1591 2074 in
1605 2046 1752 2085 silentio,

1054 2091 1196 2128 prudens
1211 2091 1244 2120 in
1261 2091 1622 2129 interrogatione,justa
1636 2092 1669 2122 in
1685 2102 1758 2123 con·

1055 2136 1207 2167 sessione.
1234 2138 1291 2167 His
1316 2138 1425 2175 itaque
1462 2139 1600 2175 quatuor
1631 2147 1755 2168 morum

1055 2183 1234 2221 columnis,
1261 2184 1294 2213 et
1309 2183 1413 2213 trihus
1427 2183 1503 2213 fidei
1522 2183 1684 2220 praedIctis
1698 2193 1757 2214 ex-

1054 2228 1175 2257 struxit
1190 2228 1223 2257 in
1241 2236 1278 2257 ea
1293 2228 1355 2257 sihi
1372 2228 1501 2258 domum
1517 2228 1681 2266 Sapientia
1694 2238 1756 2260 coe-

1055 2274 1164 2312 lestis3
1180 2283 1251 2312 quae
1266 2274 1346 2304 adeo
1362 2275 1505 2304 mentem
1518 2273 1588 2311 ejus
1603 2275 1755 2314 replevit,

1055 2321 1091 2350 ut
1105 2320 1144 2350 de
1159 2321 1365 2359 plenitudine
1381 2320 1499 2349 mentis
1516 2320 1755 2352 foecundaretur

1055 2367 1088 2396 et
1099 2375 1192 2405 caro,
1207 2375 1242 2396 ac
1258 2367 1349 2405 virgo
1366 2366 1522 2404 singulari
1547 2367 1650 2404 gratia
1666 2376 1754 2397 eam-

1055 2413 1128 2443 dem
1158 2413 1260 2452 ipsam
1285 2413 1484 2451 Sapientiam
1511 2420 1605 2442 carne
1634 2413 1751 2444 tectam

1055 2462 1203 2497 pareret,
1226 2467 1323 2497 quam
1347 2459 1436 2497 prius
1450 2460 1560 2488 mente
1581 2467 1662 2496 pura
1677 2468 1754 2490 con-

1055 2505 1268 2543 ceperat.N0s
1280 2513 1408 2543 quoque
1421 2504 1447 2534 si
1464 2503 1608 2541 ejusdem
1620 2503 1753 2542 Sapien-

1055 2550 1108 2579 tiae
1122 2550 1193 2580 fieri
1209 2549 1322 2579 domus
1334 2550 1494 2585 volumus,
1509 2556 1640 2578 necesse
1657 2551 1753 2580 estut

1055 2596 1178 2625 eisdem
1203 2595 1329 2634 septem
1352 2594 1510 2625 columnis
1525 2595 1751 2634 exstruamur,

1055 2639 1088 2670 id
1103 2642 1151 2672 est
1174 2642 1209 2672 ut
1233 2640 1296 2672 fide
1320 2641 1352 2671 et
1373 2639 1515 2670 moribus
1529 2639 1565 2675 ‚ei
1590 2648 1753 2679 praepare-
