1846 3078
486 227 532 255 IN
557 225 762 255 CANTICA
789 224 943 252 SERMO
969 225 1138 252 LXXXV.

91 281 256 312 misereris
270 281 386 312 animae
402 280 485 319 tuae,
500 280 527 312 si
542 281 631 310 omni
651 279 794 311 custodia

91 337 200 359 servas
226 337 281 358 cor
306 327 420 365 tuum,
436 329 462 358 si
487 327 582 364 juxta
608 327 793 366 Apostolum

90 374 233 412 teipsum
241 373 364 402 castum
379 372 531 402 custodis.
546 372 699 410 Alioquin
712 393 721 410 ‚
734 371 793 401 etsi

91 420 282 449 universum
310 418 470 448 mundum
500 418 654 455 lucreris,
680 417 796 446 animae

90 465 201 494 autem
214 463 280 493 tuae
308 463 540 494 detrimentum
568 463 716 501 patiaris,
732 470 796 492 non

88 510 184 548 plane
196 509 317 539 bonum
330 509 362 539 te
378 517 549 539 censemus
563 509 795 546 aemulatorem,

88 555 244 594 quoniam
259 555 392 594 quidem
407 562 467 584 nec
493 554 652 584 Salvator.

129 599 161 630 [ι.
178 601 257 631 Cum
283 601 382 638 igitur
402 600 469 630 tres
487 601 554 630 siut
572 599 670 630 stanti
688 597 798 628 immi-

86 647 202 676 nentes
230 656 239 684 3
270 647 385 677 horum
414 647 560 678 diabolus
591 648 696 678 livore
722 655 794 677 ma-

84 690 183 728 litiae,
211 693 351 723 mundus
376 694 473 724 vento
496 694 665 728 vanitatis,
692 694 789 723 homo

88 735 302 775 semetipsum
320 737 465 775 pondere
489 745 554 767 suae
578 735 794 774 corruptionis

89 781 244 820 impellit.
271 782 417 821 Impellit
440 782 588 812 diabolus
605 804 613 819 ,
647 781 705 811 sed
732 789 795 810 non

89 828 221 866 evertit,
235 828 396 866 siquidem
408 828 501 857 tuum
514 827 689 864 auxilium,
702 826 794 856 tuum

89 872 139 902 illi
166 874 339 911 negaveris
360 873 415 903 vel
437 881 616 902 assensum.
644 873 795 911 Denique

88 918 206 949 habes:
219 921 357 950 Resistz'te
370 919 503 955 diabolo,
517 921 544 949 et
559 919 653 957 fugiet
666 929 685 948 a
699 919 794 949 vobis.

88 964 152 994 Iste
169 965 219 995 est
233 965 289 1003 qui
302 965 425 995 stantes
440 965 474 994 in
488 964 638 1002 paradiso
661 964 794 1002 impulit

88 1009 221 1041 invidus
242 1011 275 1041 et
290 1010 432 1048 evertit,
449 1011 506 1040 sed
526 1010 770 1041 consentientes
784 1033 792 1048 ,

87 1062 154 1085 non
166 1056 369 1086 resistentes.
386 1056 449 1085 Iste
465 1056 514 1086 est
529 1055 738 1094 quiseipsum
754 1056 793 1086 de

87 1102 169 1131 coelo
177 1102 336 1139 superbus
349 1102 439 1131 nullo
447 1101 796 1140 impellentepraecipi-

86 1146 188 1176 tavit:
200 1148 236 1177 ut
245 1147 328 1177 scias
342 1147 446 1177 multo
454 1147 555 1185 magis
562 1147 727 1176 hominem
737 1156 793 1177 suo

87 1191 189 1230 ipsius
211 1192 299 1222 casui
320 1192 517 1231 imminere,
540 1201 637 1230 quein
653 1193 792 1230 propriae

85 1237 275 1268 substantiae
286 1237 411 1276 pondus
419 1238 543 1275 gravat.
552 1238 605 1266 Est
615 1238 645 1266 et
656 1237 793 1267 mundus

86 1282 262 1321 impulsor,
283 1283 360 1321 quia
376 1283 411 1312 in
425 1283 567 1320 maligno
588 1283 713 1321 positus
732 1284 791 1313 est.

86 1327 232 1365 Impellit
243 1335 366 1365 omnes,
383 1328 441 1358 sed
453 1328 535 1357 solos
545 1328 665 1357 evertit
674 1327 793 1357 amicos

86 1380 173 1410 suos,
190 1373 223 1402 id
236 1373 286 1403 est
298 1374 530 1403 consentaneos
545 1373 620 1403 sibi.
633 1374 710 1403 Nolo
724 1383 792 1404 esse

88 1417 213 1447 amicus
228 1417 406 1454 mundi‚ne
422 1417 547 1447 cadam.
559 1418 637 1446 Nam
653 1418 793 1456 quivult

87 1470 157 1493 esse
172 1462 270 1500 hujus
284 1462 400 1492 mundi
415 1463 550 1500 amicus,
567 1463 721 1493 inimicus
733 1465 791 1494 Dei

87 1509 317 1546 constituitur,
330 1516 395 1546 quo
410 1508 524 1546 utique
539 1509 648 1538 nullus
663 1510 792 1547 gravior

87 1562 192 1584 casus.
210 1555 257 1583 Ex
269 1554 388 1592 quibus
403 1554 480 1583 satis
496 1554 615 1591 claret,
632 1562 729 1592 quam
749 1555 791 1584 sit

87 1599 184 1629 homo
199 1599 385 1638 praecipuus
400 1599 557 1637 impulsor
574 1600 623 1629 sui
635 1622 644 1637 ,
662 1600 716 1638 qui
736 1609 792 1630 suo

86 1645 157 1676 sine
170 1646 279 1675 alieno
291 1645 434 1683 impulsu
447 1645 562 1675 cadere
578 1647 697 1683 potest,
711 1647 792 1676 alie-

86 1698 127 1720 no
144 1691 264 1728 absque
286 1697 342 1719 suo
361 1689 478 1719 cadere
501 1697 564 1719 non
585 1691 703 1728 potest.
721 1692 792 1721 Cui-

86 1744 163 1765 nam
200 1735 317 1765 horum
351 1735 517 1774 praecipue
552 1736 793 1767 resistendum?

86 1782 209 1819 Nempe
225 1781 319 1820 huic,
335 1781 391 1819 qui
409 1790 446 1812 eo
462 1782 647 1820 molestior,
665 1791 728 1821 quo
742 1783 793 1814 in-

87 1827 199 1864 terior,
214 1828 301 1857 solus
317 1826 460 1864 dejicere
476 1827 597 1858 suflicit
611 1850 619 1866 ‚
633 1836 705 1858 cum
722 1829 791 1860 sine

87 1873 156 1911 ipso
172 1872 228 1901 alii
250 1872 374 1910 possint
389 1872 496 1903 facere
514 1873 611 1903 nihil.
634 1875 701 1904 Non
722 1876 791 1906 sine

87 1926 184 1948 causa
199 1918 336 1956 Sapiens
349 1919 566 1956 expugnatori
582 1920 726 1958 praetulit
737 1930 793 1950 ur-

87 1964 180 1993 ]›ium
205 1964 333 2002 virum,
358 1964 415 2002 qui
449 1964 558 1995 animo
591 1965 790 1996 dominatur.

87 2009 223 2039 Multum
239 2009 299 2039 hoc
316 2009 355 2039 ad
370 2009 402 2039 te
420 2017 427 2038 :
444 2018 525 2048 opus
539 2010 662 2041 virtute
679 2011 790 2051 habes,

87 2056 121 2086 et
130 2063 196 2085 non
207 2063 422 2094 quacumque,
437 2056 495 2086 sed
506 2064 568 2094 qua
584 2056 735 2087 induaris
751 2067 791 2088 ex

87 2101 164 2130 alto.
181 2101 251 2138 Ipsa
268 2100 375 2138 enim,
400 2102 428 2130 si
451 2102 598 2140 perlecta
616 2102 677 2140 sit,
693 2103 789 2134 facile

87 2146 166 2177 facit
186 2146 332 2176 animum
352 2147 512 2177 victorem
534 2148 604 2185 sui,
621 2149 656 2179 et
677 2149 722 2179 sic
744 2150 791 2180 in-

86 2192 212 2222 victum
240 2191 349 2222 reddit
373 2192 414 2222 ad
438 2193 558 2223 omnia.
590 2194 644 2223 Est
669 2195 790 2234 quippe

88 2238 180 2276 vigor
194 2238 294 2268 animi
311 2238 427 2269 cedere
449 2240 579 2270 nescius
597 2249 655 2279 pro
670 2242 791 2272 tuenda

87 2283 226 2313 ratione.
252 2284 335 2320 Aut,
356 2283 383 2312 si
408 2284 511 2322 magis
533 2287 671 2324 probas,
694 2287 792 2326 Vigor

88 2328 189 2359 animi
212 2327 427 2357 immobiliter
441 2330 556 2360 stantis
572 2339 645 2360 cum
664 2333 790 2363 ratione

87 2375 141 2405 vel
156 2382 215 2412 pro
232 2373 371 2404 ratione.
389 2375 449 2404 Vel
465 2375 510 2405 sic
527 2384 534 2404 ε
551 2376 650 2414 Vigor
669 2378 790 2418 animi,

88 2420 174 2460 quod
189 2420 223 2449 in
239 2428 272 2449 se
289 2420 354 2457 est,
377 2420 484 2450 omnia
503 2420 542 2450 ad
563 2422 723 2452 rationem
739 2432 792 2454 co-

88 2474 166 2506 gens
177 2466 230 2496 vel
246 2466 403 2504 dirigens.

128 2511 160 2542 5.
172 2510 251 2548 Quis
266 2510 422 2540 ascendet
433 2510 467 2539 in
482 2511 625 2542 montem
641 2513 790 2544 Domini?

88 2556 191 2594 Hujus
212 2555 251 2585 ad
272 2556 430 2586 verticem
454 2556 596 2594 montis,
623 2557 654 2587 id
680 2560 727 2588 est
750 2560 789 2589 ad

87 2601 218 2632 virtutis
232 2600 467 2639 perfectionem
478 2623 488 2639 ‚
502 2602 638 2640 quisque
655 2605 789 2634 conten-

88 2648 166 2678 dere
176 2647 351 2685 adorietur,
367 2647 447 2678 sciet
463 2647 621 2686 profecto,
640 2658 732 2687 quain
747 2651 788 2681 sit

1465 231 1518 259 451

830 286 981 309 ascensus
996 277 1128 316 arduus,
1145 277 1178 308 et
1192 285 1296 310 cassus
1312 283 1442 314 conatus
1451 286 1522 315 abs-

829 333 892 362 que
906 324 1006 354 Verbi
1021 323 1193 360 adjutorio.
1207 324 1298 354 Felix
1313 328 1417 357 anima
1433 340 1502 368 qum
1515 354 1522 368 ‚

830 370 959 409 Angelis
971 369 1196 408 spectantibus
1217 369 1353 407 praebuit
1376 376 1522 410 gaudiuux

829 416 952 454 pariter
977 415 1010 446 et
1030 415 1224 444 miraculum
1246 414 1316 452 sui,
1346 418 1382 446 ut
1400 420 1524 450 audiret

830 461 869 492 de
889 469 923 491 se
939 462 1109 500 loquentes
1123 469 1131 490 z
1150 462 1223 500 Quae
1238 462 1281 492 cst
1296 462 1374 498 isla,
1398 472 1463 501 quw
1475 476 1525 494 as-

829 508 926 538 cendit
940 508 974 537 de
989 509 1116 543 deserto,
1129 507 1241 538 deliciis
1257 507 1399 545 affluens,
1417 510 1527 540 imniaea

828 561 918 590 super
938 553 1080 582 dilectum
1099 552 1212 583 suum?
1232 552 1387 590 Alioquin
1409 552 1528 583 frustra

830 597 965 636 nititur,
988 597 1014 627 si
1040 606 1104 627 non
1133 597 1298 628 innititur.
1323 599 1405 628 Sane
1430 597 1528 628 etiam

829 644 939 672 contra
955 651 988 673 se
1005 643 1148 673 innitens
1164 643 1365 680 invalescet,
1390 644 1423 673 et
1445 643 1528 673 facta

828 687 933 726 seipsa
948 688 1087 717 validior
1111 688 1204 725 coget
1225 696 1282 726 pro
1308 687 1433 717 ratione
1458 688 1530 717 uni-

828 741 920 762 versa
936 741 944 762 τ
962 734 1063 770 iram,
1082 735 1224 771 metum,
1243 733 1476 771 cupiditatem,
1496 735 1530 763 et

828 778 998 816 gaudium,
1015 778 1120 808 veluti
1142 778 1313 816 quemdam
1335 778 1435 807 animi
1456 787 1530 808 cur-

827 832 916 861 rum,
933 824 1037 853 bonus
1057 824 1168 862 auriga
1184 824 1292 862 reget3
1310 824 1343 854 et
1364 823 1399 852 in
1423 824 1530 862 capti-

827 870 963 900 vitatem
988 870 1115 908 rediget
1139 878 1269 900 omnem
1295 870 1458 900 carnalem
1481 869 1531 900 af-

827 915 960 954 sectum,
978 916 1010 945 et
1022 916 1127 946 caruis
1142 924 1272 946 sensum
1289 917 1328 946 ad
1345 917 1464 946 nutum
1479 925 1529 947 ra-

827 961 924 991 tionis
947 962 981 991 in
1010 962 1203 1001 obsequium
1230 962 1373 992 virtutis.
1408 963 1529 1000 Quidni

827 1007 934 1037 omnia
962 1008 1130 1046 possibilia
1157 1007 1222 1037 sint
1245 1007 1401 1037 innitenti
1431 1016 1530 1046 super

826 1060 912 1091 eum,
929 1054 984 1091 qui
998 1054 1104 1082 omnia
1118 1052 1243 1091 potest?
1254 1053 1387 1090 Quantae
1404 1053 1531 1084 fiduciae

825 1106 887 1127 vox
906 1107 914 1128 τ
931 1100 1043 1130 Omnia
1054 1108 1175 1137 possum
1188 1101 1219 1129 ἱη
1234 1109 1267 1129 eo
1280 1100 1333 1137 qui
1343 1108 1389 1128 me
1405 1102 1530 1138 confor-

826 1144 892 1174 cat!
908 1145 966 1174 Νη
983 1152 1278 1174 OMNIPOTENTlAM
1294 1144 1393 1174 Verbi
1412 1145 1528 1175 clario-

825 1198 894 1219 rem
918 1190 1043 1227 reddit,
1059 1198 1156 1227 quam
1179 1189 1264 1228 quod
1288 1190 1529 1228 omnipotentes

825 1234 903 1264 facit
918 1243 1041 1272 omnes,
1053 1235 1108 1272 qui
1124 1235 1157 1264 in
1172 1243 1205 1264 se
1222 1234 1363 1273 sperant.
1380 1236 1529 1273 Denique

825 1281 932 1310 omnia
947 1281 1114 1319 possibilia
1131 1281 1206 1310 sunt
1221 1280 1380 1310 credenti.
1398 1281 1444 1310 An
1463 1289 1528 1310 non

825 1326 1048 1364 omnipotens,
1064 1326 1117 1356 cui
1130 1326 1237 1355 omnia
1253 1326 1419 1363 possibilia
1434 1326 1531 1357 sunt?

824 1371 872 1400 Ita
887 1372 1026 1409 animus,
1043 1372 1069 1402 si
1084 1380 1148 1401 non
1165 1372 1335 1409 praesumat
1351 1371 1391 1401 de
1407 1380 1455 1408 se,
1472 1372 1529 1402 sed

824 1417 850 1446 si
865 1417 1065 1448 confortetur
1086 1425 1104 1447 a
1124 1417 1231 1447 Verbo
1245 1439 1254 1454 ,
1270 1417 1391 1454 poterit
1413 1418 1529 1456 utiquc

825 1463 984 1493 dominari
1001 1463 1071 1501 sui,
1087 1463 1201 1493 utnon
1217 1462 1402 1492 dominetur
1413 1463 1444 1493 ei
1460 1472 1529 1493 om-

823 1508 874 1537 nis
898 1508 1069 1545 injustitia.
1087 1509 1152 1546 Ita,
1169 1508 1319 1547 inquam,
1342 1509 1448 1538 Verbo
1473 1509 1525 1539 in-

823 1554 961 1591 nixum,
991 1555 1025 1585 et
1046 1554 1196 1584 indutum
1222 1555 1345 1584 virtute
1377 1562 1419 1584 ex
1443 1555 1526 1594 alto,

823 1601 911 1630 nulla
930 1601 1001 1638 vis,
1023 1601 1113 1630 nulla
1130 1600 1236 1637 fraus,
1252 1601 1341 1629 nulla
1361 1599 1428 1637 jam
1453 1601 1528 1630 ille-

824 1646 919 1675 cebra
944 1646 1065 1684 poterit
1077 1646 1131 1675 vel
1147 1646 1286 1675 stantem
1302 1645 1457 1684 dejicere,
1472 1648 1526 1677 vel

824 1691 984 1728 subjicere
1006 1691 1240 1721 dominantem.

864 1738 894 1767 6.
911 1738 966 1767 Vis
987 1745 1053 1767 non
1070 1737 1186 1767 timere
1211 1737 1441 1775 impulsorem?
1458 1739 1526 1768 Non

824 1783 936 1813 veniat
951 1783 1012 1813 tibi
1028 1791 1086 1821 pes
1097 1782 1271 1821 superbiae,
1290 1782 1323 1812 et
1338 1791 1452 1813 manus
1463 1784 1526 1813 im-

824 1829 978 1867 pellentis
993 1838 1057 1859 non
1069 1829 1216 1859 movebit
1232 1829 1276 1858 te.
1292 1829 1340 1858 Ibi
1354 1831 1526 1861 ceciderunt

824 1875 877 1913 qui
893 1877 1060 1913 operantur
1080 1875 1287 1912 iniquitatem.
1310 1874 1357 1903 lbi
1380 1874 1527 1905 diabolus

825 1921 857 1949 et
872 1920 978 1956 angeli
994 1919 1063 1955 ejus
1076 1919 1285 1956 corruerunt,
1301 1918 1357 1956 qui
1370 1919 1450 1948 licet
1461 1928 1524 1950 non

825 1965 956 2003 impulsi
983 1965 1205 2002 extrinsecus,
1228 1964 1356 2002 expulsi
1379 1966 1453 1995 sunt
1474 1967 1526 1996 ta-

824 2019 917 2047 men,
932 2018 992 2039 nec
1008 2009 1183 2048 potuerunt
1200 2009 1296 2039 stare.
1326 2010 1475 2048 Denique
1490 2011 1525 2041 in

823 2056 960 2086 veritate
982 2064 1045 2085 non
1062 2055 1170 2093 stetit,
1185 2056 1239 2093 qui
1253 2063 1318 2084 non
1331 2055 1464 2085 innixus
1477 2056 1526 2087 est

824 2103 947 2140 Verbo,
963 2103 1018 2141 qui
1035 2102 1068 2131 in
1089 2109 1146 2131 sua
1162 2101 1283 2131 virtute
1306 2101 1442 2131 confisus
1462 2103 1525 2133 est.

824 2149 861 2178 Et
873 2148 944 2178 ideo
958 2146 1099 2177 fortassis
1107 2145 1220 2175 sedere
1228 2145 1343 2182 voluit,
1352 2145 1427 2183 quia
1439 2148 1525 2177 stare

824 2202 887 2224 non
911 2194 1026 2223 valuit.
1047 2192 1182 2222 Dicebat
1206 2191 1294 2221 enim
1320 2199 1328 2220 :
1356 2191 1467 2222 Sedebo
1492 2195 1525 2223 in

823 2241 923 2269 monte
945 2238 1127 2270 testamenti.
1149 2236 1308 2266 Caeterum
1332 2237 1400 2266 Deo
1428 2238 1525 2269 aliter

823 2285 1002 2322 judicante,
1018 2292 1079 2314 nec
1095 2283 1198 2320 stetit,
1209 2290 1269 2312 nec
1285 2281 1382 2320 sedit,
1399 2283 1456 2312 sed
1472 2292 1525 2314 ce-

824 2331 921 2369 cidit,
940 2329 1070 2360 dicente
1086 2329 1224 2358 Domino
1240 2336 1247 2356 :
1266 2328 1415 2359 Videbam
1437 2331 1525 2359 sata-

823 2386 897 2408 nam
912 2378 989 2407 sicut
1003 2377 1108 2415 [almer
1119 2376 1153 2405 de
1168 2375 1240 2405 coelo
1257 2375 1422 2404 cadentem.
1440 2373 1521 2411 Ergo

823 2422 879 2461 qui
894 2421 976 2459 stat,
993 2422 1019 2452 si
1036 2429 1101 2452 non
1122 2421 1192 2451 vult
1212 2420 1346 2456 cadere,
1365 2426 1428 2448 non
1444 2418 1521 2448 fidat

823 2468 897 2505 sibi,
911 2467 967 2498 sed
986 2468 1111 2497 nitatur
1122 2466 1240 2495 Verbo.
1258 2464 1400 2493 Verbum
1418 2463 1523 2501 loqui-

823 2516 892 2544 tur:
905 2515 976 2544 Sine
984 2523 1032 2543 me
1039 2513 1117 2542 m‘ln'l
1132 2512 1250 2550 potestis
1265 2511 1375 2548 facere.
1393 2510 1436 2539 ltu
1451 2512 1496 2539 ost
1510 2519 1519 2539 ε

822 2568 882 2589 nec
911 2567 1042 2597 surgere
1065 2558 1105 2588 ad
1131 2557 1268 2592 honum,
1290 2563 1349 2584 nec
1378 2554 1461 2584 stare
1485 2555 1518 2585 in

823 2605 906 2635 bono
918 2613 1087 2644 possumus
1101 2603 1170 2633 sine
1182 2602 1297 2631 verbo.
1312 2601 1357 2630 Tu
1374 2609 1447 2638 crgo
1463 2602 1517 2638 qui

823 2652 905 2688 stas,
923 2650 959 2680 da
976 2650 1110 2688 gloriam
1123 2648 1246 2685 Verbo,
1265 2646 1295 2676 ct
1311 2645 1361 2675 dic
1379 2655 1386 2675 ε
1405 2648 1517 2677 δίιιΙιιῖί
