1810 3073
331 205 392 236 2¹)ss
800 212 828 240 S.
851 212 1085 240 BERNARDI
1105 214 1297 244 ABBATIS

327 263 430 292 Deum
449 262 662 302 diligentibus
677 264 861 297 observare.
878 267 940 297 Sed
953 267 1028 306 quia
1043 265 1047 286 ν’
1061 267 1122 298 Pro
1135 268 1186 299 his
1198 278 1272 308 ergo
1285 272 1329 302 ita
1338 280 1408 303 sum
1420 281 1530 304 amans
1542 274 1574 305 te
1586 296 1594 312 ‚
1607 277 1759 314 quantum

326 307 380 337 liic
395 317 500 338 sermo
515 309 612 340 tinem
629 311 809 350 desiderat,
824 321 893 342 cras
915 321 986 350 eOS,
1001 313 1027 341 si
1060 321 1200 351 possum.
1752 312 1755 315 ’

325 355 411 385 Deus
433 355 534 386 vitam
558 357 640 386 mihi
658 358 689 387 et
705 357 826 394 otium,
842 358 927 396 qnod
942 366 1027 387 nunc
1100 359 1130 388 2.
1148 359 1212 389 Sed
1226 363 1373 400 estquod
1391 372 1441 394 me
1456 365 1530 403 plus
1548 364 1676 405 movet,
1688 370 1760 405 plus

325 400 482 431 habemus
497 402 536 431 ad
561 402 805 440 disserendum,
823 405 1025 440 servaverit,
1042 432 1044 438 ,
1059 406 1172 444 urget,
1187 407 1259 444 plus
1275 409 1434 439 accendit.
1451 410 1554 449 Super
1565 413 1694 451 omnia,
1710 413 1760 442 in-

322 446 487 483 explicare
503 447 653 476 conabor.
667 448 755 478 Tunc
769 449 857 477 enim
871 450 1026 479 recreatis
1059 459 1171 490 quain,
1191 453 1299 484 reddit
1323 455 1496 486 amabilem
1512 458 1543 487 te
1568 459 1668 496 mihi,
1683 459 1761 489 Jesu

322 493 478 521 nocturna
491 493 600 530 quiete
615 493 763 523 sensibus
775 516 783 531 ,
801 495 834 523 et
851 493 958 533 (quod
975 497 1024 525 est
1059 496 1140 526 bone
1152 519 1161 535 ,
1178 499 1376 536 calixquem
1397 500 1528 540 bibisti,
1545 511 1625 541 opus
1643 504 1759 534 nostrae

320 538 539 577 praecipuum)
550 539 694 568 oratione
712 540 878 577 praemissa
891 542 1026 571 alacrio-
1058 542 1301 581 redemptionis.
1314 545 1380 574 Hoc
1391 545 1521 576 omnino
1533 555 1674 578 amorem
1686 557 1760 578 nos-

320 592 390 621 res,
418 585 454 614 ut
476 584 602 620 justum
631 585 700 622 est,
716 585 757 614 ad
785 594 968 617 sermonem
984 588 1023 618 de
1039 605 1041 609 s
1058 589 1143 618 trum
1166 589 1261 620 facile
1283 591 1430 621 vindicat
1452 593 1557 623 totum
1579 595 1654 624 sihi.
1672 596 1781 632 Hoc„

319 628 494 658 dilectione
508 630 942 670 conveniemus,praestante
962 634 1024 663 Do-
1039 620 1041 647 Ι
1058 634 1186 672 inquam
1197 659 1207 673 ,
1223 638 1271 667 est
1286 637 1371 675 quod
1392 639 1533 668 nostram
1550 640 1757 673 devotionem

317 674 405 703 mino
420 676 528 704 nostro
542 675 619 705 Jesu
633 676 757 706 Christo
768 699 777 714 ,
794 677 847 706 cui
867 677 971 707 honor
989 680 1022 709 et
1057 681 1088 710 et
1105 681 1256 712 blandius
1271 683 1392 722 allicit,
1406 686 1438 714 et
1451 685 1571 722 justius
1587 687 1708 725 exigit,
1725 690 1758 719 et

318 720 419 758 gloria
434 721 468 750 in
483 721 599 751 saecula
623 722 814 752 saeculorum
825 744 834 760 ,
851 731 958 753 amen.
1055 727 1173 757 arctius
1189 728 1336 767 stringit,
1351 731 1383 759 et
1398 730 1498 760 afficit
1516 732 1756 766 vehementius.

1054 773 1187 803 Multum
1198 775 1318 813 quippe
1332 776 1492 806 laboravit
1504 777 1537 806 in
1551 785 1588 807 eo
1598 779 1756 818 Salvator,

1053 819 1159 848 necin
1172 821 1258 850 omni
1274 822 1385 851 mundi
1403 821 1523 852 fabrica
1537 823 1664 853 tanturn
1681 824 1757 855 fati-

523 856 693 890 Sfflfflo
726 859 812 890 XX.
1053 864 1189 902 gationis
1205 867 1315 896 auctor
1335 868 1519 905 assumpsit.
1536 869 1593 898 Illa
1614 869 1755 908 denique

397 941 403 946 ,
437 941 442 946 .
463 941 469 947 ⁴
587 942 606 949 ..
666 942 672 947 ,
716 943 721 948 ·
972 943 999 949 ..
1053 910 1155 948 dixit,
1168 913 1200 940 et
1213 911 1635 953 factasunt3mandavit,et
1647 917 1770 946 creata>

315 940 355 965 De
366 941 469 969 ¹¹¹¹³¹¹⁰¹
482 941 566 965 ”¹⁰³⁰
580 942 750 982 ⁰¹¹ef¹¹⁰¹¹¹⁵'
767 949 823 972 ‘1¹1³
839 943 931 967 Deum
950 944 1018 974 (¹¹1¹-
1053 956 1138 984 sunt.
1157 958 1194 986 At
1206 966 1282 987 vero
1298 959 1350 988 hic
1369 961 1402 989 et
1417 959 1450 989 in
1465 960 1559 990 dictis
1574 961 1640 990 suis
1655 961 1754 991 susti·

615 984 716 1007 gunus.
1054 1001 1126 1030 nuit
1141 1003 1408 1042 contradictores,
1425 1006 1457 1034 et
1481 1005 1514 1035 in
1530 1005 1622 1036 factis
1646 1007 1755 1037 obser-

354 1042 383 1072 l.
405 1043 455 1072 UT
471 1051 488 1072 a
502 1043 644 1081 Magistri
670 1044 780 1074 verbis
806 1052 910 1075 sermo
927 1054 1019 1075 exor-
1034 1055 1037 1060 ·
1052 1047 1196 1084 ratores,
1211 1048 1288 1077 etin
1303 1050 1471 1080 tormentis
1483 1051 1649 1089 illusores,
1673 1052 1706 1081 et
1720 1052 1753 1081 in

313 1087 402 1117 (lium
425 1090 554 1119 sumat:
573 1090 633 1128 Qui
651 1098 714 1119 mm
737 1092 823 1120 amnt
849 1092 1019 1121 Dominum
1052 1094 1155 1122 morte
1191 1095 1450 1131 exprobratores.
1482 1097 1564 1126 Ecce
1594 1097 1753 1135 quomodo

311 1135 416 1164 ,lesum
429 1157 438 1171 ,
465 1136 634 1166 anathema
661 1137 711 1167 sit.
751 1137 852 1166 Valde
886 1138 1017 1167 omnino
1052 1136 1180 1167 dilexit.
1204 1139 1295 1169 Adde
1321 1140 1407 1178 quod
1429 1140 1511 1170 hanc
1527 1141 1631 1178 ipsam
1654 1142 1753 1172 dilec-

311 1180 390 1208 mihi
405 1181 558 1210 amandus
571 1182 634 1218 est,
647 1189 706 1219 per
717 1190 813 1219 quem
825 1191 907 1219 sum,
921 1183 1014 1221 vivo,
1053 1181 1173 1211 tionem
1188 1191 1251 1213 non
1267 1184 1427 1223 reddidit,
1444 1185 1501 1215 sed
1516 1185 1652 1215 addidit.
1672 1187 1750 1216 Nam

311 1226 345 1254 et
359 1226 459 1264 sapio.
477 1226 508 1255 Si
526 1226 671 1265 ingratus
696 1235 787 1265 sum3
804 1228 837 1257 et
850 1228 1013 1266 indignus.
1051 1229 1118 1265 quis
1136 1230 1224 1267 prior
1236 1231 1370 1267 desilies,
1384 1233 1411 1260 et
1424 1231 1611 1261 retribuetur
1625 1231 1674 1261 ei?
1687 1231 1749 1262 Sed

310 1271 440 1302 Dmxcs
462 1272 557 1310 plane
575 1273 623 1303 est
647 1276 769 1311 morte,
786 1274 842 1312 qui
858 1274 936 1311 tibi,
953 1276 1016 1305 Do-
1051 1274 1085 1303 ut
1113 1277 1241 1305 sanctus
1270 1276 1435 1306 Johannes
1461 1276 1659 1315 evangelista
1682 1278 1747 1308 ait:

310 1317 398 1347 mine
414 1318 491 1347 Jesu
501 1340 509 1355 ,
523 1320 652 1349 recusat
666 1319 782 1350 vivere
792 1342 801 1357 ,
819 1320 851 1349 et
869 1321 1015 1351 mortuus
1049 1320 1119 1349 Non
1131 1322 1205 1358 quia
1215 1330 1270 1351 nos
1281 1322 1478 1352 dilexerimus
1488 1324 1600 1359 Deum,
1615 1323 1665 1352 sed
1677 1324 1749 1360 quia

309 1364 357 1392 est
373 1364 427 1393 :et
449 1364 504 1402 qui
528 1364 589 1393 tibi
614 1373 678 1394 non
704 1365 807 1403 sapit,
824 1365 965 1404 desipit3
983 1368 1014 1396 et
1050 1366 1108 1403 ipse
1131 1367 1219 1405 prior
1243 1368 1350 1397 dilexit
1365 1376 1432 1397 nus.
1459 1368 1608 1405 Denique
1632 1368 1749 1398 dilexit

308 1409 365 1446 qui
395 1411 487 1440 curat
521 1419 590 1440 esse
619 1411 683 1441 nisi
714 1412 848 1449 propter
875 1412 927 1450 te,
957 1421 1014 1451 pro
1049 1410 1146 1440 etiam
1174 1420 1239 1441 non
1268 1413 1480 1449 exsistente53
1505 1413 1562 1442 sed
1583 1412 1702 1449 adjecit
1716 1413 1748 1443 et

308 1455 412 1485 nihilo
426 1456 485 1493 e'st,
497 1458 529 1486 et
542 1457 625 1485 nihil
636 1458 695 1487 est.
712 1458 860 1495 Denique
875 1458 953 1496 quid
967 1460 1013 1489 est
1048 1457 1234 1487 resistentes
1259 1458 1395 1496 diligere
1407 1480 1416 1495 ,
1430 1458 1525 1495 juxta
1546 1459 1637 1488 Pauli
1657 1459 1747 1489 testi-

308 1500 422 1537 homo,
438 1502 499 1530 nisi
517 1502 591 1540 quia
607 1503 642 1532 tu
664 1502 834 1532 innotuisti
851 1503 901 1532 ei?
915 1505 1014 1542 Prop-
1048 1503 1191 1533 monium
1218 1504 1378 1534 dicentis:
1394 1506 1547 1543 Quoniam
1563 1514 1632 1534 cum
1649 1505 1746 1534 adhuc

307 1546 357 1575 ter
383 1546 594 1584 temetipsum
620 1548 706 1576 Deus
732 1547 837 1578 fecisti
872 1549 978 1579 omnia
1003 1560 1010 1580 :
1046 1551 1163 1579 inimici
1186 1559 1334 1586 essemus,
1350 1550 1540 1579 reconciliati
1553 1559 1658 1580 sumus
1681 1552 1746 1580 Deo

308 1592 341 1621 et
365 1592 421 1630 qui
446 1601 514 1621 esse
529 1593 600 1622 vult
616 1593 677 1622 sihi
700 1595 733 1623 et
748 1602 812 1623 non
828 1594 887 1623 tibi
902 1616 911 1631 ,
926 1596 1008 1626 nihil
1044 1605 1097 1633 per
1110 1598 1290 1634 sanquinem
1306 1596 1378 1625 Filii
1391 1596 1465 1633 ejus.
1479 1596 1629 1634 Alioquin
1641 1596 1666 1625 si
1682 1603 1745 1625 non

307 1645 377 1667 esse
393 1637 509 1675 incipit
526 1637 611 1668 iuter
630 1639 749 1668 onmia.
765 1641 863 1669 Deum
881 1641 969 1676 time,
984 1644 1011 1672 el
1045 1640 1213 1671 dilexisset
1236 1641 1407 1678 inimicos,
1424 1641 1565 1670 nondum
1586 1641 1745 1679 possedis-

306 1684 457 1713 mandata
472 1684 536 1722 ejus
561 1684 685 1714 observa
701 1695 711 1714 .-
727 1685 782 1714 lioc
806 1687 866 1721 est,
884 1685 990 1724 inquit
1001 1710 1009 1726 ,
1044 1687 1091 1716 set
1107 1687 1225 1716 amicos
1241 1695 1248 1715 :
1265 1687 1348 1716 sicut
1362 1686 1501 1716 necdum
1517 1695 1596 1724 quos
1611 1687 1655 1715 sic
1671 1686 1746 1716 dili·

305 1730 515 1759 omnishomo.
526 1730 604 1767 Ergo
617 1730 642 1760 si
654 1731 713 1760 hoc
727 1732 774 1760 est
786 1731 889 1760 omnis
902 1732 1008 1771 homo,
1044 1734 1133 1768 geret
1145 1732 1272 1770 essent,
1289 1732 1391 1761 sinon
1408 1731 1578 1762 dilexisset
1592 1731 1648 1770 qui
1660 1739 1744 1761 non-

305 1774 425 1812 absque
441 1774 508 1804 ‘hoc
526 1775 607 1804 nihil
635 1776 738 1805 omnis
762 1777 869 1806 hoino.
887 1778 1008 1808 Inclina
1043 1777 1118 1806 dum
1135 1778 1253 1807 essent.

305 1821 365 1850 tibi
377 1843 386 1859 ,
402 1821 678 1858 Deus,modicum
696 1823 727 1852 id
739 1823 824 1860 quod
837 1832 887 1853 me
898 1824 1009 1862 digna·
1082 1824 1112 1852 5.
1129 1823 1254 1852 Dilexit
1268 1822 1376 1852 autem
1393 1821 1549 1860 dulciter,
1564 1821 1741 1860 sapienter,

305 1870 356 1898 tus
373 1876 406 1897 es
422 1876 510 1905 esse3
527 1869 622 1906 atque
652 1868 692 1898 de
709 1877 781 1898 inea
797 1870 915 1899 misera
940 1871 1005 1900 vita
1044 1868 1178 1898 sortiter.
1205 1869 1306 1898 Dulce
1330 1876 1448 1906 nempe
1473 1868 1635 1905 dixerim,
1657 1867 1742 1906 quod

304 1914 450 1952 suscipe,
474 1914 624 1951 obsecro,
653 1914 820 1944 residuum
850 1923 1006 1945 annorum
1043 1922 1172 1944 carnem
1200 1914 1327 1952 induit3
1344 1916 1491 1951 cautum,
1515 1914 1600 1952 quod
1616 1914 1740 1952 culpam

305 1968 450 1989 meorum
468 1968 476 1989 z
494 1968 550 1997 pro
573 1960 624 1990 his
648 1969 744 1998 vero,
761 1969 841 1998 quos
869 1961 1007 1992 vivendo
1042 1960 1146 1997 cavit3
1172 1960 1271 1998 forte,
1295 1961 1380 1998 quod
1405 1961 1541 1989 mortem
1572 1959 1740 1990 sustinuit.

305 2006 451 2043 perdidi,
467 2006 542 2044 quia
568 2006 696 2043 perdite
712 2007 783 2035 vixi
794 2029 803 2044 ,
816 2015 871 2035 cor
887 2009 1008 2038 contri-
1042 2006 1117 2035 Nam
1133 2014 1212 2045 quos
1234 2014 1309 2036 sane
1326 2008 1357 2036 iu
1381 2014 1476 2035 carne
1491 2005 1659 2044 visitavit,
1672 2013 1740 2034 car-

304 2053 371 2079 lum
388 2052 419 2080 et
433 2050 642 2080 humiliatum
652 2052 738 2080 Deus
751 2059 814 2080 non
827 2051 1002 2089 despicias.
1042 2053 1159 2083 naliter
1174 2055 1283 2082 tamen
1297 2060 1501 2090 nequaquam
1528 2051 1669 2089 amavit,
1685 2050 1739 2080 sed

303 2095 379 2125 Dies
394 2096 459 2125 mei
475 2096 558 2126 sicut
568 2096 683 2125 umbra
696 2096 960 2135 declinaverunt,
975 2100 1007 2128 et
1041 2100 1073 2129 in
1096 2099 1269 2137 prudentia
1297 2098 1440 2136 spiritus.
1466 2099 1595 2136 Spiritus
1621 2096 1739 2135 quippe

303 2142 531 2178 praeterierunt
556 2142 626 2172 sine
651 2142 771 2172 fructu.
802 2143 1005 2180 Impossibile
1040 2146 1114 2174 ante
1130 2144 1248 2173 faciem
1263 2144 1402 2172 nostram
1420 2142 1557 2173 Christus
1572 2142 1739 2176 Dominus,

302 2187 352 2216 est
366 2189 402 2215 ut
426 2196 574 2217 revocem
591 2196 599 2215 :
615 2188 744 2225 placeat
769 2188 805 2217 ut
830 2188 1004 2225 recogitem
1040 2189 1194 2218 aeinulans
1210 2196 1267 2217 nos
1283 2188 1344 2217 Dei
1359 2187 1584 2223 aemulatione,
1596 2193 1659 2215 uon
1681 2184 1737 2214 ho-

302 2231 363 2260 tibi
390 2240 445 2261 eos
463 2232 497 2261 in
524 2234 741 2263 amaritudine
769 2233 888 2264 animae
910 2243 1002 2265 nieae.
1040 2235 1156 2271 minis,
1174 2235 1206 2263 et
1224 2234 1311 2263 certe
1338 2232 1474 2269 saniori,
1490 2239 1586 2270 quam
1614 2230 1736 2268 primus

302 2276 373 2306 Jam
390 2277 428 2306 de
445 2279 603 2315 sapientia
614 2301 623 2317 ,
640 2280 713 2309 ante
730 2280 761 2310 te
778 2280 827 2310 est
841 2288 935 2310 omne
948 2280 1006 2310 de-
1039 2281 1138 2310 Adam
1150 2281 1246 2309 Evam
1259 2286 1361 2308 suam.
1377 2278 1487 2314 ltaque
1503 2284 1583 2314 quos
1594 2275 1628 2305 in
1642 2282 1735 2324 carne

302 2322 459 2353 siderium
483 2331 610 2362 meum,
627 2325 660 2353 et
675 2326 875 2363 propositum
901 2326 1004 2356 cordis
1039 2325 1187 2364 quaesivit
1198 2347 1206 2362 ,
1223 2324 1341 2354 dilexit
1353 2324 1385 2352 in
1401 2322 1518 2360 spiritu
1529 2343 1537 2359 ,
1554 2320 1691 2351 redemit
1703 2328 1734 2370 ¹.¹¹

303 2367 368 2397 mei
383 2376 392 2396 t
409 2367 434 2395 si
451 2376 513 2405 qua
529 2371 614 2399 esset
630 2370 663 2398 in
690 2379 741 2400 uie
753 2392 761 2407 ,
778 2380 942 2401 servarem
964 2373 1003 2402 ad
1039 2372 1169 2401 virtute.
1180 2373 1315 2400 Plenum
1328 2377 1456 2407 prorsus
1468 2367 1555 2397 omni
1570 2366 1734 2415 suavitatis

301 2414 346 2443 te.
377 2412 458 2450 Sed,
492 2414 595 2451 Deus,
624 2416 660 2444 tu
688 2417 750 2445 scis
779 2417 1001 2454 insipientiam
1038 2417 1209 2447 dulcedine
1221 2439 1230 2454 ‚
1257 2416 1369 2445 videre
1400 2414 1565 2444 hominem
1599 2413 1734 2441 hominis

301 2466 432 2488 meam:
451 2457 514 2487 nisi
542 2459 627 2496 quod
653 2460 713 2490 hoc
737 2461 845 2498 ipsum
868 2462 1001 2493 sortasse
1037 2460 1383 2491 Conditoren1.Atdum
1399 2460 1545 2488 naturam
1561 2456 1733 2494 prudenter

301 2512 414 2543 sapere
430 2505 495 2542 est,
511 2504 597 2542 quod
625 2505 658 2534 et
683 2513 740 2543 ego
757 2514 892 2544 agnosco
910 2515 979 2536 cam
991 2529 1001 2545 ,
1037 2507 1151 2545 selegit
1165 2515 1183 2535 a
1199 2507 1305 2544 culpa,
1321 2505 1420 2535 etiam
1436 2504 1584 2541 potenter
1598 2501 1730 2551 mortem

301 2550 336 2580 et
350 2549 483 2588 quidem
509 2557 551 2579 ex
567 2557 703 2579 munere
723 2551 790 2580 tuo.
806 2552 894 2589 Auge
920 2551 1000 2581 illud
1036 2552 1206 2590 propulita
1217 2552 1342 2581 natura.
1355 2550 1391 2579 ln
1404 2548 1507 2578 carnis
1519 2547 1731 2594 assumptione

303 2595 402 2633 inihi,
417 2595 552 2625 minime
568 2595 699 2633 quidem
715 2595 838 2634 ingrato
857 2604 914 2633 pro
929 2605 1002 2625 rnu-
1037 2596 1265 2626 condescendit
1286 2595 1386 2632 mihi,
1404 2595 1437 2623 in
1453 2594 1556 2631 culpae
1577 2591 1730 2622 vitatione

302 2640 520 2680 izusculo3sed
535 2640 672 2671 sollicito
682 2649 739 2679 pro
751 2641 884 2679 eoquod
897 2641 998 2671 deest.
1017 2640 1021 2675 Ι
1037 2642 1197 2671 consuluit
1226 2641 1306 2678 sihi,
1333 2641 1365 2670 in
1392 2639 1503 2669 mortis
1532 2637 1730 2677 susceptione
