1846 3078
272 247 334 277 [2652

312 349 385 387 plus
401 350 507 380 alieno
523 359 557 380 se
572 359 669 389 quam
683 350 813 388 proprio
835 349 970 380 credere

309 394 443 433 judicio.
458 397 560 435 Epist.
574 398 627 434 82,
644 406 675 425 n.
691 397 719 425 1.

270 441 426 471 Libenter
447 442 564 471 carebo
585 438 973 480 quantolibeti'spirituali

311 488 459 526 quaestu,
485 487 541 525 qui
561 495 624 516 non
640 485 740 524 possit
761 486 886 524 acquIri
910 486 974 516 nisi

310 540 384 561 cum
399 533 561 562 scandalo.
579 533 677 569 Epist.
695 532 746 561 82.

271 578 411 607 Pulcher
427 580 459 608 et
474 578 612 607 salubris
630 577 708 607 ordo
719 599 728 615 ,
743 577 779 607 ut
794 586 873 607 onus
887 577 973 615 quod

308 623 504 661 portandum
518 623 659 661 imponis
670 644 679 661 ,
695 624 732 653 tu
746 624 854 662 portes
870 623 970 661 prior.

308 673 405 710 Epist.
420 671 492 708 9:21,
508 680 540 700 η.
554 672 585 700 5.

268 717 361 747 Vocis
374 717 477 747 virtus
493 717 542 747 est
561 725 642 755 opus
653 740 662 755 ‚
679 718 737 748 sed
755 718 788 748 et
803 718 914 756 operi,
939 718 972 748 et

307 763 379 792 voci
408 763 545 801 gratiam
570 763 813 803 efficaciamque
841 772 971 803 prome-

306 809 397 839 retur
407 810 522 839 oratio.
538 812 555 840 1
559 810 618 841 ὸίιῑ.

267 853 342 884 Plus
356 855 452 885 nocet
464 855 563 886 falsus
577 856 780 894 catholicus,
795 864 891 894 quam
912 864 971 886 ve-

308 909 364 931 rus
390 901 574 932 haereticus.
598 904 699 934 Set-m.
729 902 767 932 65
796 904 828 933 in
850 904 968 933 Cantic.

308 955 342 976 n.
356 946 388 976 [ι.

267 992 335 1022 Non
356 993 482 1023 inutilis
498 993 707 1024 commutatio
720 1016 730 1031 ,
755 1002 813 1033 pro
829 1002 888 1032 eo,
911 993 968 1032 qui

307 1046 405 1076 super
430 1039 536 1068 omnia
559 1040 629 1077 cst,
652 1040 760 1069 omnia
785 1039 969 1078 reliquisse.

308 1085 413 1114 Tract.
431 1085 466 1113 ‹le
480 1087 560 1114 cont.
577 1087 683 1114 mund.
698 1086 738 1115 ad
753 1086 834 1116 Cler.
852 1094 878 1114 c.
896 1085 925 1114 1.

266 1129 341 1159 Plus
354 1130 615 1168 concupiscentia
627 1131 760 1168 mundi,
779 1138 877 1168 quam
896 1129 971 1159 sub-

307 1175 425 1205 stantia
436 1176 542 1206 nocet.
560 1176 637 1206 lbz'cl.

266 1221 505 1259 fugiendarum
515 1230 609 1251 causa
619 1222 807 1251 divitiarum
816 1222 875 1259 est,
886 1221 971 1260 quod

307 1269 364 1297 aut
384 1268 462 1305 vix,
488 1268 544 1297 aut
572 1276 751 1306 numquam
770 1268 841 1298 sine
861 1275 970 1297 amore

307 1313 440 1342 valeant
453 1313 622 1351 possideri.
640 1314 718 1343 lbid.

266 1359 374 1388 Facile
391 1367 445 1388 cor
460 1359 636 1388 humanum
653 1359 804 1389 omnibus
821 1367 893 1397 quae
906 1358 972 1389 fre-

305 1405 442 1442 quentat
457 1404 613 1434 adhaeret.
632 1404 710 1434 lbid.

266 1449 328 1486 Qui
356 1450 545 1488 relinquere
571 1450 724 1480 universa
747 1449 908 1488 disponit,
935 1457 968 1479 se

312 1503 442 1533 quoque
466 1495 553 1524 inter
568 1495 783 1533 relinquenda
797 1503 969 1525 numerare

310 1543 512 1573 meminerit.
529 1543 606 1573 Ibid.
624 1552 656 1573 n.
672 1543 703 1573 9..

268 1589 371 1619 Verus
399 1597 488 1618 amor
510 1589 610 1619 habet
639 1588 831 1627 praemium,
855 1587 912 1618 sed
936 1588 969 1618 id

305 1635 391 1674 quod
418 1635 555 1665 amatur.
584 1637 690 1666 Tract.
717 1636 752 1666 de
780 1635 863 1673 diliq.
889 1636 969 1672 Deo,

308 1691 341 1711 π.
360 1681 411 1711 17.

268 1727 301 1757 Si
315 1727 388 1766 quis
409 1726 449 1757 de
465 1726 585 1765 populo
601 1725 729 1765 deviat,
750 1726 835 1756 solus
856 1726 943 1764 perit
960 1735 967 1755 ι

306 1773 463 1812 principis
475 1781 564 1803 error
575 1773 694 1802 multos
705 1772 858 1803 involvit.
868 1773 967 1810 Epist.

309 1819 376 1849 117.

267 1866 387 1895 Verum
401 1864 553 1904 gaudium
566 1864 631 1902 est,
647 1863 733 1903 quod
747 1872 812 1894 non
825 1863 865 1894 de
881 1872 971 1894 crea-

309 1912 401 1949 tura,
417 1910 474 1941 sed
489 1911 638 1941 Creatore
659 1911 852 1949 concipitur.
868 1911 968 1949 Epist.

268 2002 411 2032 Vitiosus
438 2001 654 2032 conscientias
683 2001 877 2031 vitiosorum
904 2008 970 2030 non

306 2047 439 2086 refugit.
457 2049 475 2078 Ι
487 2048 521 2077 cle
534 2048 656 2078 consid.
670 2056 738 2086 cap.
757 2047 806 2076 10.

267 2093 328 2123 rbi
356 2102 467 2124 omncs
490 2093 638 2132 sordent,
663 2093 761 2123 unius
788 2092 884 2123 foetor
905 2100 970 2122 non

309 2140 458 2169 sentitur.
470 2139 550 2170 Ibid.

269 2185 499 2215 Meditantibus
547 2185 687 2215 honores
729 2184 943 2214 blandiuntur
961 2206 970 2222 ,

703 253 754 280 FL
763 252 819 279 ΟΒ
829 252 850 279 Ε
862 252 881 278 S
906 251 927 278 E
954 251 984 277 S.

270 303 478 343 sapientibus
493 303 670 343 contingit,
695 305 730 335 in
755 305 852 334 rebus
866 303 976 334 dubiis

1012 250 1274 280 BERNARDO.

1049 304 1180 335 riorem.
1197 306 1265 336 Lib.
1287 308 1307 337 Ι
1328 308 1363 339 de
1377 308 1502 339 Consid.
1522 315 1589 346 cap.
1614 307 1633 338 5
1647 328 1658 345 ,
1678 307 1708 337 et

1047 359 1141 380 serm.
1157 352 1192 380 de
1207 352 1224 380 7
1237 352 1346 390 panib.

1008 395 1177 426 seductori
1202 397 1256 427 dat
1274 406 1424 437 manum,
1440 398 1496 436 qui
1512 398 1590 428 dare
1614 398 1709 429 dissi·

1047 441 1150 471 mutat
1168 443 1372 481 praeceptori.
1396 446 1494 474 Serm.
1512 445 1549 473 77
1565 445 1597 473 in
1615 446 1705 474 Cant.

1007 486 1068 524 Qui
1082 487 1200 526 absque
1213 489 1344 518 custode
1353 489 1489 520 dimittit
1501 498 1577 520 oves
1588 491 1623 520 in
1637 498 1709 528 pas-

1048 541 1108 562 cua
1118 555 1126 571 ,
1143 534 1252 572 pastor
1264 536 1388 564 estnon
1404 535 1514 565 ovium
1526 557 1534 573 ‚
1547 536 1602 566 sed
1617 537 1708 575 lupo—

1045 588 1131 609 rum.
1147 580 1227 610 Ibz'd.
1243 589 1331 610 mem.
1347 581 1377 610 6.

1006 624 1187 663 Pauperum
1197 626 1310 656 vitain
1324 626 1442 664 plateis
1456 625 1596 657 divitum
1607 627 1710 657 semi-

1045 671 1153 700 natur.
1166 672 1216 702 IV
1225 674 1260 702 cle
1276 674 1367 703 cons.
1385 682 1453 712 cap.
1467 672 1498 702 2.

1005 716 1147 746 Ambitio
1167 717 1382 748 ambientium
1396 727 1496 755 cruit,
1519 726 1631 749 omnes
1642 719 1707 749 tor-

1044 770 1147 800 quens
1164 763 1314 794 omnibus
1333 764 1452 802 placet.
1463 766 1514 795 111
1530 765 1565 794 de
1578 766 1702 796 Consid.

1046 817 1114 846 cap.
1133 809 1163 838 1.

1003 855 1100 893 Nugae
1120 855 1154 885 in
1176 864 1232 886 ore
1254 856 1434 894 saecularis,
1458 864 1572 894 nugae3
1595 858 1628 887 in
1651 866 1706 887 ore

1044 901 1220 931 sacerdotis
1239 901 1463 940 blasphemiae.
1487 904 1522 932 11
1533 904 1567 933 de
1583 904 1706 934 consid.

1045 955 1112 984 cap.
1131 946 1180 976 15.

1005 992 1131 1022 Vanum
1146 1000 1201 1022 cor
1215 993 1369 1023 vanitatis
1382 993 1491 1024 notam
1506 994 1624 1031 ingerit
1635 1002 1706 1024 cor-

1044 1038 1128 1076 pori.
1145 1040 1235 1077 Apol.
1252 1040 1291 1069 ad
1306 1039 1393 1069 Guil.
1409 1048 1477 1078 cap.
1493 1039 1523 1069 9.

1004 1084 1110 1113 Mollia
1125 1084 1313 1115 indumenta
1328 1085 1428 1115 animi
1441 1084 1611 1115 mollitiem
1621 1085 1706 1116 indi-

1046 1131 1131 1160 cant.
1145 1130 1226 1160 Ibicl.

1005 1175 1119 1214 Fulget
1146 1176 1291 1206 Ecclesia
1318 1176 1352 1206 in
1385 1176 1564 1215 parietibus
1575 1199 1584 1214 ‚
1614 1178 1647 1208 et
1671 1178 1705 1208 in

1044 1222 1245 1260 pauperibus
1275 1222 1373 1260 alget.
1415 1223 1505 1261 Apol.
1545 1225 1585 1254 ad
1620 1224 1704 1254 Guil.

1045 1277 1113 1306 cap.
1136 1269 1186 1298 11.

1006 1314 1053 1343 De
1069 1314 1250 1352 sumptibus
1261 1322 1438 1353 egenorum
1448 1315 1589 1346 servitur
1603 1316 1705 1345 oculis

1046 1360 1198 1390 divitum.
1211 1361 1290 1390 Ibicl.

1007 1406 1086 1445 Lupi
1108 1406 1223 1437 dentes
1241 1406 1314 1444 plus
1329 1406 1446 1444 timeo,
1466 1415 1562 1445 quam
1578 1407 1704 1445 virgam

1044 1453 1192 1490 pastoris.
1221 1454 1326 1482 Tract.
1347 1453 1381 1482 cle
1401 1454 1466 1483 vita
1483 1455 1512 1484 et
1532 1454 1581 1490 off.
1598 1454 1700 1492 Episc.

1043 1507 1076 1527 n.
1094 1499 1145 1528 55.

1004 1543 1217 1582 Hippocrates
1229 1543 1323 1573 docet
1337 1543 1461 1574 animas
1476 1543 1580 1575 salvias
1595 1545 1703 1576 facere

1044 1590 1079 1618 in
1106 1590 1166 1619 hoc
1199 1589 1320 1618 mundo
1338 1610 1347 1626 ‚
1373 1588 1516 1619 Christus
1551 1591 1701 1628 perdere.

1044 1635 1143 1663 Serm.
1160 1634 1194 1663 51
1204 1656 1213 1671 ,
1226 1635 1258 1663 in
1270 1635 1362 1664 Cant.

1005 1679 1158 1716 Voluptas
1174 1678 1312 1716 gutturis
1325 1700 1334 1716 ‚
1349 1687 1421 1717 quae
1436 1679 1518 1708 tanti
1534 1680 1629 1710 hodie
1644 1689 1703 1711 aes-

1043 1725 1196 1761 timatur,
1212 1724 1269 1753 vix
1286 1724 1421 1754 duorum
1445 1725 1571 1755 obtinet
1594 1726 1706 1756 latitu-

1045 1770 1154 1799 dinem
1176 1769 1362 1808 digitorum.
1379 1771 1425 1800 De
1448 1772 1542 1802 Conv-
1559 1772 1599 1801 ad
1622 1773 1702 1803 Cler.

1043 1824 1076 1845 π.
1095 1816 1144 1845 15.

1004 1861 1200 1891 Divitiarum
1215 1869 1304 1891 amor
1319 1860 1512 1891 insatiabilis
1523 1862 1618 1900 longe
1638 1870 1704 1892 am-

1044 1907 1131 1946 plius
1153 1907 1284 1945 torquet
1298 1907 1460 1939 desiderio
1470 1931 1480 1947 ,
1495 1917 1591 1947 quam
1607 1910 1703 1941 refri-

1043 1954 1135 1992 geret
1149 1962 1220 1983 usu.
1237 1954 1313 1984 Ibid.
1332 1954 1381 1984 14.

1004 1999 1200 2029 Divitiarum
1225 2007 1304 2029 usus
1334 2000 1407 2030 aliis
1431 2000 1520 2038 sere3
1548 2001 1704 2033 divitibus

1044 2046 1148 2076 solum
1161 2054 1279 2075 nomen
1287 2046 1510 2076 etsollicitudo
1518 2047 1615 2077 cedit.
1626 2048 1704 2080 Ibid.

1004 2092 1137 2121 Daemon
1153 2091 1213 2121 soli
1237 2091 1490 2130 perseverantiae
1502 2093 1704 2130 potissimum

1044 2136 1220 2166 insidiatur
1229 2158 1238 2174 ‚
1251 2144 1346 2174 quam
1359 2137 1460 2166 solam
1474 2137 1635 2168 virtutum
1646 2147 1706 2169 no-

1045 2181 1094 2212 vit
1105 2181 1263 2212 coronari.
1280 2183 1379 2221 Epist.
1396 2181 1449 2212 24.

310 2230 522 2268 pensantibus
556 2238 654 2260 onera
682 2230 849 2269 formidini
884 2230 969 2260 sunt.
1008 2227 1100 2257 Utilis
1112 2235 1241 2266 semper
1252 2227 1399 2257 custodia
1412 2227 1495 2266 oris,
1508 2236 1580 2266 quae
1591 2228 1702 2259 tamen

310 2277 415 2305 Tract-
429 2276 463 2304 de
476 2277 526 2313 off.
539 2278 566 2306 ct
581 2286 661 2306 mor.
676 2277 777 2314 Episc.
795 2286 861 2315 cap.
878 2277 908 2306 7.

270 2322 354 2351 Vera
381 2321 498 2350 caritas
522 2329 625 2351 vacua
647 2321 798 2351 mercede
819 2330 883 2351 non
903 2322 969 2359 cst,

1045 2273 1242 2304 affabilitatis
1279 2273 1416 2312 gratiam
1442 2281 1507 2303 non
1537 2275 1703 2305 excludat.

1044 2320 1095 2349 IV
1104 2320 1138 2349 cle
1155 2320 1277 2349 consid.
1295 2328 1363 2358 cap.
1374 2319 1404 2349 6.
1417 2328 1450 2349 η.
1466 2319 1518 2349 25.

309 2375 370 2396 nec
381 2367 493 2396 tamen
507 2368 711 2397 mercenaria
726 2369 785 2398 est.
809 2370 914 2399 Tract.
936 2369 971 2398 de
1007 2366 1130 2404 Ubique
1146 2365 1301 2395 frenenda
1313 2366 1421 2404 lingua
1433 2373 1589 2405 praeceps,
1601 2368 1706 2396 maxi-

308 2413 390 2451 ditty.
406 2413 488 2449 Deo,
504 2420 537 2441 n.
556 2412 605 2442 17.

1045 2420 1097 2441 me
1113 2412 1222 2441 autem
1238 2412 1271 2441 in
1288 2411 1449 2442 convivio.
1464 2411 1542 2442 Ibid.

269 2458 392 2487 Bonum
411 2458 518 2486 servat
538 2457 725 2495 castellum,
748 2458 803 2496 qui
831 2458 972 2488 custodit
1006 2458 1063 2488 Ille
1079 2457 1326 2488 convenientior
1341 2457 1487 2494 habitus,
1504 2457 1531 2488 si
1547 2457 1622 2487 actu
1633 2458 1706 2496 qui·

310 2510 425 2541 corpus
443 2510 548 2531 suum.
579 2503 680 2532 Scrm.
708 2503 728 2532 2
755 2505 790 2533 de
815 2505 969 2543 Assumpl.

308 2557 394 2577 num.
408 2547 438 2577 9..
454 2547 600 2577 Proca-rb.
616 2548 754 2585 vnlqare.

1046 2503 1120 2533 dem
1151 2511 1285 2534 severus
1323 2503 1385 2541 sis,
1421 2503 1516 2533 vultu
1550 2511 1705 2542 serenus,

1041 2550 1142 2579 verbo
1159 2548 1274 2579 serius.
1290 2549 1371 2579 Ibid.

269 2594 340 2623 Sola
355 2593 488 2623 miseria
503 2593 591 2624 caret
617 2593 753 2624 invidia.
770 2595 870 2624 Serm.
896 2596 914 2624 5
937 2597 971 2626 tle
1007 2594 1054 2623 Nil
1070 2595 1164 2625 scalis
1179 2603 1258 2634 opus
1269 2594 1396 2625 tenenti
1408 2594 1474 2632 iam
1487 2594 1613 2624 solium.
1629 2595 1659 2625 V
1671 2596 1705 2624 dc

304 2640 389 2670 verb.
405 2641 468 2669 Isa.

269 2685 457 2716 Maledictus
471 2685 525 2725 qui
542 2685 665 2725 partem
682 2693 770 2717 suani
790 2685 864 2715 facit
880 2685 972 2716 dete*

1047 2642 1168 2671 Consz’d.
1182 2649 1214 2670 n.
1230 2641 1259 2670 1.

1008 2687 1204 2723 Detrahere,
1235 2687 1290 2716 aut
1318 2685 1544 2716 detrahentem
1574 2685 1703 2725 audire,
