1846 3078
529 217 573 243 lN
594 214 795 244 CANTICA
819 212 969 241 SERMO
990 214 1182 243 LXXXVI.

139 278 303 311 apponere
316 270 588 302 adolescentibus.
605 270 673 300 Non
683 269 759 308 quia
776 276 840 299 non

137 318 182 347 sit
197 318 230 348 et
244 317 278 347 in
293 316 488 355 provectiori
506 317 600 346 aetate
627 316 714 345 omni
731 315 840 345 studio

135 363 319 399 retinenda,
335 370 405 400 qure
422 363 470 392 est
482 363 569 391 certe
586 361 733 392 omnium
746 368 840 391 orna-

133 409 184 438 {us
198 409 327 438 aetatum
342 416 349 436 :
364 407 419 437 sed
435 407 520 446 quod
534 408 653 437 tenerae
663 408 767 446 gratia
782 414 839 437 ve-

133 452 299 483 recundiae
320 453 354 482 in
377 452 531 483 teneriori
553 454 650 483 aetate
675 452 837 490 amplius,

132 498 341 536 pulcriusque
355 499 490 529 eniteat.
503 499 588 536 Quid
599 499 771 529 amabilius
783 506 837 528 ve-

134 544 278 574 recundo
287 545 492 575 adolescente
502 544 514 574 '5’
523 545 625 582 Quam
634 545 745 583 pulcra
755 544 836 583 haec,

134 590 168 619 ct
196 598 294 628 quam
315 590 486 628 splendida
506 598 632 628 gemma
655 598 781 620 morum
803 590 837 619 in

135 634 203 664 vita
220 635 252 664 et
276 636 369 665 vultu
391 635 623 665 adolescentis!
644 644 741 674 quam
757 643 835 665 vera

131 681 165 710 vt
193 680 329 710 minime
354 680 453 710 dubia
482 681 573 711 bonae
601 681 717 712 nuntia
744 681 836 718 spei,

133 725 225 755 bonae
250 725 369 756 indolis
394 726 517 756 index!
540 727 635 765 Virga
657 726 837 764 disciplinae

133 771 183 800 est
200 771 269 810 illi,
285 780 357 810 quae
371 772 531 810 pudendis
546 771 716 802 affectibus
728 772 837 801 immi-

133 824 233 854 nens,
253 818 388 856 lubricae
409 818 517 847 aetatis
537 817 662 855 motus,
680 818 835 855 actusque

132 862 221 892 leves
247 862 623 901 coerceat,comprimat
645 863 834 893 insolentes.

132 907 217 944 Quid
232 907 276 938 ita
288 908 498 947 turpiloquii,
515 909 548 938 et
563 909 666 938 omnis
681 909 836 947 deinceps

131 953 346 991 turpitudinis
369 953 534 992 fugitans?
556 954 651 984 Soror
666 955 836 984 continen-

131 999 186 1028 tiae
212 1000 272 1028 est.
288 1000 417 1029 Nullum
434 1008 526 1038 aeque
551 1000 760 1030 manifestum
786 1000 835 1029 in-

130 1044 253 1074 dicium
267 1045 459 1075 columbinae
468 1046 703 1084 simplicitatis:
717 1046 750 1076 et
761 1045 835 1076 ideo

131 1090 230 1119 etiam
256 1089 349 1120 testis
378 1091 586 1121 innocentiae.
620 1092 757 1129 Lampas
787 1092 836 1121 est

131 1135 257 1172 pudicae
272 1136 390 1166 mentis
402 1136 524 1174 jugiter
539 1138 651 1167 lucens
663 1159 674 1175 ,
687 1138 723 1167 ut
739 1137 785 1167 nil
801 1138 834 1167 in

132 1189 169 1210 ea
186 1182 281 1220 turpe
294 1182 347 1211 vel
366 1182 558 1212 indecorum
568 1183 711 1213 residere
729 1184 834 1214 atten-

131 1227 196 1264 tet,
213 1227 298 1264 quod
313 1235 377 1257 non
394 1228 448 1257 illa
470 1228 546 1257 ilico
562 1229 688 1266 prodat.
709 1230 758 1259 Ita
774 1238 833 1259 ex-

131 1271 285 1307 punctrix
311 1272 471 1301 malorum
485 1293 494 1310 ‚
529 1273 562 1302 et
596 1274 833 1311 propugnatrix

130 1316 284 1353 puritatis
300 1317 436 1355 innatae,
461 1318 610 1356 specialis
631 1319 731 1357 gloria
757 1328 834 1349 con-

131 1361 278 1392 scientiae
295 1363 362 1400 est,
377 1362 470 1391 famae
485 1364 592 1393 custos
603 1385 612 1401 ,
629 1364 706 1394 vitae
721 1364 831 1402 decus,

132 1406 263 1437 virtutis
278 1407 388 1445 sedes,
411 1408 572 1438 virtutum
588 1409 742 1446 primitiae
753 1431 762 1448 ,
778 1418 833 1439 na-

130 1452 213 1481 turae
228 1452 309 1490 laus,
321 1454 353 1482 et
364 1453 491 1491 insigne
501 1454 600 1484 totius
615 1454 754 1484 honesti.
769 1456 834 1484 Ru—

131 1495 189 1525 bor
204 1496 272 1535 ipse
286 1505 441 1535 genarum
452 1519 460 1535 ,
483 1507 579 1536 quem
596 1498 677 1529 sorte
692 1499 832 1529 invexe-

132 1542 177 1572 rit
196 1543 323 1580 pudor,
339 1545 497 1581 quantum
522 1545 634 1582 gratiae
650 1546 684 1575 et
708 1545 833 1576 decoris

134 1588 253 1618 suffuso
266 1589 380 1619 afferre
396 1590 505 1619 vultui
532 1591 629 1620 solet!

169 1634 200 1663 2.
217 1634 324 1672 Usque
344 1634 424 1664 adeo
449 1635 627 1672 genuinum
649 1636 750 1666 animi
774 1636 833 1665 bo—

129 1686 208 1708 num
231 1679 430 1708 verecundia
457 1681 525 1717 est,
551 1681 588 1710 ut
614 1681 647 1710 et
668 1681 724 1718 qui
746 1681 831 1711 male

129 1731 226 1762 agere
241 1731 307 1753 non
327 1725 503 1763 verentur,
521 1726 627 1756 videri
650 1727 760 1756 tamen
777 1735 831 1756 ve-

128 1769 351 1799 recundentur
365 1791 374 1807 ,
394 1769 524 1800 dicente
546 1771 683 1801 Domino
700 1780 707 1800 :
726 1772 831 1802 Omnis

128 1815 182 1853 qui
196 1815 275 1844 male
290 1816 372 1853 agit,
384 1817 444 1846 odit
455 1817 563 1846 lucem.
577 1816 638 1846 Sed
652 1817 684 1846 et
699 1818 833 1855 quider-

126 1861 239 1896 mium,
257 1862 343 1890 nocte
357 1862 531 1899 dormiunt3
546 1864 574 1892 et
586 1864 640 1900 qui
657 1862 734 1892 ebrii
748 1863 830 1898 sunt,

126 1905 373 1936 ozocteebriisunt
386 1915 396 1935 .-
410 1914 508 1944 opera
516 1907 670 1936 nimirum
680 1907 833 1936 tenebra-

126 1957 212 1987 rum,
222 1950 255 1980 et
263 1950 357 1988 digna
366 1951 512 1990 latebris,
520 1951 665 1982 tenebris
673 1952 834 1982 occultan-

127 1996 188 2025 tes.
201 1996 340 2026 lnterest
352 1997 479 2035 tamen,
495 1998 580 2036 quod
597 1999 722 2027 occulta
735 1997 832 2027 dede—

126 2041 210 2071 coris
221 2062 232 2080 ,
247 2050 319 2079 quae
332 2043 532 2072 verecundia
549 2043 665 2073 horum
693 2051 757 2073 non
775 2044 833 2073 ha-

126 2085 229 2123 bere,
250 2086 308 2116 sed
334 2087 473 2125 prodere
495 2088 679 2126 erubescit,
708 2097 831 2127 sponsae

126 2132 323 2161 verecundia
338 2133 469 2162 omnino
482 2141 546 2163 non
555 2135 681 2172 operit,
694 2135 750 2164 sed
759 2144 834 2165 exs-

125 2176 216 2215 puit,
229 2176 287 2206 sed
302 2177 470 2215 propellit.
483 2178 606 2208 Idcirco
623 2179 668 2208 ait
679 2179 830 2217 Sapiens:

125 2222 183 2252 Est
195 2222 294 2260 pudor
305 2223 456 2253 adducens
461 2225 632 2262 peccatum,
640 2226 667 2254 et
681 2227 725 2254 est
734 2227 832 2263 pudor

127 2267 279 2296 adducens
296 2268 439 2304 qlorz'am.
463 2268 587 2305 Quaerit
609 2268 729 2306 Sponsa
753 2271 832 2300 Ver-

126 2308 205 2338 bum
214 2309 397 2339 verecunde
410 2311 554 2348 quidem,
564 2311 640 2349 quia
654 2312 688 2341 in
699 2313 829 2352 lectulo,

126 2351 201 2390 quia
222 2360 282 2390 per
303 2353 415 2383 noctes
431 2362 441 2383 z
457 2354 515 2383 sed
539 2355 608 2384 haec.
632 2358 830 2388 verecundia

127 2398 224 2427 habet
246 2397 381 2436 gloriam
394 2420 404 2436 ,
427 2407 490 2428 non
511 2401 695 2437 peccatum.
709 2402 831 2438 Quaerit

127 2442 188 2472 hoc
195 2441 235 2471 ad
247 2442 507 2480 purificationem
519 2445 735 2484 conscientiae,
744 2457 830 2485 quae-

125 2488 170 2517 rit
195 2487 236 2517 ad
259 2487 504 2527 testimonium,
520 2491 557 2519 ut
572 2491 672 2528 possit
694 2491 802 2522 dicere
820 2502 828 2523 :

125 2533 235 2563 Gloria
260 2541 329 2563 mea
354 2533 417 2564 ltoec
438 2537 494 2570 est,
517 2537 721 2566 testimonium
757 2547 832 2567 con-

125 2578 256 2609 scientioe
277 2586 363 2609 meoe.
384 2580 421 2608 In
446 2580 552 2610 lectulo
565 2589 631 2611 meo
653 2590 707 2620 per
729 2586 831 2615 noctes

124 2624 251 2663 quaesivi
274 2632 362 2662 quem
377 2625 472 2663 diliqit
497 2627 604 2656 anima
626 2635 706 2657 mea.
729 2628 831 2659 Vere-

1509 223 1567 254 1⁴55

875 267 994 298 cundia
1008 267 1071 299 tihi
1083 290 1093 307 ,
1108 268 1135 298 si
1147 268 1289 301 advertis
1300 293 1311 310 ,
1326 272 1359 304 et
1377 274 1447 307 loco
1458 276 1567 316 signa—

874 312 944 352 tur,
961 313 993 344 et
1004 314 1164 352 tempore.
1180 314 1264 351 Quid
1278 316 1343 346 tam
1355 321 1495 352 amicum
1509 332 1567 354 ve-

873 359 1017 390 recundo
1028 359 1137 389 animo
1149 381 1159 398 ,
1173 367 1270 398 quam
1285 363 1464 395 secretum?
1475 368 1570 398 Porro

873 405 1035 435 secretum
1065 406 1100 436 et
1125 413 1211 443 nox,
1241 405 1274 435 et
1294 406 1433 439 lectulus
1458 411 1568 443 habet.

873 450 1021 488 Denique
1049 458 1142 481 orare
1169 451 1317 481 volentes
1343 451 1494 488 iubemur
1520 457 1570 487 in-

873 497 959 526 trare
971 496 1162 526 cubiculum
1174 517 1184 534 ‚
1195 496 1310 534 utique
1326 498 1442 528 secreti
1458 502 1571 537 gratia.

872 541 906 570 ld
919 541 1050 579 quidem
1059 542 1100 572 ad
1112 542 1273 573 cautelam
1288 550 1297 571 τ
1310 550 1351 572 ne
1365 550 1471 573 coram
1481 553 1574 576 oran-

872 587 960 617 tibus
994 587 1066 618 laus
1099 587 1242 618 humana
1270 588 1423 619 orationis
1448 589 1574 620 furetur

872 631 1033 671 fructum,
1059 632 1236 663 frustretur
1250 633 1415 664 effectum.
1431 633 1495 664 Sed
1516 635 1573 665 do-

871 677 956 707 ceris
988 678 1203 709 nihilominus
1235 680 1467 710 verecundiam
1499 688 1577 711 sen—

871 722 974 752 tentia
997 723 1070 753 hac.
1094 724 1181 760 Quid
1206 725 1273 754 tam
1291 725 1460 762 proprium
1482 734 1577 756 vere-

871 767 1019 806 cundiae,
1039 776 1135 806 quam
1152 769 1299 807 proprias
1318 769 1423 800 vitare
1438 771 1573 809 laudes,

872 812 976 843 vitare
998 813 1213 850 Jactantiam?
1227 815 1319 845 Patet
1339 815 1426 853 quod
1445 816 1577 855 signan-

870 858 920 888 ter
932 859 965 888 et
981 859 1022 888 ad
1034 860 1266 890 verecundiam
1280 861 1448 892 orantibus
1461 863 1576 901 petere

870 904 1032 934 secretum
1044 904 1204 935 indixerit
1216 906 1347 944 pudoris
1360 907 1445 938 lilius
1460 909 1494 938 et
1507 916 1577 939 ma-

870 949 981 987 gister.
1004 950 1090 987 Quid
1104 951 1171 980 tam
1196 951 1406 991 indecorum,
1432 954 1576 984 maxime

870 995 1089 1034 adolescenti,
1111 1005 1208 1035 quam
1230 999 1404 1029 ostentatio
1423 1000 1577 1030 sanctita-

869 1040 935 1070 tis?
968 1041 1046 1071 Cum
1072 1042 1183 1072 tamen
1207 1043 1248 1073 ab
1273 1044 1334 1074 hac
1369 1044 1575 1082 potissimum

870 1088 965 1117 aetate
988 1089 1100 1125 aptum
1117 1088 1261 1126 profecto
1277 1090 1427 1128 capiatur
1446 1092 1576 1130 tempo—

869 1140 1071 1171 raneumque
1092 1134 1261 1172 religionis
1277 1135 1466 1174 exordium,
1481 1137 1574 1167 Jere-

870 1177 934 1207 mia
949 1178 1077 1209 dicente
1096 1187 1103 1208 :
1120 1181 1241 1210 Bonum
1256 1182 1298 1211 est
1313 1181 1450 1219 homini,
1466 1183 1575 1221 εἰρων-

869 1225 977 1253 laverit
986 1224 1098 1263 juqum
1113 1225 1152 1255 ab
1167 1226 1369 1256 adolescentia
1389 1236 1459 1257 sua.
1483 1228 1572 1258 Bona

869 1270 1106 1300 commendatio
1136 1272 1296 1301 secuturae
1335 1272 1504 1309 orationis,
1544 1273 1573 1302 si

868 1315 1044 1352 praemittas
1065 1316 1317 1354 verecundiam,
1337 1316 1472 1347 dicens:
1488 1318 1574 1348 Ado-

868 1360 1046 1391 lescenlulus
1060 1370 1128 1391 sum
1150 1370 1203 1399 eqo
1219 1363 1248 1391 et
1267 1363 1467 1401 contemptus,
1476 1363 1573 1401 justi·-

866 1405 1022 1441 ficatz'ovzes
1038 1407 1107 1436 tuas
1122 1415 1184 1436 ηοη
1194 1415 1263 1436 sum
1277 1407 1399 1438 oblitus.

907 1449 938 1479 5.
960 1451 1024 1480 Nec
1046 1451 1140 1480 modo
1162 1452 1289 1488 locum,
1310 1452 1368 1481 sed
1383 1452 1417 1482 et
1440 1452 1572 1491 tempus

868 1494 1039 1525 observare
1065 1495 1193 1533 oportet
1209 1503 1302 1534 eum,
1323 1497 1380 1535 qui
1396 1497 1458 1527 sibi
1475 1506 1570 1528 orare

867 1540 1020 1569 voluerit.
1043 1540 1185 1578 Tempus
1199 1541 1352 1571 feriatum
1369 1543 1572 1574 commodius

867 1584 1038 1622 aptiusque
1049 1606 1058 1622 ,
1070 1585 1213 1616 maxime
1227 1586 1337 1616 autem
1352 1595 1426 1616 cum
1439 1588 1573 1625 prosun-

867 1629 944 1658 dum
960 1631 1136 1660 nocturnus
1150 1639 1244 1669 sopor
1255 1631 1371 1661 indicit
1385 1633 1569 1672 silentium,

867 1674 944 1703 tunc
962 1675 1058 1712 plane
1074 1676 1208 1706 liberior
1224 1676 1294 1706 exit
1309 1677 1484 1716 puriorque
1498 1687 1571 1709 ora-

868 1719 923 1749 lio.
950 1721 1105 1759 Consurqe
1125 1722 1158 1751 in
1173 1724 1279 1760 nocte,
1295 1723 1418 1761 inquit,
1435 1725 1467 1753 in
1479 1725 1570 1762 prin-

866 1767 942 1804 cipio
957 1767 1134 1805 viqiliarum
1152 1769 1277 1798 tuarum
1290 1789 1301 1805 ‚
1313 1770 1341 1798 et
1356 1770 1470 1806 effunde
1491 1771 1571 1800 sicut

867 1820 982 1849 aquam
1007 1821 1060 1842 cor
1085 1814 1172 1842 tuum
1191 1815 1263 1843 ante
1289 1816 1480 1853 conspectum
1502 1817 1570 1846 Do-

867 1858 944 1886 mini
957 1859 1017 1887 Dei
1037 1859 1092 1887 tui.
1110 1858 1212 1895 Quam
1227 1867 1342 1889 secura
1365 1860 1511 1891 ascendit
1525 1861 1567 1891 de

867 1904 960 1932 nocte
973 1903 1075 1933 oratio
1085 1925 1095 1942 ,
1111 1904 1178 1934 solo
1193 1904 1315 1934 arbitro
1328 1905 1395 1935 Deo
1408 1927 1417 1943 ‚
1440 1907 1569 1936 sancto-

867 1955 929 1985 que
954 1949 1095 1988 Angelo,
1110 1949 1173 1988 ¹qui
1196 1949 1287 1979 illam
1311 1958 1451 1988 superno
1472 1952 1567 1982 altari

867 1994 1005 2031 suscipit
1032 1995 1293 2033 praesentandam
1309 1995 1317 2025 !
1345 1997 1448 2034 Quam
1477 2000 1568 2036 grata

867 2039 900 2068 et
912 2039 1021 2069 lucida
1035 2061 1045 2077 ,
1061 2041 1246 2071 verecundo
1262 2041 1404 2071 colorata
1424 2043 1542 2073 rubore
1557 2045 1566 2073 ἱ

866 2084 967 2121 Quam
987 2093 1102 2115 serena
1124 2086 1158 2116 et
1178 2086 1324 2124 placida,
1354 2088 1443 2117 nullo
1468 2088 1569 2119 inter—

867 2130 994 2159 turbata
1007 2131 1148 2161 clamore
1159 2132 1212 2161 vel
1227 2132 1382 2170 strepitu!
1399 2133 1500 2170 Quam
1513 2134 1569 2164 de-

868 2175 968 2213 nique
985 2176 1105 2206 munda
1120 2177 1216 2215 atque
1231 2178 1358 2208 sincera
1370 2200 1380 2216 ,
1410 2180 1500 2208 nullo
1515 2189 1569 2211 rc-

866 2228 974 2258 spersa
999 2222 1136 2259 pulvere
1166 2222 1303 2254 terrenae
1319 2224 1567 2264 sollicitudinis,

866 2266 953 2295 nulla
973 2266 1162 2304 aspicientis
1185 2268 1281 2298 laude
1301 2277 1359 2298 seu
1382 2269 1568 2301 adulatione

866 2313 1007 2342 tentata!
1030 2314 1163 2351 Propter
1184 2314 1244 2344 hoc
1270 2323 1344 2353 ergo
1365 2324 1478 2354 sponsa
1502 2325 1566 2348 non

866 2358 973 2388 minus
992 2359 1177 2389 verecunde
1187 2381 1197 2398 ,
1212 2369 1308 2398 quam
1325 2363 1418 2391 caute
1431 2383 1440 2399 ,
1454 2363 1487 2392 et
1498 2364 1565 2392 lec—

866 2405 926 2434 tuli
942 2405 1102 2435 secretum
1123 2407 1256 2444 petebat
1277 2407 1310 2436 et
1320 2408 1434 2443 noctis,
1452 2415 1540 2437 orare
1554 2430 1563 2445 ‚

866 2449 926 2479 hoc
938 2450 986 2480 est
997 2451 1139 2481 Verbum
1149 2460 1294 2490 quaerere
1305 2473 1314 2489 ,
1327 2452 1448 2481 volens.
1459 2452 1564 2482 Unum

866 2496 915 2526 est
938 2497 1037 2526 enim.
1057 2497 1208 2535 Alioquin
1227 2505 1291 2527 non
1313 2498 1400 2526 recte
1424 2505 1512 2535 oras,
1536 2498 1563 2528 si

865 2541 985 2570 orando
997 2542 1116 2579 praeter
1128 2542 1268 2571 Verbum
1280 2541 1402 2579 aliquid
1418 2550 1541 2579 quaeras
1551 2565 1562 2580 ,

864 2585 921 2615 aut
934 2586 1021 2624 quod
1034 2588 1167 2624 propter
1183 2586 1324 2615 Verbum
1341 2593 1403 2614 non
1418 2595 1540 2624 quaeras
1551 2611 1560 2624 ,

865 2631 1018 2669 quoniam
1035 2631 1068 2661 in
1085 2631 1153 2669 ipso
1168 2631 1242 2660 sunt
1259 2630 1439 2696 omnia.O}3bi
1457 2640 1563 2662 reinc—
