1846 3078
293 232 354 263 1⁸02

290 287 324 318 et
334 287 372 318 tu
386 286 481 319 illum
495 287 530 319 in
539 287 596 319 tuo
607 286 712 319 adhue
725 287 848 318 lectulo
856 283 996 324 quaeris?

289 333 456 372 Surrexit,
472 342 538 364 non
561 333 611 364 est
625 334 691 363 hic.
715 333 800 370 Quid
820 331 939 370 quaeris
960 331 995 360 in

289 379 412 410 lectulo
427 380 559 418 fortem,
570 380 604 409 in
616 379 737 409 lectulo
749 384 919 415 magnum,
928 376 995 406 cla-

289 424 448 455 rificatum
457 426 492 456 in
506 423 809 456 stabulo‘5‘1ntroivit
825 423 859 452 in
879 422 995 460 poten-

289 469 351 500 tias
363 470 511 508 Domini,
528 470 677 500 decorem
694 467 801 497 induit
815 467 848 496 et
863 466 995 496 tortitu-

290 515 401 546 dinem
417 525 425 546 :
443 517 476 546 et
492 524 567 545 ecce
589 514 682 544 sedet
694 522 791 551 super
805 511 993 550 Cherubim,

288 561 345 599 qui
361 562 422 592 sub
437 561 545 600 lapide
560 559 673 597 jacuit.
695 560 743 588 Ex
757 559 818 589 hoc
835 558 902 596 jam
929 566 993 587 non

287 605 397 644 iacet,
410 607 466 636 sed
479 605 589 636 sedet:
603 605 635 634 et
646 605 682 634 tu
694 605 857 642 tamquam
870 602 993 640 jacenti

289 651 433 682 subsidia
447 649 557 688 paras?
572 649 646 679 Sive
656 671 665 686 ,
682 649 719 678 ut
744 648 922 678 absolutior
936 656 994 678 ve-

289 697 369 727 ritas
390 697 453 734 sit,
475 697 530 726 aut
555 695 645 725 sedet
663 694 831 732 judicans,
851 694 907 724 aut
931 694 993 723 stat

291 742 460 779 adjuvans.

328 787 359 816 8.
376 787 428 816 Sic
443 794 514 823 vos,
526 794 544 815 o
559 786 654 815 bonae
666 784 840 820 mulieres,
850 785 991 822 cuinam,

288 840 407 870 quaeso,
423 830 578 862 excubias
593 829 838 860 exhibetis?cui
850 831 992 859 aromata

290 877 500 915 comparatIs,
529 876 651 915 paratis
676 874 861 913 unguenta?
884 875 918 904 Si
933 875 994 905 sei-

289 923 368 953 retis
382 924 523 961 quantus
543 922 572 952 is
593 922 653 958 sit,
669 928 828 959 quamque
846 920 888 950 sit
908 921 994 950 inter

288 969 432 998 mortuos
455 968 540 998 liber
566 969 713 997 mortuus
737 966 798 996 iste
823 974 919 1004 quem
934 974 994 996 un-

290 1022 365 1052 gere
378 1014 531 1052 pergitis,
546 1021 603 1044 vos
624 1013 759 1043 forsitan
772 1012 938 1050 petissetis
953 1012 993 1041 ab

291 1068 329 1090 eo
343 1060 452 1098 potius
478 1059 570 1098 ungi.
591 1059 702 1088 Nonne
725 1058 787 1087 iste
813 1058 880 1094 est,
897 1066 994 1096 quem

290 1106 386 1136 unxit
410 1106 497 1135 Deus
519 1113 596 1135 suus
609 1105 680 1134 oleo
697 1103 820 1134 laetitiae
839 1112 905 1141 proe
921 1111 994 1133 con-

291 1152 430 1182 sortibus
442 1150 526 1181 suis?
536 1150 627 1181 Beati
641 1149 732 1180 eritis
741 1157 797 1179 vos
807 1170 816 1186 ,
828 1149 854 1179 si
865 1149 994 1187 gloriari

290 1197 463 1235 potueritis
482 1196 702 1233 revertentes,
719 1195 753 1225 et
774 1195 883 1225 dicere
895 1216 904 1233 ,
919 1195 995 1233 quia

291 1244 325 1273 ‹le
338 1244 521 1281 plenitudine
529 1243 592 1280 ejus
603 1243 631 1272 et
642 1251 698 1271 ‘nos
710 1242 891 1280 accepimus.
904 1241 994 1270 Enim

292 1296 369 1317 vero
385 1288 505 1318 factum
523 1289 571 1317 est
586 1287 643 1316 ita.
659 1288 737 1316 Nam
759 1295 874 1316 revera
889 1287 996 1316 unctae

291 1333 456 1371 remeant,
465 1342 536 1372 quae
545 1334 689 1362 uncturae
696 1332 867 1361 venerant.
877 1332 995 1369 Quidni

294 1382 401 1410 unctae
416 1381 482 1410 tam
511 1380 584 1409 laeto
606 1378 721 1408 nuntio
746 1386 839 1408 novae
860 1378 997 1408 odorife-

293 1434 403 1464 raeque
437 1423 707 1455 resurrectionis?
737 1425 838 1463 Quam
874 1425 999 1461 speciosi

293 1473 379 1511 pedes
409 1472 682 1509 cranqelizantium
696 1479 823 1508 pacem,
847 1472 998 1508 evanqeli-

294 1519 435 1549 :antium
461 1516 557 1546 bona!
580 1515 683 1545 Missae
709 1516 748 1545 ab
772 1516 893 1552 Angelo
918 1524 998 1552 opus

294 1563 416 1593 faciunt
431 1561 641 1598 Evangelistae
657 1569 665 1590 ε
683 1560 840 1598 sactaeque
848 1562 998 1598 apostolae

294 1608 536 1646 Apostolorum,
552 1606 630 1635 dum
651 1605 858 1635 festinant—ad
874 1614 999 1636 annun-

293 1654 440 1685 tiandum
457 1660 552 1681 mane
567 1651 824 1681 misericordiam
846 1651 976 1680 Domini
989 1673 998 1689 ,

295 1699 410 1729 dicunt
425 1707 433 1727 t
450 1699 486 1727 In
501 1697 598 1727 odore
613 1697 852 1734 unguentorum
868 1697 998 1726 tuorum

294 1744 468 1775 currimus.
507 1742 632 1771 extunc
669 1749 744 1779 crgo
774 1742 810 1771 et
845 1741 999 1780 deinceps

295 1790 413 1819 frustra
428 1789 464 1818 in
478 1788 599 1818 lectulo
614 1787 769 1825 quaesitus
780 1787 829 1817 est
844 1795 997 1825 sponsus:

295 1836 371 1875 quia
388 1834 448 1865 etsi
475 1834 668 1872 cognoverat
691 1841 765 1862 eum
789 1833 932 1863 Ecclesia
948 1841 1000 1863 se—

296 1882 436 1911 cundum
452 1888 600 1918 carnem,
618 1879 652 1909 id
668 1879 716 1909 est
736 1879 915 1909 secundum
929 1887 1000 1909 car·

296 1928 348 1957 nis
374 1926 615 1963 infirmitatem,
641 1925 699 1955 scd
733 1933 820 1955 nunc
839 1924 906 1962 jam
932 1933 999 1955 non

295 1973 398 2002 novit.
413 1971 561 2008 Denique
574 1970 727 2008 quaesitus
737 1972 784 2000 est
796 1969 999 2008 postmodum

295 2027 313 2048 a
339 2019 434 2048 Petro
456 2016 490 2046 et
516 2016 663 2046 Johanne
690 2015 869 2046 identidem
893 2017 927 2046 in
949 2024 1000 2047 se-

298 2065 407 2101 pulcro
419 2085 427 2101 ,
443 2062 499 2093 sed
515 2062 650 2091 minime
665 2062 831 2092 inventus.
846 2062 928 2092 Vide
944 2063 998 2100 tu,

298 2112 446 2140 utrumne
468 2110 542 2146 apte
559 2107 592 2138 et
614 2107 840 2145 competenter
862 2107 998 2146 quisque

297 2155 412 2184 horum
424 2155 501 2183 tunc
527 2153 636 2183 (licere
652 2153 796 2191 quiverit
812 2161 820 2181 :
836 2154 874 2183 In
893 2154 999 2184 lectulo

296 2208 363 2228 meo
383 2200 506 2237 quaesivz·
533 2208 623 2238 quem
651 2199 746 2237 diliqit
776 2199 883 2228 anima
912 2208 998 2238 mea,·

298 2245 439 2283 quoesivi,
465 2246 492 2274 et
511 2253 574 2274 non
590 2246 702 2275 inveni.
722 2244 844 2282 Nempe
861 2244 946 2274 itura
961 2245 999 2274 ad

297 2289 424 2318 Patrem
450 2297 522 2318 caro
537 2298 608 2327 quae
638 2298 703 2320 non
725 2290 794 2320 erat
818 2297 860 2320 ex
885 2291 997 2327 Patre,

297 2335 387 2373 prius
409 2342 468 2372 per
483 2335 617 2371 gloriam
638 2335 889 2365 resurrectionis
904 2344 999 2366 omne

298 2380 462 2410 infirmum
487 2387 522 2409 sc
543 2380 655 2418 exuit,
676 2381 818 2412 accinxit
834 2382 999 2421 potentia,

298 2425 405 2455 induit
432 2424 556 2454 lumine
593 2425 676 2455 sicut
703 2427 898 2457 vestimento
927 2436 936 2456 τ
965 2427 1000 2458 in

298 2471 388 2509 quali
409 2470 563 2500 nimirum
588 2471 689 2509 gloria
705 2472 739 2501 et
761 2473 875 2502 ornatu
891 2473 1001 2505 decuit

299 2525 371 2546 eam
385 2516 529 2554 paternis
541 2516 724 2554 aspectibus
737 2519 937 2555 praesentari.

339 2563 370 2592 9.
386 2562 499 2592 Pulcre
519 2569 597 2592 vero
613 2569 728 2599 sponsa
738 2583 747 2599 ,
762 2569 827 2591 non
842 2571 939 2600 quem
953 2563 1001 2593 di-

299 2606 364 2645 ligo
387 2615 462 2645 ego,
481 2606 540 2637 sed
554 2615 642 2646 quem
669 2607 766 2645 dilz'qit
791 2607 897 2637 anima
910 2616 1000 2647 mea,

300 2652 406 2690 inquit
422 2661 430 2680 τ
447 2652 532 2690 quod
546 2660 624 2682 vere
645 2652 677 2682 et
692 2653 822 2690 proprie
840 2652 875 2680 ml
899 2653 999 2682 ,colam

761 235 792 262 S.
811 227 1058 262 BERNARDI
1086 233 1287 260 ABBATIS

1029 284 1193 323 pertineat
1205 285 1347 317 animam
1359 286 1414 317 illa
1430 285 1563 318 dilectio
1573 308 1582 325 ,
1594 294 1657 325 qua
1673 285 1733 318 ali—

1029 330 1108 368 quid
1125 330 1339 370 spiritualiter
1354 332 1481 370 diligit,
1504 332 1597 363 verbi
1613 333 1712 370 gratia
1723 354 1734 371 ,

1029 377 1134 406 Deum
1145 398 1153 414 ,
1179 377 1335 413 Angelum
1346 399 1355 415 ,
1381 379 1532 408 animam.
1557 378 1620 407 Sed
1634 378 1667 408 ct
1683 378 1734 408 di-

1030 422 1129 460 ligere
1140 422 1301 459 justitiam
1313 445 1322 460 ,
1342 423 1534 462 veritatem,
1555 423 1734 462 pietatem,

1030 468 1223 506 sapientiam
1235 489 1243 505 ,
1256 467 1458 506 virtutesque
1467 470 1545 499 alias
1555 491 1564 507 ,
1574 469 1734 505 ejusmodi

1030 513 1088 542 est.
1114 513 1192 542 Nam
1208 521 1282 542 cum
1304 513 1481 543 secundum
1497 523 1626 544 carnem
1638 514 1735 552 quip-

1029 557 1114 594 piam
1130 558 1257 596 diligit,
1272 559 1326 588 vel
1341 559 1449 597 potius
1465 560 1589 596 appetit
1605 559 1711 589 anima
1723 581 1734 597 ,

1028 603 1116 631 verbi
1137 603 1239 640 gratia
1255 603 1363 632 cibum
1374 625 1383 640 ,
1402 604 1637 634 vestimentum
1648 625 1657 641 ,
1675 604 1734 633 do-

1028 648 1184 686 minium3
1201 647 1233 677 et
1248 657 1321 686 quae
1336 649 1518 679 istiusmodi
1534 649 1608 678 sunt
1623 656 1734 687 corpo-

1027 692 1108 721 ralia
1119 693 1189 722 sive
1205 693 1334 722 terrena
1345 715 1354 731 ‚
1370 694 1475 723 carnis
1491 693 1599 731 potius
1610 715 1619 730 ,
1635 702 1732 732 quam

1027 737 1144 767 animae
1173 746 1263 768 amor
1278 738 1435 768 dicendus
1457 740 1517 769 est.
1538 740 1576 768 Et
1591 739 1650 769 hoc
1674 748 1733 777 pro

1027 790 1065 812 eo
1076 784 1161 820 quod
1173 792 1287 822 sponsa
1308 784 1416 814 minus
1432 784 1568 822 usitate,
1592 784 1649 814 sed
1667 793 1733 816 non

1028 829 1134 859 minus
1148 830 1278 868 proprie
1291 851 1300 867 ,
1317 830 1457 859 animam
1472 839 1564 860 suam
1579 839 1732 869 sponsum

1027 874 1161 911 diligere
1177 875 1274 913 dicit,
1297 876 1479 906 monstrans
1504 875 1640 914 proinde
1665 876 1735 915 spi-

1028 918 1127 948 ritum
1153 928 1221 950 esse
1249 929 1418 959 sponsum,
1435 922 1468 951 et
1490 929 1507 951 a
1522 930 1556 952 se
1577 930 1642 951 non
1664 930 1734 952 car-

1028 964 1114 1001 nali,
1143 965 1201 994 sed
1233 965 1395 1003 spirituali
1423 973 1532 996 amore
1561 967 1666 1005 diligi.
1695 968 1734 997 Et

1029 1009 1113 1039 bene
1136 1019 1191 1048 per
1214 1012 1314 1041 noctes
1341 1019 1376 1040 se
1403 1012 1555 1049 quaesisse
1578 1021 1652 1042 eum
1674 1013 1731 1043 ait.

1028 1056 1106 1085 Nam
1132 1056 1158 1085 si
1186 1056 1280 1094 juxta
1302 1057 1458 1095 Paulum,
1481 1059 1534 1096 qui
1557 1059 1733 1096 dormiunt,

1029 1103 1114 1131 nocte
1137 1103 1313 1141 dormiunt,-
1328 1105 1357 1133 et
1379 1105 1433 1142 qui
1448 1104 1526 1134 ebrii
1543 1106 1632 1141 sunt,
1646 1107 1734 1135 nocte

1029 1147 1106 1177 ebrii
1117 1150 1189 1178 sant
1204 1158 1214 1177 .·
1231 1148 1275 1178 ita
1290 1157 1353 1178 non
1370 1149 1508 1179 absurde
1522 1149 1534 1189 (
1547 1151 1584 1180 ut
1597 1150 1733 1189 opinor)

1030 1192 1094 1222 dici
1121 1194 1246 1231 potest,
1268 1194 1355 1232 quod
1375 1195 1429 1232 qui
1454 1195 1621 1233 ignorant,
1637 1197 1734 1226 nocte

1031 1237 1195 1276 ignorant3
1206 1247 1241 1268 ac
1250 1248 1310 1277 per
1322 1240 1382 1270 hoc
1398 1241 1453 1278 qui
1468 1242 1628 1279 quaerunt,
1641 1242 1735 1272 nocte

1030 1285 1189 1321 quaerunt.
1204 1285 1283 1321 Quis
1307 1286 1395 1315 enim
1409 1288 1549 1325 quaerat,
1569 1287 1655 1325 qu'od
1675 1296 1734 1326 pa-

1032 1330 1094 1359 lam
1108 1331 1226 1361 habet?
1235 1332 1330 1362 Porro
1343 1332 1412 1362 dies
1424 1333 1529 1370 palam
1542 1333 1619 1363 facit
1628 1355 1637 1371 ,
1650 1333 1735 1372 quod

1031 1383 1095 1405 nox
1111 1376 1295 1414 abscondit,
1311 1378 1346 1407 ut
1362 1378 1504 1416 reperias
1519 1378 1552 1408 in
1568 1379 1620 1408 die
1631 1379 1734 1418 ,quod

1033 1422 1065 1451 in
1081 1423 1175 1453 nocte
1196 1423 1381 1461 quaesieras.
1405 1424 1474 1453 Nox
1489 1425 1538 1453 est
1554 1424 1662 1463 itaque
1678 1425 1736 1455 do-

1032 1475 1092 1497 nec
1104 1468 1260 1505 quaeritur
1275 1468 1415 1506 Sponsus
1428 1477 1436 1498 ε
1454 1469 1609 1507 quoniam
1623 1470 1649 1500 si
1666 1470 1737 1500 dies

1033 1514 1136 1550 esset,
1152 1513 1192 1542 de
1205 1514 1313 1543 medio
1325 1514 1419 1544 fieret
1429 1536 1438 1552 ,
1455 1516 1487 1544 et
1499 1515 1633 1553 minime
1648 1525 1735 1554 quae-

1032 1559 1170 1587 reretur.
1187 1560 1224 1588 Et
1239 1559 1279 1588 de
1295 1559 1355 1588 hoc
1379 1559 1476 1589 satis:
1491 1560 1555 1589 nisi
1578 1560 1660 1590 forte
1677 1569 1737 1590 nu-

1033 1604 1200 1633 merositas
1224 1604 1294 1634 haec
1311 1605 1459 1634 noctium
1489 1606 1612 1644 aliquid
1628 1607 1734 1637 adhuc

1032 1649 1242 1686 quaerendum
1259 1650 1384 1688 signet,
1400 1651 1475 1688 quia
1500 1659 1564 1680 non
1586 1653 1733 1690 noctem,

1033 1693 1089 1723 sed
1105 1695 1217 1724 noctes
1232 1695 1352 1731 posuit.

1074 1739 1124 1769 10.
1141 1740 1179 1769 Et
1193 1740 1274 1769 mihi
1284 1740 1433 1778 videtur,
1450 1741 1477 1771 si
1489 1741 1525 1771 tu
1539 1742 1657 1772 melius
1671 1751 1735 1773 non

1034 1785 1152 1823 habes,
1178 1785 1252 1816 talis
1277 1794 1369 1823 posse
1395 1787 1477 1817 ratio
1503 1788 1608 1818 reddi.
1633 1789 1737 1820 Habet

1034 1831 1172 1861 mundus
1184 1831 1244 1862 iste
1257 1832 1366 1862 noctes
1378 1841 1463 1869 suas,
1481 1833 1514 1863 et
1528 1841 1593 1863 non
1605 1842 1735 1872 paucas.

1034 1877 1117 1914 Quid
1132 1877 1220 1915 dico,
1236 1878 1313 1915 quia
1328 1879 1439 1908 noctes
1455 1879 1556 1909 habet
1579 1881 1735 1918 mundus,

1035 1931 1108 1952 cum
1132 1931 1218 1961 pene
1243 1924 1329 1953 totus
1344 1923 1414 1962 ipse
1439 1925 1481 1954 sit
1500 1933 1584 1963 nox,
1604 1927 1638 1955 et
1652 1926 1737 1957 totus

1034 1976 1162 2007 semper
1176 1971 1327 1999 versetur
1351 1969 1386 1999 in
1409 1970 1576 2000 tenebris?
1596 1971 1666 2001 Nox
1689 1974 1737 2002 est

1033 2015 1166 2044 Judaica
1181 2015 1335 2053 pertidia,
1352 2023 1419 2044 nox
1438 2015 1619 2054 ignorantia
1639 2024 1742 2056 pag-a-

1034 2068 1166 2099 norum,
1201 2068 1266 2090 nox
1292 2060 1446 2091 haeretica
1481 2062 1642 2099 pravitas,
1671 2071 1737 2093 nox

1035 2107 1132 2136 etiam
1145 2106 1376 2136 catholicorum
1386 2107 1534 2145 carnalis,
1547 2107 1737 2138 animalisve

1035 2153 1246 2182 conversatio.
1263 2153 1376 2182 Annon
1402 2161 1487 2190 nox,
1502 2153 1560 2183 ubi
1581 2161 1646 2182 non
1661 2162 1737 2191 per·

1035 2198 1200 2236 clpiuntur
1211 2205 1248 2227 ea
1259 2206 1330 2235 quae
1341 2200 1417 2228 sunt
1430 2198 1569 2236 Spiritus
1580 2198 1640 2227 Dei
1650 2197 1662 2227 ἓ
1673 2198 1736 2229 Sed

1035 2245 1068 2274 et
1082 2244 1167 2282 apud
1180 2243 1347 2273 haereticos
1358 2245 1411 2274 vel
1426 2243 1648 2274 schismaticos
1658 2246 1738 2282 quot

1035 2290 1129 2319 sectae
1138 2289 1206 2326 ,tot
1218 2289 1340 2318 noctes.
1355 2289 1483 2319 Frustra
1492 2289 1616 2327 perhas
1624 2290 1737 2320 noctes

1036 2335 1167 2370 iustitiae
1187 2335 1288 2364 solem
1312 2335 1345 2364 et
1362 2335 1473 2364 lumen
1488 2334 1632 2373 quaeritis
1647 2334 1738 2364 veri-

1036 2381 1127 2419 tatis,
1152 2380 1186 2410 id
1210 2381 1258 2410 est
1282 2388 1434 2418 sponsum
1451 2389 1459 2409 :
1476 2380 1553 2418 quia
1573 2380 1663 2409 nulla
1684 2388 1736 2410 so-

1035 2428 1134 2458 cietas
1143 2426 1208 2456 luci
1221 2426 1261 2456 ad
1275 2427 1437 2456 tenebras.
1449 2426 1510 2456 Sed
1525 2425 1605 2456 dicit
1618 2426 1736 2464 aliquis

1035 2473 1121 2512 quod
1144 2480 1210 2503 non
1234 2472 1278 2502 sit
1298 2473 1365 2501 tam
1390 2473 1505 2510 stulta,
1527 2474 1635 2502 tamve
1651 2480 1733 2501 caeca

1036 2526 1166 2557 sponsa,
1191 2518 1228 2548 ut
1250 2518 1373 2556 quaerat
1397 2518 1508 2547 lumen
1521 2516 1555 2546 in
1565 2516 1731 2550 tenebris,

1036 2564 1158 2601 quaerat
1180 2563 1335 2592 dilectum
1360 2561 1446 2600 apud
1468 2561 1675 2600 ignorantes,
1702 2562 1736 2591 et

1036 2609 1090 2647 qui
1105 2617 1169 2638 non
1177 2608 1316 2646 diligunt
1330 2616 1417 2637 eum.
1432 2607 1528 2644 Quasi
1542 2613 1618 2636 vero
1631 2613 1665 2635 se
1676 2613 1732 2643 per

1035 2655 1146 2683 noctes
1175 2661 1261 2683 nunc
1289 2661 1433 2692 quaerere
1464 2652 1549 2682 dicat
1565 2673 1574 2689 ,
1607 2650 1640 2681 et
1670 2659 1732 2680 nou
