1846 3078
253 236 313 268 l150

252 291 305 320 nia
330 290 471 332 faceret,
486 302 548 325 nec
572 303 590 325 a
613 294 732 326 ducatu
754 296 950 327 obedientiae

249 336 283 365 in
298 337 406 375 aliquo
421 338 613 370 declinaret.
632 341 783 378 Quintam
799 341 886 378 apud
900 341 952 371 In-

249 382 436 423 tellectum,
450 384 488 414 ut
511 393 576 415 non
588 386 657 424 J‘am
672 386 806 416 consilio
821 387 948 416 tantum

248 427 435 467 hominum,
448 430 504 460 sed
516 430 586 469 ipse
605 431 672 468 jam
688 431 875 469 intelligere
896 432 949 462 in—

248 473 391 513 ciperet,
405 484 476 514 quae
491 477 692 506 sitvoluntas
702 476 835 507 Domini
850 477 946 516 hona,

245 519 464 559 beneplacens
491 523 525 552 et
552 521 712 560 perfecta.
739 522 787 552 Ad
818 524 945 554 sextam

244 566 447 596 mansionem
465 567 619 605 pervenit
632 567 728 598 miles
748 568 867 599 Christi
889 570 946 600 Sa-

242 609 394 647 pientiae,
418 611 600 648 hospitibus
635 612 702 642 suis
728 620 804 642 eum
832 622 944 651 prose-

242 656 434 693 quentibus,
453 664 513 686 nec
532 657 596 686 iter
611 657 682 694 ejus
697 659 942 699 deserentibus,

239 701 349 738 utjam
364 702 393 731 ei
404 702 529 739 sapiant
540 703 622 732 bona
630 704 771 742 Domini,
781 706 812 735 et
824 707 942 737 exinde

241 755 312 775 cum
339 748 445 782 Moyse
459 770 467 783 ,
488 748 581 777 velut
606 749 645 777 dc
662 752 771 779 monte
790 752 940 790 Abarim,

237 791 503 828 repromissiones
535 793 595 822 Dei
627 794 764 832 incipiat
795 797 941 826 contem-

236 836 330 874 plari.
355 838 391 867 Et
407 837 563 875 hincjam
585 840 778 876 pervcnitur
798 841 832 871 in
847 843 940 872 Jeru-

236 883 335 912 salem
346 905 355 921 ,
371 883 404 913 in
424 893 558 922 regnum
575 887 608 916 et
623 886 793 916 civitatem
815 888 938 927 David,

236 929 270 957 in
293 929 452 959 visionem
475 931 588 968 pacis:
617 932 672 961 ubi
699 932 787 963 beati
811 934 937 971 pacifici

234 974 293 1003 filii
318 976 378 1004 Dei
405 976 543 1006 interius
558 978 591 1008 et
616 979 764 1008 exterius
788 980 956 1010 omnibus.

233 1020 412 1057 pacificatis
441 1022 597 1061 ingressi,
624 1024 778 1061 gaudium
807 1026 936 1056 Domini

232 1066 284 1095 sui
304 1067 489 1102 celebrant,
512 1070 682 1101 sabbatum
709 1065 935 1111 sabbatorum,

232 1119 340 1142 amen.

388 1207 664 1242 PARABOLA
703 1210 775 1243 IV.

403 1284 444 1309 De
462 1285 574 1311 Christo
586 1288 612 1310 et
627 1286 754 1312 Ecclesia.

228 1347 300 1372 Inter
312 1348 400 1379 spuria
412 1348 491 1372 locum
508 1347 579 1373 habet
594 1350 621 1372 in
639 1351 752 1381 antiquis
763 1351 914 1376 editionibus
925 1371 930 1379 ,

481 1386 519 1408 uti
531 1388 554 1408 et
564 1392 676 1416 sequens.

267 1439 298 1469 1.
315 1439 435 1470 summ
450 1442 492 1471 est
506 1450 636 1479 reqnum
652 1443 797 1474 coelorum
813 1444 930 1477 homini

225 1486 311 1524 reqi,
329 1488 381 1525 qni
395 1487 466 1524 fecit
489 1488 613 1524 nuptias
625 1487 688 1524 filio
703 1498 770 1518 suo.
787 1490 929 1529 Cumque

225 1530 295 1562 dies
310 1531 445 1562 instaret
459 1532 646 1570 nuptiarum
658 1555 667 1570 ,
684 1536 849 1565 consuluit
869 1538 926 1567 Pa-

223 1578 275 1608 ter
290 1578 407 1608 Filium
418 1600 427 1615 ,
443 1586 540 1616 quam
552 1578 654 1609 vellet
668 1579 800 1614 ducere.
817 1583 876 1612 Ille
893 1592 927 1614 se

224 1623 360 1661 elegisse
386 1624 419 1653 ct
444 1624 650 1661 praeelegisse
678 1626 855 1656 Ecclesiam
878 1637 928 1658 re·

222 1669 515 1707 sponditasaeculo.
525 1670 565 1699 At
576 1670 671 1707 pater
683 1679 691 1699 τ
705 1671 769 1701 Sed
785 1673 926 1712 captiva,

223 1713 348 1752 inquit,
362 1713 503 1751 tenetur,
513 1714 547 1743 in
561 1715 695 1753 AEgypto
709 1724 718 1744 τ
735 1716 846 1755 ibique
858 1727 926 1748 ser-

220 1759 310 1790 vitiu
322 1760 390 1790 luto
400 1761 432 1790 et
443 1760 559 1798 latere,
572 1761 770 1792 venumdata
778 1764 836 1793 sub
849 1773 926 1803 pec-

220 1806 303 1836 cato.
321 1805 509 1836 Induratum
522 1807 570 1836 est
583 1814 637 1836 cor
648 1807 822 1838 Pharaonis
829 1818 926 1848 super

220 1859 304 1890 eam,
319 1852 530 1891 etaggravata
545 1860 661 1883 manus
675 1861 683 1882 :
701 1861 762 1883 nec
780 1854 925 1888 dimittet

219 1905 290 1927 cam
303 1897 366 1928 nisi
383 1906 479 1927 manu
495 1897 581 1928 forti.
599 1899 638 1928 Et
659 1907 735 1937 ego,
752 1899 859 1938 inquit
872 1903 925 1932 Fi-

218 1943 300 1981 lius,
316 1952 432 1973 manus
446 1945 502 1973 tua
528 1945 560 1973 et
576 1944 746 1974 brachium
760 1945 924 1978 fortitudi-

216 1990 267 2020 nis
281 1989 674 2028 tuae,intraboAEgyptum
690 1990 723 2020 in
737 1999 834 2023 manu
847 1993 921 2024 forti

216 2035 249 2066 ct
260 2035 394 2065 brachio
411 2037 545 2065 extento
556 2058 565 2074 ,
577 2037 610 2065 et
625 2036 771 2066 liberabo
787 2046 871 2069 eam.
884 2041 922 2070 Et

216 2081 252 2112 ut
267 2082 431 2112 obstruam
453 2089 488 2112 os
513 2082 718 2120 loquentium
743 2083 872 2123 iniqua,
888 2087 921 2117 et

214 2127 373 2157 redimam
394 2136 466 2157 eam
490 2135 508 2157 a
532 2128 704 2158 calumniis
728 2129 918 2170 hominum,

214 2173 395 2211 appendam
409 2173 444 2202 in
460 2173 579 2203 statera
589 2172 684 2211 juxta
695 2175 841 2212 pretium
855 2185 919 2215 quo

213 2219 410 2248 venumdata
435 2220 486 2249 est
509 2219 568 2249 sub
591 2221 745 2258 peccato,
769 2222 920 2253 volunta-

212 2266 279 2295 tem
296 2264 422 2294 scilicet
443 2265 587 2303 peccati3
606 2266 639 2295 et
665 2273 683 2295 e
712 2268 823 2297 contra
838 2277 916 2306 pre-

212 2309 295 2340 tium
311 2309 477 2348 sanguinis
496 2311 562 2340 mei
579 2318 588 2339 :
606 2311 639 2341 et
660 2311 916 2344 invenieturiila

212 2355 324 2386 minus
345 2355 488 2393 habenS,
504 2357 537 2386 et
559 2358 737 2395 perveniet
751 2359 792 2389 ad
812 2359 917 2391 victo-

211 2402 294 2432 riam
306 2401 465 2439 Judicium
479 2410 600 2432 meum.
618 2404 656 2433 At
667 2404 763 2435 Pater
778 2414 787 2435 :
803 2407 914 2446 Plane,

209 2447 335 2486 inquit,
348 2446 539 2485 perveniet:
555 2448 610 2477 sed
625 2449 680 2478 lex
696 2450 745 2480 est
759 2451 914 2491 conjugii,

211 2501 335 2531 sponsae
349 2492 519 2531 requirere
548 2500 726 2525 assensum.
755 2497 915 2535 Require-

210 2541 276 2577 tur,
293 2538 646 2578 inquit.1nveniDavid
660 2548 789 2571 servum
804 2551 913 2574 meum

210 2585 318 2615 virum
343 2584 523 2615 secundum
548 2593 604 2616 cor
634 2593 757 2616 meum.
789 2588 914 2620 Mittam

211 2638 286 2660 eum
303 2638 377 2661 cum
392 2631 516 2661 cithara
528 2653 539 2670 ,
558 2630 595 2661 ut
621 2631 774 2670 loquatur
796 2633 837 2662 ad
859 2642 914 2664 cor

211 2676 304 2716 ejus,
331 2677 363 2707 ct
390 2676 526 2709 advocet
553 2684 646 2716 eam,
675 2677 708 2707 ct
730 2669 935 2710 demulceat!

715 246 746 274 S.
770 247 1003 275 BERNARDI
1023 247 1221 279 ABBATIS

985 298 1111 331 animos
1121 302 1194 339 ejus
1202 324 1212 343 ,
1227 303 1262 333 in
1276 305 1345 336 luto
1358 307 1431 345 AEgy
1435 308 1483 346 pti
1498 312 1640 342 assuetos
1651 311 1684 342 et

983 344 1192 380 putrefactos.
1231 349 1344 380 Missus
1384 352 1489 383 David
1516 355 1684 394 AEgyptum

983 387 1183 439 ingreditur3
1197 393 1230 423 et
1244 397 1459 434 praeparatum
1473 399 1598 431 habens
1613 402 1686 432 dul-

983 434 1150 466 cissimum
1163 439 1366 477 epithalamii
1391 444 1553 475 canticum
1565 467 1575 484 ‚
1592 455 1684 477 eruc-

980 478 1063 511 tavit
1077 482 1118 513 de
1134 484 1230 515 corde
1246 494 1303 516 suo
1318 486 1379 517 hoc
1393 490 1531 520 verbum
1543 492 1683 522 bonum:

979 524 1063 556 Audi
1073 527 1151 565 filia,
1167 532 1195 560 et
1209 532 1286 568 vide,
1296 534 1324 562 et
1337 533 1452 564 inclina
1461 544 1568 566 aurem
1582 539 1682 576 litant,

978 572 1007 600 et
1021 572 1192 606 obliviscere
1209 578 1356 615 populum
1378 581 1481 617 tuum,
1503 583 1532 611 et
1558 583 1682 613 domum

974 619 1075 653 patris
1103 622 1167 660 tui'3
1189 624 1218 652 et
1247 626 1435 662 concupiscet
1462 635 1520 656 rex·
1544 628 1682 657 decorem

978 664 1064 693 tuum
1075 686 1086 702 ,
1104 669 1252 704 quoniam
1282 671 1342 707 ipse
1357 673 1399 701 cst
1423 673 1574 703 Dominus
1598 675 1682 705 Deus

977 710 1058 740 tuus.
1084 712 1199 743 Jussus
1235 715 1335 744 etiam
1369 717 1465 747 Isaias
1495 726 1512 747 e
1542 719 1680 756 vestigio

975 754 1202 795 subsequitur,
1219 759 1399 799 vidensque
1415 763 1504 792 illam
1518 765 1552 793 in
1564 765 1680 795 vincu-

976 799 1014 828 lis
1029 802 1246 842 caplivitatis,
1264 807 1418 846 Consurqe
1430 829 1440 844 ‚
1457 808 1586 847 inquit,
1608 819 1680 840 con-

972 855 1062 885 sui-qe
1072 869 1082 884 ,
1105 850 1230 880 induere
1245 852 1455 889 fortitudinem
1473 854 1591 885 brachii
1611 858 1678 886 Do-

974 893 1060 921 mini.
1074 894 1214 931 Elevare,
1230 897 1364 933 elevare,
1380 902 1677 937 consurqe,.lernsa-

972 937 1048 974 lem,
1063 939 1141 969 solve
1156 941 1280 971 vincula
1304 944 1373 973 colli
1393 945 1457 981 tui,
1478 947 1597 983 captiva
1609 947 1676 984 filia

972 984 1056 1013 Sion.

1010 1024 1040 1054 Ξ.
1051 1026 1193 1066 Cumque
1206 1030 1305 1060 etlam
1322 1032 1377 1061 alii
1389 1032 1484 1063 multi
1500 1032 1674 1063 intrassent

971 1070 1162 1104 patriarchae
1179 1076 1212 1105 et
1226 1077 1415 1115 Prophetae,
1432 1086 1545 1108 omnes
1558 1077 1672 1107 eadem

971 1118 1158 1150 nuntiantes
1170 1143 1179 1158 ,
1196 1122 1327 1152 tandem
1354 1124 1528 1162 aliquando
1550 1123 1672 1153 intelli-

969 1171 1047 1200 gens
1069 1164 1125 1195 illa
1148 1168 1283 1204 gratiam
1310 1169 1392 1206 Dei,
1409 1177 1608 1208 surgensque
1631 1168 1672 1198 de

967 1210 1121 1248 pulvere,
1138 1212 1223 1243 dixit
1239 1223 1247 1243 :
1263 1216 1452 1246 Recordatus
1466 1225 1497 1246 es
1509 1216 1585 1251 mei,
1608 1217 1672 1246 Do-

966 1257 1047 1287 mine
1058 1259 1141 1289 Dens
1154 1268 1250 1290 meus.
1266 1261 1430 1298 Miseret-is,
1447 1262 1533 1301 cujus
1547 1263 1673 1293 iitisere-

967 1304 1027 1341 rz‘s3
1044 1305 1071 1334 ct
1086 1306 1329 1336 misericordiam
1346 1309 1475 1345 proestas
1482 1329 1493 1344 ‚
1509 1308 1595 1346 cujus
1609 1309 1670 1338 nii-

965 1351 1062 1379 serlus
1081 1351 1152 1380 eris.
1171 1352 1210 1380 Et
1225 1352 1425 1390 subsequens
1439 1353 1524 1390 quod
1540 1352 1670 1390 sapiens

966 1394 1020 1424 illa
1031 1395 1155 1433 Abigail
1172 1404 1180 1425 ε
1199 1398 1289 1436 Quis,
1305 1397 1431 1436 inquit,
1445 1407 1492 1428 me
1501 1399 1548 1428 det
1564 1399 1595 1427 in
1611 1407 1670 1429 an-

964 1442 1065 1471 sillam
1086 1451 1242 1473 servorum
1268 1445 1386 1473 domini
1409 1446 1470 1474 mei
1480 1465 1490 1480 ,
1515 1446 1548 1474 ut
1571 1445 1668 1475 lavem

962 1487 1048 1523 pedes
1061 1496 1218 1518 servornm
1234 1489 1352 1518 domini
1364 1490 1425 1518 mci
1435 1488 1447 1518 ἒ
1459 1489 1596 1527 Moxque
1609 1497 1667 1518 ex—

962 1541 1111 1570 surgens,
1138 1534 1223 1563 sicut
1245 1534 1313 1572 ipsa
1347 1534 1472 1571 Abigail
1483 1556 1492 1572 ,
1520 1535 1666 1565 ascendit

961 1587 1061 1616 super
1076 1580 1213 1617 asinam,
1230 1579 1264 1609 id
1280 1581 1339 1617 est,
1357 1580 1503 1610 subdidit
1518 1580 1579 1610 sibi
1596 1588 1666 1610 car-

962 1632 1035 1654 nem
1051 1633 1141 1655 suam
1154 1647 1163 1663 ,
1185 1626 1218 1655 et
1239 1627 1351 1655 secuta
1366 1627 1415 1656 est
1429 1634 1539 1656 servos
1554 1626 1664 1664 Regis.

961 1670 1107 1700 Occurrit
1128 1679 1266 1708 sponsus
1293 1671 1431 1701 festivus
1461 1672 1494 1701 et
1519 1671 1632 1702 hilaris
1654 1680 1664 1702 t

960 1718 1138 1755 tenensque
1155 1725 1286 1747 manum
1300 1717 1469 1747 dexteram
1486 1717 1569 1754 ejus,
1584 1717 1618 1747 et
1630 1718 1664 1748 in

960 1763 1127 1793 voluntate
1154 1771 1211 1793 sua
1237 1763 1401 1793 deducens
1423 1771 1514 1801 eam,
1536 1763 1569 1793 et
1591 1771 1663 1793 cum

959 1809 1059 1846 gloria
1087 1809 1269 1848 suscipiens
1295 1817 1366 1839 eam
1377 1831 1386 1847 ,
1418 1809 1600 1839 introduxit
1628 1809 1662 1840 in

959 1855 1125 1885 civitatem
1150 1855 1245 1894 regni
1267 1855 1340 1893 sui,
1358 1856 1392 1885 et
1416 1854 1450 1884 in
1473 1854 1661 1885 cubiculum

957 1901 1125 1938 genitricis
1147 1909 1226 1931 suae.
1252 1901 1291 1930 Et
1312 1901 1347 1930 in
1370 1901 1491 1931 lectulo
1515 1900 1662 1930 caritatis

956 1956 1022 1977 suae
1037 1955 1108 1977 eam
1124 1948 1295 1985 collocans,
1312 1948 1346 1977 et
1359 1947 1471 1986 gratiae
1485 1955 1551 1977 suae
1568 1954 1663 1976 orna-

956 1994 1076 2024 mentis
1104 2002 1177 2023 eam
1211 1993 1429 2023 condecorans
1443 2014 1452 2031 ,
1478 1993 1660 2031 laevamque

955 2046 1046 2067 suam
1062 2038 1120 2068 sub
1131 2038 1236 2076 capite
1249 2038 1461 2076 ejusponens,
1476 2038 1509 2068 et
1522 2038 1659 2068 dextera

955 2092 1010 2113 sua
1022 2092 1094 2113 eam
1109 2084 1317 2122 amplexans:
1331 2083 1451 2122 Adjuro
1466 2083 1659 2122 vos‚inquit‚

952 2130 1022 2166 filioe
1043 2131 1216 2160 Jerusalem
1232 2151 1242 2167 ,
1256 2131 1292 2160 ut
1307 2138 1370 2159 non
1383 2130 1547 2167 suscitetis,
1560 2137 1660 2168 neque

954 2176 1093 2213 eviqilare
1121 2177 1245 2214 faciatis
1271 2176 1434 2213 dilectam,
1459 2176 1553 2205 donec
1589 2177 1658 2214 ipsa

953 2221 1034 2251 velit.
1050 2222 1222 2260 Posuitque
1234 2221 1403 2259 sexaginta
1416 2230 1459 2251 ex
1473 2220 1656 2251 fortissimis

953 2267 1070 2305 Israel,
1097 2268 1152 2306 qui
1168 2268 1331 2297 ambirent
1350 2267 1490 2305 lectum,
1509 2266 1550 2296 ad
1567 2266 1654 2297 bella

952 2313 1155 2343 doctissimos
1174 2322 1183 2343 z
1214 2315 1248 2344 et
1284 2313 1545 2351 uniuscujusque
1567 2313 1654 2343 ensis

951 2349 1049 2398 super
1083 2359 1190 2390 femur
1215 2367 1327 2398 suum,
1355 2359 1491 2397 propter
1520 2357 1654 2388 timores

950 2407 1135 2437 nocturnos.
1147 2406 1365 2444 Osculansque
1379 2413 1451 2435 eam
1466 2403 1574 2434 osculo
1589 2403 1653 2434 oris

951 2452 1019 2490 sui,
1036 2454 1069 2482 et
1084 2452 1271 2482 valedicens
1290 2451 1322 2482 ei
1333 2450 1462 2481 abiitin
1484 2449 1651 2487 regionem

950 2498 1162 2537 longinquam
1178 2498 1330 2536 accipere
1355 2495 1420 2527 sibi
1441 2503 1597 2533 regnum,
1617 2496 1651 2526 et

949 2543 1084 2574 reverti.
1100 2543 1329 2582 Mandavitque
1348 2542 1381 2573 ei
1401 2549 1461 2580 per
1483 2540 1564 2570 Osee
1578 2549 1651 2579 pro-

948 2590 1082 2628 phetam
1096 2597 1105 2619 ε
1121 2590 1218 2620 Multo
1233 2591 1367 2628 tempore
1386 2597 1435 2619 nze
1449 2586 1649 2626 exspectabis,

949 2638 976 2665 ct
989 2644 1051 2665 non
1067 2637 1124 2665 crit
1133 2635 1188 2666 tibi
1197 2637 1348 2673 sacerdos,
1362 2643 1417 2665 nec
1431 2632 1626 2669 sacrificium-

989 2681 1018 2710 5.
1029 2680 1124 2718 Cujus
1138 2680 1259 2712 Pharao
1276 2681 1332 2711 illc
1341 2679 1505 2720 AEgyptius
1516 2678 1648 2717 captans
