1846 3078
289 241 348 271 558

289 305 365 327 eum
393 296 588 327 interficere.
618 295 709 326 Unde
734 296 767 326 et
796 294 925 325 dicebat
949 293 989 322 ad

288 342 441 380 quosdam
457 349 467 372 z
485 344 616 381 Tempus
628 351 730 372 meum
744 341 881 370 nondum
899 340 990 369 adve-

287 389 351 424 nit,
367 389 484 426 tempus
491 390 594 418 autem
604 389 738 418 vestram
752 394 869 423 semper
881 386 923 414 est
934 393 990 422 pa—

286 435 403 463 ratum.
412 434 451 463 Et
463 441 610 463 rursum:
624 432 781 463 Ascendiee
797 439 849 460 vos
861 430 901 460 ad
912 430 990 458 diem

286 478 395 515 festum
408 478 507 515 hunc,
531 487 584 517 eqo
599 485 663 507 non
677 476 853 506 ascendam.
871 475 991 504 Ascen-

287 523 334 554 dit
357 525 468 554 tamen
487 525 599 562 postea
625 522 659 552 et
679 521 767 560 ipse,
785 529 850 550 non
864 521 989 559 palam,

285 569 343 599 sed
366 570 458 608 quasi
483 570 517 598 in
541 568 678 598 occulto.
708 567 834 596 Extunc
860 574 936 603 ergo
958 567 989 594 et

286 614 440 653 deinceps
465 621 568 652 usque
597 613 637 642 ad
656 612 832 641 adventum
853 611 990 649 Spiritus

284 660 405 697 sancti,
421 667 485 698 quo
508 659 717 688 recaluerunt
731 657 895 695 torpentia
910 656 990 686 fide-

286 705 365 734 lium
382 704 495 741 corda,
511 704 675 741 tamquam
698 703 790 741 igne,
806 711 904 741 quem
927 703 991 731 Do-

287 750 390 779 minus
413 749 454 778 ad
477 749 537 778 hoc
562 749 667 786 ipsum
690 748 778 778 misit
803 749 989 785 interram,

286 796 390 825 hiems
419 794 493 824 fuit.
523 795 613 824 Tune
646 794 818 832 negaveris
847 794 989 823 hiemem

282 841 362 869 tunc
379 840 490 877 fuisse,
505 848 579 869 cum
593 840 707 868 Petrus
722 839 850 868 sederet
862 838 901 868 ad
915 847 992 876 pru-

284 893 358 922 naS,
369 893 433 914 non
445 885 552 914 mInus
565 884 670 923 gelido
685 885 780 914 corde
790 906 798 922 ,
812 893 907 922 quam
922 892 992 914 cor-

284 929 383 968 pore?
423 930 573 969 Denique
611 932 680 960 erat
717 931 835 968 sriqus,
874 929 991 967 inquit.

282 976 433 1013 Magnum
450 983 566 1005 revera
580 975 681 1013 frigus
692 983 746 1005 cor
758 975 906 1012 negantis
918 982 993 1004 con-

283 1021 473 1051 strinxerat.
502 1021 567 1051 Nec
605 1021 726 1051 mirum
754 1023 882 1059 tamen,
919 1028 991 1049 cum

285 1066 370 1103 ignis
396 1066 436 1096 ab
465 1075 504 1096 eo
530 1066 655 1096 ablatus
682 1067 779 1096 esset.
795 1066 875 1095 Nam
897 1066 992 1103 paulo

286 1113 360 1142 ante
375 1120 440 1142 non
465 1120 564 1151 parvo
593 1112 741 1142 fervebat
763 1113 848 1150 zelo,
872 1111 991 1150 quippe

284 1157 390 1187 adhuc
418 1157 486 1196 igni
522 1158 712 1196 proximus,
738 1157 795 1196 qui
821 1158 992 1195 evaginato

283 1203 406 1241 gladio,
423 1211 463 1233 ne
479 1203 587 1240 ignem
608 1203 780 1241 perderet,
802 1202 889 1232 servi
906 1201 994 1231 auri-

284 1249 390 1279 culam
407 1249 601 1287 amputavit.
619 1248 683 1279 Sed
698 1256 762 1278 non
782 1249 852 1278 erat
867 1249 993 1285 tempus

283 1295 483 1332 putationis:
498 1297 531 1325 et
546 1295 619 1324 ideo
642 1294 753 1333 audit,
771 1296 916 1324 Converte
927 1294 994 1332 yla-

283 1341 369 1369 ‹lium
398 1342 484 1370 tuum
508 1342 542 1370 in
569 1341 670 1370 locum
690 1349 792 1370 sunm.
810 1341 884 1370 Erat
906 1339 993 1369 enim

284 1386 363 1415 hora
385 1386 418 1415 et
439 1386 584 1423 potestas
607 1386 838 1415 tenebrarum:
857 1385 890 1414 et
905 1385 993 1422 quis-

285 1430 358 1468 quis
367 1432 445 1461 tunc
458 1431 699 1469 Discipulorum
711 1431 838 1460 levaret
852 1430 992 1467 gladium

284 1476 339 1505 vel
360 1475 456 1513 ferri,
470 1477 524 1506 vel
537 1476 649 1513 verbi3
673 1477 729 1506 aut
743 1478 827 1506 ferro
840 1477 995 1504 truncan-

284 1520 346 1550 dus
369 1521 456 1559 erat,
473 1522 505 1551 et
520 1521 688 1552 neminem
714 1521 915 1557 lucraretur,
932 1528 993 1548 nec

285 1567 453 1604 quippiam
469 1566 592 1596 fructus
607 1567 754 1604 afferret3
778 1567 834 1596 aut
849 1567 935 1595 certe
951 1566 995 1595 ti-

285 1613 383 1642 moris
408 1613 515 1651 gladio
544 1612 585 1642 ad
600 1612 992 1650 negandum-cogendus3

285 1657 318 1686 et
343 1657 389 1687 sic
420 1658 521 1695 magis
546 1658 617 1696 ipse
645 1658 788 1696 periret,
810 1658 905 1694 juxta
919 1666 995 1687 ver-

284 1703 362 1733 bum
388 1704 517 1733 Domini
545 1703 632 1742 quod
646 1703 818 1740 subjunxit
840 1705 993 1742 mox,ita

285 1748 423 1778 dicens:
449 1750 556 1780 Omnis
584 1750 637 1788 qui
661 1751 810 1786 acceperit
837 1750 991 1788 qladium,

286 1795 384 1831 91αάίο
408 1795 529 1834 peribit.
557 1795 636 1831 Quis
658 1803 777 1832 nempe
804 1796 992 1825 caeterorum

286 1840 363 1869 ante
383 1840 567 1877 pavendam
594 1840 709 1870 mortis
732 1841 907 1877 imaginem
935 1842 994 1871 im-

286 1885 423 1923 pavidus
448 1886 568 1924 staret,
594 1886 780 1924 trepidante
802 1887 835 1916 et
857 1887 993 1917 cedente

285 1931 433 1970 principe
448 1932 537 1970 ipso,
553 1934 587 1961 et
601 1932 656 1970 qui
669 1940 748 1961 voce
766 1932 993 1963 confortatoria

285 1977 335 2005 sui
362 1977 569 2015 Imperatoris
584 1977 690 2007 fuerat
712 1979 944 2018 praemunitus,
962 1980 994 2010 et

286 2023 494 2059 praemonitus
509 2024 587 2053 alios
608 2023 812 2054 confortare?

329 2068 359 2098 6.
368 2069 524 2099 Caeterum
537 2078 599 2100 nec
616 2070 660 2107 is,
674 2078 735 2100 nec
748 2070 797 2099 illi
810 2070 870 2100 sibi
887 2071 993 2102 adhuc

287 2113 461 2144 induerant
476 2115 634 2145 virtutem
650 2124 692 2145 ex
708 2116 792 2153 alt03
810 2117 842 2146 et
868 2117 909 2146 ob
932 2117 993 2147 hoc

288 2158 394 2187 tutum
408 2167 473 2188 non
489 2161 558 2190 erat
573 2161 620 2190 eis
633 2161 725 2191 exire
737 2161 773 2190 in
787 2161 900 2191 vineas
911 2184 919 2200 ,
937 2171 992 2192 ex-

288 2210 396 2233 serere
411 2205 530 2242 linguae
555 2206 716 2236 sarculum
728 2229 737 2244 ,
754 2207 787 2236 et
802 2207 909 2244 gladio
922 2208 992 2246 Spi-

289 2248 374 2277 ritus
385 2250 498 2286 putare
511 2251 612 2290 vites,
624 2260 762 2290 purgare
773 2253 925 2291 palmites
935 2276 944 2292 ,
957 2255 990 2283 ut

288 2293 432 2324 fructum
453 2297 526 2333 plus
556 2298 720 2328 afferrent.
749 2299 898 2337 Denique
923 2299 992 2338 ipse

286 2340 445 2370 Dominus
456 2342 583 2373 tacebat
594 2344 627 2373 in
641 2345 790 2382 passione
800 2367 808 2383 ,
821 2346 898 2375 etin
911 2346 991 2375 mul—

286 2385 330 2415 tis
346 2385 559 2424 interrogatus
571 2397 633 2418 non
645 2390 878 2429 respondebat,
895 2392 993 2430 facins

286 2429 381 2468 juxta
402 2432 613 2469 Prophetarn,
635 2436 713 2464 sicut
737 2436 827 2465 homo
852 2446 915 2466 non
936 2447 992 2467 au-

289 2476 390 2512 diens,
405 2477 434 2506 et
457 2485 521 2506 ἠοη
541 2478 655 2509 habens
666 2481 698 2509 in
711 2489 761 2510 ore
777 2491 832 2511 suo
845 2484 993 2521 redon-911-

289 2522 399 2552 tiones.
414 2521 549 2551 Dicebat
564 2523 673 2552 autem
691 2532 699 2552 ε
715 2526 749 2553 Si
769 2525 852 2556 vobis
867 2528 991 2563 dixer-0,

288 2575 352 2598 non
374 2568 497 2598 credetis
512 2568 589 2598 mihi
598 2578 609 2606 ,-
621 2569 649 2598 εἰ
665 2570 768 2598 alitem
779 2572 806 2599 et
820 2571 993 2609 inter-roya-

291 2621 377 2650 vero,
389 2621 451 2642 non
460 2614 675 2652 respondebitis
689 2615 767 2644 mihi
772 2624 782 2653 ,-
793 2615 898 2644 sciens
909 2617 993 2646 tem-

290 2665 351 2695 pus
372 2659 548 2696 putationis
567 2659 707 2690 nondum
725 2659 912 2698 advenisse,
932 2670 991 2691 nec

745 243 775 271 S.
797 242 913 270 BERN
924 239 1035 268 ARm
1058 241 1250 268 ABBATIS

1022 301 1249 331 responsuram
1273 302 1401 332 prorsus
1414 294 1540 324 vineam
1560 301 1650 323 suam
1662 293 1725 324 ime*

1022 338 1131 376 pensis
1152 339 1337 377 laboribus,
1352 340 1385 370 id
1411 340 1460 370 est
1475 348 1536 369 nec
1553 339 1646 377 fidei,
1661 346 1723 369 nec

1022 383 1099 413 boni
1111 384 1218 421 operis
1234 383 1372 415 fructum
1383 386 1522 424 aliquem
1539 384 1722 414 relaturam.

1020 428 1145 465 Quare?
1173 429 1257 466 Quia
1284 429 1389 460 hiems
1416 431 1484 460 erat
1512 431 1545 459 in
1575 429 1725 459 cordibus

1020 474 1215 511 perfidorum
1226 496 1236 512 ,
1247 475 1279 504 et
1288 475 1445 505 hiemales
1454 476 1585 514 quidam
1593 474 1727 504 malitias

1021 518 1142 548 imbres
1167 520 1405 557 occupaverant
1419 521 1556 557 terram,
1580 519 1664 556 jacta
1675 527 1726 548 se-

1021 563 1108 593 mina
1123 564 1217 593 verbi
1232 565 1386 594 suffocare
1396 587 1405 602 ,
1421 573 1516 603 quam
1542 565 1651 594 fovere
1666 571 1726 602 pa-

1020 609 1173 639 ratiores:
1186 610 1243 639 sed
1255 611 1288 640 et
1297 610 1398 640 cultui
1414 611 1581 640 vinearum
1596 616 1726 638 omnem

1020 653 1233 684 nihilominus
1241 655 1491 694 impendendam
1503 662 1633 693 operam
1645 654 1728 684 frus-

1022 701 1149 729 traturi.
1727 716 1730 717 ν

1061 746 1091 774 7.
1107 746 1193 782 Quos
1217 754 1275 776 vos
1297 754 1350 776 me
1364 754 1451 775 nunc
1471 745 1592 783 putatis
1617 744 1726 775 dicere

1023 791 1161 821 imbres?>
1174 792 1316 829 istosne,
1332 800 1412 830 quos
1427 792 1576 821 videmus
1591 799 1726 821 curreu-

1024 839 1070 866 tes
1085 846 1143 875 per
1163 846 1238 867 aera
1261 838 1366 867 nubes
1392 838 1580 867 turbulento
1609 836 1727 874 spiritu

1022 891 1170 921 spargere
1187 891 1285 921 super
1299 883 1440 913 terram?
1450 891 1514 912 non
1526 884 1574 913 est
1590 883 1646 912 ita.
1663 880 1723 911 Sed

1023 935 1101 965 quos
1116 928 1156 957 de
1181 929 1268 958 terra
1282 928 1317 957 in
1342 936 1451 958 aerem
1477 936 1600 958 sursum
1617 926 1726 957 ferunt

1025 973 1170 1003 homines
1194 973 1377 1003 turbulenti
1404 973 1552 1011 spiritus,
1569 975 1726 1012 ponentes

1025 1018 1056 1047 in
1086 1019 1204 1048 coelum
1225 1027 1259 1049 os
1285 1027 1397 1057 suum,
1419 1020 1453 1049 et
1475 1019 1586 1057 lingua
1615 1027 1727 1049 eorum

1026 1064 1182 1093 transiens
1209 1064 1243 1093 in
1267 1064 1405 1102 terram,
1427 1065 1591 1102 tamquam
1616 1064 1727 1102 pluvia

1024 1109 1239 1148 amarissima,
1251 1111 1370 1140 terram
1386 1111 1487 1148 ipsam
1500 1110 1674 1148 palustrem
1690 1119 1728 1140 ac

1025 1155 1169 1184 sterilem
1185 1154 1283 1192 facit,
1299 1156 1412 1185 ettam
1433 1155 1554 1193 plantis
1567 1163 1662 1193 quam
1678 1164 1728 1186 sa-

1026 1200 1065 1230 lis
1077 1201 1227 1231 inutilem
1238 1223 1247 1239 ,
1256 1209 1321 1231 non
1333 1201 1464 1239 quidem
1480 1201 1531 1230 his
1544 1200 1729 1232 visibilibus

1024 1248 1120 1285 atque
1142 1248 1305 1285 corporeis
1327 1247 1366 1276 ad
1389 1248 1513 1276 nostros
1529 1247 1642 1284 utique
1657 1255 1729 1276 cor-

1026 1301 1136 1330 poreos
1149 1301 1224 1322 usus
1233 1292 1317 1322 datis
1327 1314 1336 1329 ,
1348 1292 1388 1322 de
1396 1292 1514 1330 quibus
1521 1292 1610 1321 nulla
1618 1292 1725 1330 plane,

1025 1339 1108 1368 sicut
1134 1347 1196 1368 nec
1217 1339 1257 1368 de
1282 1338 1383 1368 bobus
1406 1346 1483 1368 cura
1499 1339 1548 1368 est
1569 1339 1648 1366 Deo.
1664 1337 1728 1367 Sed

1025 1384 1163 1421 quibus?
1176 1384 1324 1413 Profecto
1335 1392 1406 1422 quae
1421 1383 1507 1413 sevit
1521 1383 1554 1412 et
1567 1383 1728 1420 plantavit

1027 1431 1083 1459 Dei
1098 1438 1213 1460 manus
1224 1452 1233 1467 ,
1250 1431 1283 1459 et
1293 1438 1357 1459 non
1373 1429 1514 1459 hominis
1524 1438 1533 1466 ς
1542 1438 1615 1467 quae
1630 1429 1663 1459 et
1674 1430 1728 1459 vel

1025 1476 1224 1513 germinare,
1236 1476 1290 1505 vel
1306 1475 1444 1505 radicari
1464 1475 1497 1504 in
1512 1475 1575 1504 tide
1591 1476 1623 1505 et
1644 1475 1729 1504 cari-

1027 1520 1090 1549 tate
1105 1521 1272 1557 poterant,
1287 1520 1319 1549 et
1335 1519 1458 1549 fructus
1469 1520 1630 1558 parturire
1645 1521 1729 1549 salu-

1027 1565 1126 1602 tis,si
1155 1565 1248 1595 bonis
1273 1565 1306 1594 et
1326 1559 1544 1602 temporaneis
1570 1565 1728 1596 imbribus

1025 1612 1216 1649 rigarentur.
1246 1611 1368 1641 Animae
1385 1611 1524 1650 denique
1551 1612 1642 1650 sunt,
1671 1622 1729 1650 pro

1024 1657 1141 1694 quibus
1155 1657 1298 1686 Christus
1311 1658 1457 1686 mortuus
1482 1657 1541 1687 est.
1559 1658 1613 1687 Vae
1634 1659 1729 1687 nubi·

1025 1702 1083 1731 bus
1095 1702 1283 1740 pluentibus
1295 1701 1476 1731 istiusmodi
1495 1702 1616 1732 imbres
1630 1711 1729 1740 super

1025 1755 1096 1785 eas,
1113 1756 1183 1785 quae
1209 1748 1314 1777 lutum
1337 1747 1475 1783 faciant,
1500 1747 1641 1777 fructum
1664 1756 1728 1777 non

1024 1793 1177 1823 afferant!
1207 1794 1286 1822 Nam
1312 1793 1396 1823 sicut
1421 1794 1495 1822 sunt
1517 1795 1550 1823 et
1566 1793 1678 1831 bonae,
1696 1796 1729 1824 et

1025 1839 1116 1868 malae
1145 1839 1294 1877 arbores,
1320 1838 1464 1869 ferentes
1490 1847 1627 1876 quaeque
1644 1839 1727 1869 sruc-

1025 1887 1075 1914 tus
1090 1893 1147 1922 pro
1170 1884 1219 1913 sui
1236 1884 1502 1914 dissimilitudine
1521 1884 1726 1922 disserentes,

1026 1930 1114 1959 bonae
1129 1930 1285 1960 videlicet
1312 1930 1428 1968 honos,
1445 1930 1477 1959 et
1489 1930 1580 1959 malae
1602 1931 1700 1960 malos
1717 1939 1726 1960 :

1026 1977 1069 2006 ita
1097 1977 1130 2005 et
1150 1976 1288 2005 arbitror
1312 1975 1415 2005 nubes
1444 1977 1477 2005 et
1504 1975 1620 2013 bonas,
1655 1984 1726 2013 quae

1026 2024 1139 2060 bonos,
1158 2022 1190 2051 et
1204 2022 1305 2051 malas
1320 2030 1402 2058 esse,
1415 2029 1486 2059 quae
1500 2022 1600 2050 malos
1614 2022 1727 2059 pluant

1027 2069 1155 2098 imbres.
1186 2069 1223 2098 Et
1246 2067 1322 2097 vide
1344 2076 1386 2097 ne
1403 2067 1484 2096 forte
1507 2066 1651 2096 innuerit
1672 2075 1728 2097 no·-

1026 2115 1073 2144 bis
1096 2115 1178 2144 hanc
1212 2114 1368 2149 numum,
1394 2112 1611 2149 imbriumque
1634 2111 1728 2142 diffe—

1025 2161 1179 2198 rentiam,
1210 2160 1265 2198 qui
1296 2158 1424 2188 dIcebat
1443 2166 1452 2186 t
1484 2157 1638 2187 Mandabo
1665 2166 1727 2187 mt-

1025 2207 1109 2237 bibus
1123 2207 1216 2242 meis,
1231 2214 1268 2234 ne
1291 2205 1402 2243 pluant
1419 2212 1509 2241 super
1529 2211 1598 2232 eam
1613 2201 1624 2241 (
1641 2203 1727 2232 haud

1024 2253 1158 2282 dubium
1185 2251 1264 2290 quin
1294 2258 1392 2288 super
1412 2248 1567 2287 vineam)
1586 2249 1725 2279 imbrem.

1023 2301 1085 2329 Cur
1099 2300 1194 2337 putas
1214 2297 1401 2334 adjunxisse
1425 2296 1609 2334 signanter,
1631 2296 1726 2332 meis,

1024 2346 1085 2375 nisi
1099 2345 1174 2383 quia
1190 2345 1264 2373 sunt
1279 2344 1312 2373 et
1332 2342 1425 2372 malae
1440 2342 1562 2378 nubes,
1578 2349 1648 2379 quae
1662 2348 1727 2369 non

1024 2392 1099 2421 sunt
1114 2389 1204 2427 ejus?
1222 2389 1321 2425 Tolle,
1338 2388 1425 2423 tolle,
1439 2387 1612 2424 inquiunt,
1627 2386 1726 2414 cruci-

1023 2438 1079 2475 liqe
1094 2445 1174 2466 eum.
1191 2435 1216 2464 Ο
1227 2435 1331 2464 nubes
1344 2432 1503 2462 violentas
1516 2431 1549 2460 et
1561 2429 1727 2460 turbidas?

1025 2483 1049 2511 Ο
1076 2481 1214 2510 imbrem
1242 2476 1476 2517 procellosum!
1503 2484 1520 2506 ο
1547 2476 1725 2505 torrentem

1027 2525 1225 2564 iniquitatis,
1242 2523 1390 2553 evertere
1412 2522 1531 2560 magis,
1547 2528 1643 2559 quam
1666 2519 1726 2548 foe-

1026 2572 1166 2601 cundare
1192 2568 1363 2599 idoneum!
1391 2568 1456 2597 Nec
1490 2567 1598 2596 minus
1622 2564 1725 2594 malus

1027 2618 1173 2646 minusve
1199 2622 1343 2651 amarus,
1370 2612 1487 2642 minori
1511 2611 1587 2640 licet
1601 2610 1724 2648 impetu

1027 2669 1181 2700 proruens
1191 2682 1200 2698 ‚
1213 2660 1317 2690 imber
1326 2659 1380 2688 ille
1389 2657 1444 2696 qui
1454 2657 1644 2687 subsecutus
1655 2656 1701 2685 cst
1717 2664 1722 2684 :
