<?xml version="1.0" encoding="UTF-8"?>
<!DOCTYPE html PUBLIC "-//W3C//DTD XHTML 1.0 Transitional//EN"
    "http://www.w3.org/TR/xhtml1/DTD/xhtml1-transitional.dtd">
<html xmlns="http://www.w3.org/1999/xhtml" xml:lang="en" lang="en">
 <head>
  <title>
</title>
<meta http-equiv="Content-Type" content="text/html;charset=utf-8" />
  <meta name='ocr-system' content='tesseract 3.04.00' />
  <meta name='ocr-capabilities' content='ocr_page ocr_carea ocr_par ocr_line ocrx_word'/>
</head>
<body>
  <div class='ocr_page' id='page_1' title='image "./operagenuinajuxt03bernuoft/operagenuinajuxt03bernuoft_0277.png"; bbox 0 0 1810 3073; ppageno 0'>
   <div class='ocr_carea' id='block_1_1' title="bbox 459 185 1094 219">
    <p class='ocr_par' dir='ltr' id='par_1_1' title="bbox 459 185 1094 219">
     <span class='ocr_line' id='line_1_1' title="bbox 459 185 1094 219; baseline -0.013 0"><span class='ocrx_word' id='word_1_1' title='bbox 459 192 503 219; x_wconf 73' lang='grc' dir='ltr'><strong>ΙΝ</strong></span> <span class='ocrx_word' id='word_1_2' title='bbox 528 188 732 218; x_wconf 81' lang='lat' dir='ltr'><strong>CANTlCA</strong></span> <span class='ocrx_word' id='word_1_3' title='bbox 754 186 903 215; x_wconf 74' lang='lat' dir='ltr'>SERMO</span> <span class='ocrx_word' id='word_1_4' title='bbox 925 185 1094 212; x_wconf 82' lang='lat' dir='ltr'><strong>xxxln.</strong></span> 
     </span>
    </p>
   </div>
   <div class='ocr_carea' id='block_1_2' title="bbox 1429 188 1486 217">
    <p class='ocr_par' dir='ltr' id='par_1_2' title="bbox 1429 188 1486 217">
     <span class='ocr_line' id='line_1_2' title="bbox 1429 188 1486 217; baseline -0.018 0"><span class='ocrx_word' id='word_1_5' title='bbox 1429 188 1486 217; x_wconf 67' lang='lat'><strong>207</strong></span> 
     </span>
    </p>
   </div>
   <div class='ocr_carea' id='block_1_3' title="bbox 60 238 1490 330">
    <p class='ocr_par' dir='ltr' id='par_1_3' title="bbox 60 238 1490 330">
     <span class='ocr_line' id='line_1_3' title="bbox 60 238 1489 287; baseline -0.013 -6"><span class='ocrx_word' id='word_1_6' title='bbox 60 252 151 281; x_wconf 70' lang='lat' dir='ltr'><strong>cisse.</strong></span> <span class='ocrx_word' id='word_1_7' title='bbox 169 251 245 279; x_wconf 76' lang='lat' dir='ltr'><strong>Nam</strong></span> <span class='ocrx_word' id='word_1_8' title='bbox 259 248 312 287; x_wconf 89' lang='lat' dir='ltr'><strong>qui</strong></span> <span class='ocrx_word' id='word_1_9' title='bbox 337 245 498 284; x_wconf 85' lang='lat' dir='ltr'><strong>sapientes</strong></span> <span class='ocrx_word' id='word_1_10' title='bbox 517 244 550 273; x_wconf 90' lang='lat' dir='ltr'><strong>in</strong></span> <span class='ocrx_word' id='word_1_11' title='bbox 572 242 673 273; x_wconf 78' lang='lat' dir='ltr'><strong>oculis</strong></span> <span class='ocrx_word' id='word_1_12' title='bbox 688 241 754 272; x_wconf 89' lang='lat' dir='ltr'><strong>suis</strong></span> <span class='ocrx_word' id='word_1_13' title='bbox 788 240 819 270; x_wconf 89' lang='lat' dir='ltr'><strong>et</strong></span> <span class='ocrx_word' id='word_1_14' title='bbox 833 247 889 277; x_wconf 90' lang='lat' dir='ltr'><strong>pro</strong></span> <span class='ocrx_word' id='word_1_15' title='bbox 904 238 996 268; x_wconf 87' lang='lat' dir='ltr'><strong>bonis</strong></span> <span class='ocrx_word' id='word_1_16' title='bbox 1011 246 1083 276; x_wconf 83' lang='lat' dir='ltr'><strong>quae</strong></span> <span class='ocrx_word' id='word_1_17' title='bbox 1108 246 1173 267; x_wconf 90' lang='lat' dir='ltr'><strong>nou</strong></span> <span class='ocrx_word' id='word_1_18' title='bbox 1188 238 1354 278; x_wconf 80' lang='lat' dir='ltr'><strong>videmuS‚</strong></span> <span class='ocrx_word' id='word_1_19' title='bbox 1380 240 1489 271; x_wconf 73' lang='lat' dir='ltr'><strong>fornii-</strong></span> 
     </span>
     <span class='ocr_line' id='line_1_4' title="bbox 60 284 1490 330; baseline -0.007 -4"><span class='ocrx_word' id='word_1_20' title='bbox 60 294 274 326; x_wconf 79' lang='lat' dir='ltr'><strong>decreverunt</strong></span> <span class='ocrx_word' id='word_1_21' title='bbox 300 290 385 330; x_wconf 87' lang='lat' dir='ltr'><strong>apud</strong></span> <span class='ocrx_word' id='word_1_22' title='bbox 408 298 440 320; x_wconf 90' lang='lat' dir='ltr'><strong>se</strong></span> <span class='ocrx_word' id='word_1_23' title='bbox 467 298 526 320; x_wconf 82' lang='lat' dir='ltr'><strong>nec</strong></span> <span class='ocrx_word' id='word_1_24' title='bbox 548 289 680 319; x_wconf 78' lang='lat' dir='ltr'><strong>consilio</strong></span> <span class='ocrx_word' id='word_1_25' title='bbox 702 296 758 317; x_wconf 87' lang='lat' dir='ltr'><strong>ac-</strong></span> <span class='ocrx_word' id='word_1_26' title='bbox 788 287 899 316; x_wconf 87' lang='lat' dir='ltr'><strong>damus</strong></span> <span class='ocrx_word' id='word_1_27' title='bbox 920 294 992 324; x_wconf 86' lang='lat' dir='ltr'><strong>quae</strong></span> <span class='ocrx_word' id='word_1_28' title='bbox 1020 284 1313 322; x_wconf 75' lang='lat' dir='ltr'><strong>impraesentiarum</strong></span> <span class='ocrx_word' id='word_1_29' title='bbox 1335 288 1411 316; x_wconf 88' lang='lat' dir='ltr'><strong>sunt</strong></span> <span class='ocrx_word' id='word_1_30' title='bbox 1435 289 1490 318; x_wconf 85' lang='lat' dir='ltr'><strong>ad-</strong></span> 
     </span>
    </p>
   </div>
   <div class='ocr_carea' id='block_1_4' title="bbox 57 333 771 2651">
    <p class='ocr_par' dir='ltr' id='par_1_4' title="bbox 57 333 757 920">
     <span class='ocr_line' id='line_1_5' title="bbox 60 333 755 380; baseline -0.013 -9"><span class='ocrx_word' id='word_1_31' title='bbox 60 341 239 380; x_wconf 79' lang='lat' dir='ltr'><strong>quiescere,</strong></span> <span class='ocrx_word' id='word_1_32' title='bbox 251 346 312 368; x_wconf 89' lang='lat' dir='ltr'><strong>nec</strong></span> <span class='ocrx_word' id='word_1_33' title='bbox 326 336 505 375; x_wconf 83' lang='lat' dir='ltr'><strong>praecept03</strong></span> <span class='ocrx_word' id='word_1_34' title='bbox 520 335 656 366; x_wconf 80' lang='lat' dir='ltr'><strong>videant</strong></span> <span class='ocrx_word' id='word_1_35' title='bbox 678 333 755 372; x_wconf 86' lang='lat' dir='ltr'><strong>quid</strong></span> 
     </span>
     <span class='ocr_line' id='line_1_6' title="bbox 60 379 754 424; baseline -0.012 -8"><span class='ocrx_word' id='word_1_36' title='bbox 60 384 289 424; x_wconf 81' lang='lat' dir='ltr'><strong>respondeant,</strong></span> <span class='ocrx_word' id='word_1_37' title='bbox 315 390 380 412; x_wconf 88' lang='lat' dir='ltr'><strong>non</strong></span> <span class='ocrx_word' id='word_1_38' title='bbox 403 381 509 419; x_wconf 86' lang='lat' dir='ltr'><strong>mihi,</strong></span> <span class='ocrx_word' id='word_1_39' title='bbox 529 381 586 411; x_wconf 89' lang='lat' dir='ltr'><strong>sed</strong></span> <span class='ocrx_word' id='word_1_40' title='bbox 606 379 728 410; x_wconf 88' lang='lat' dir='ltr'><strong>dicenti</strong></span> <span class='ocrx_word' id='word_1_41' title='bbox 746 387 754 407; x_wconf 73' lang='grc' dir='ltr'><em>τ</em></span> 
     </span>
     <span class='ocr_line' id='line_1_7' title="bbox 60 426 756 470; baseline -0.009 -10"><span class='ocrx_word' id='word_1_42' title='bbox 60 432 210 470; x_wconf 79' lang='lat' dir='ltr'><strong>Quoniam</strong></span> <span class='ocrx_word' id='word_1_43' title='bbox 242 429 332 467; x_wconf 82' lang='lat' dir='ltr'><strong>quasi</strong></span> <span class='ocrx_word' id='word_1_44' title='bbox 354 429 510 467; x_wconf 80' lang='lat' dir='ltr'><strong>peccatum</strong></span> <span class='ocrx_word' id='word_1_45' title='bbox 535 426 689 457; x_wconf 82' lang='lat' dir='ltr'><strong>ariolandi</strong></span> <span class='ocrx_word' id='word_1_46' title='bbox 715 426 756 454; x_wconf 81' lang='lat' dir='ltr'><strong>esi</strong></span> 
     </span>
     <span class='ocr_line' id='line_1_8' title="bbox 59 470 754 514; baseline -0.012 -8"><span class='ocrx_word' id='word_1_47' title='bbox 59 484 239 514; x_wconf 74' lang='lat' dir='ltr'><strong>repuqnare,</strong></span> <span class='ocrx_word' id='word_1_48' title='bbox 248 477 275 504; x_wconf 81' lang='lat' dir='ltr'><strong>et</strong></span> <span class='ocrx_word' id='word_1_49' title='bbox 284 475 373 512; x_wconf 81' lang='lat' dir='ltr'><strong>quasi</strong></span> <span class='ocrx_word' id='word_1_50' title='bbox 382 474 476 503; x_wconf 83' lang='lat' dir='ltr'><strong>scelus</strong></span> <span class='ocrx_word' id='word_1_51' title='bbox 485 472 664 502; x_wconf 82' lang='lat' dir='ltr'><strong>idololatrioe</strong></span> <span class='ocrx_word' id='word_1_52' title='bbox 675 470 754 499; x_wconf 88' lang='lat' dir='ltr'><strong>nolle</strong></span> 
     </span>
     <span class='ocr_line' id='line_1_9' title="bbox 59 514 756 560; baseline -0.013 -8"><span class='ocrx_word' id='word_1_53' title='bbox 59 522 257 560; x_wconf 75' lang='lat' dir='ltr'><strong>acquiescere.</strong></span> <span class='ocrx_word' id='word_1_54' title='bbox 287 519 490 549; x_wconf 84' lang='lat' dir='ltr'><strong>Praemiserat</strong></span> <span class='ocrx_word' id='word_1_55' title='bbox 523 519 650 552; x_wconf 87' lang='lat' dir='ltr'><strong>autem,</strong></span> <span class='ocrx_word' id='word_1_56' title='bbox 680 514 756 553; x_wconf 84' lang='lat' dir='ltr'><strong>quia</strong></span> 
     </span>
     <span class='ocr_line' id='line_1_10' title="bbox 58 562 754 602; baseline -0.01 -6"><span class='ocrx_word' id='word_1_57' title='bbox 58 567 164 597; x_wconf 80' lang='lat' dir='ltr'><strong>melior</strong></span> <span class='ocrx_word' id='word_1_58' title='bbox 179 568 221 596; x_wconf 77' lang='lat' dir='ltr'><strong>est</strong></span> <span class='ocrx_word' id='word_1_59' title='bbox 249 565 417 595; x_wconf 73' lang='lat' dir='ltr'><strong>obedientia</strong></span> <span class='ocrx_word' id='word_1_60' title='bbox 442 572 536 602; x_wconf 85' lang='lat' dir='ltr'><strong>quam</strong></span> <span class='ocrx_word' id='word_1_61' title='bbox 563 562 687 592; x_wconf 81' lang='lat' dir='ltr'><strong>victima</strong></span> <span class='ocrx_word' id='word_1_62' title='bbox 700 582 710 596; x_wconf 90' lang='lat'><strong>,</strong></span> <span class='ocrx_word' id='word_1_63' title='bbox 725 562 754 589; x_wconf 86' lang='lat' dir='ltr'><strong>et</strong></span> 
     </span>
     <span class='ocr_line' id='line_1_11' title="bbox 59 608 755 649; baseline -0.013 -6"><span class='ocrx_word' id='word_1_64' title='bbox 59 613 230 643; x_wconf 80' lang='lat' dir='ltr'><strong>auscultare</strong></span> <span class='ocrx_word' id='word_1_65' title='bbox 253 613 349 649; x_wconf 61' lang='lat' dir='ltr'><strong>inanis</strong></span> <span class='ocrx_word' id='word_1_66' title='bbox 376 618 469 648; x_wconf 84' lang='lat' dir='ltr'><strong>quam</strong></span> <span class='ocrx_word' id='word_1_67' title='bbox 497 609 604 645; x_wconf 80' lang='lat' dir='ltr'><strong>offerre</strong></span> <span class='ocrx_word' id='word_1_68' title='bbox 637 608 755 644; x_wconf 77' lang='lat' dir='ltr'><strong>adipem</strong></span> 
     </span>
     <span class='ocr_line' id='line_1_12' title="bbox 59 652 756 694; baseline -0.011 -6"><span class='ocrx_word' id='word_1_69' title='bbox 59 660 208 694; x_wconf 75' lang='lat' dir='ltr'><strong>arietina,</strong></span> <span class='ocrx_word' id='word_1_70' title='bbox 226 657 258 686; x_wconf 91' lang='lat' dir='ltr'><strong>id</strong></span> <span class='ocrx_word' id='word_1_71' title='bbox 278 659 326 687; x_wconf 87' lang='lat' dir='ltr'><strong>est</strong></span> <span class='ocrx_word' id='word_1_72' title='bbox 344 654 573 685; x_wconf 84' lang='lat' dir='ltr'><strong>abstinentiam</strong></span> <span class='ocrx_word' id='word_1_73' title='bbox 591 652 756 682; x_wconf 85' lang='lat' dir='ltr'><strong>contuma-</strong></span> 
     </span>
     <span class='ocr_line' id='line_1_13' title="bbox 59 698 753 737; baseline -0.012 -4"><span class='ocrx_word' id='word_1_74' title='bbox 59 705 156 733; x_wconf 87' lang='lat' dir='ltr'><strong>cium.</strong></span> <span class='ocrx_word' id='word_1_75' title='bbox 185 703 274 733; x_wconf 85' lang='lat' dir='ltr'><strong>Unde</strong></span> <span class='ocrx_word' id='word_1_76' title='bbox 294 701 448 731; x_wconf 85' lang='lat' dir='ltr'><strong>Dominus</strong></span> <span class='ocrx_word' id='word_1_77' title='bbox 462 707 521 737; x_wconf 85' lang='lat' dir='ltr'><strong>per</strong></span> <span class='ocrx_word' id='word_1_78' title='bbox 540 698 753 736; x_wconf 84' lang='lat' dir='ltr'><strong>Prophetam:</strong></span> 
     </span>
     <span class='ocr_line' id='line_1_14' title="bbox 60 743 757 786; baseline -0.01 -8"><span class='ocrx_word' id='word_1_79' title='bbox 60 749 215 786; x_wconf 72' lang='lat' dir='ltr'><strong>Numquid</strong></span> <span class='ocrx_word' id='word_1_80' title='bbox 228 745 430 781; x_wconf 76' lang='lat' dir='ltr'><em>manducabo,</em></span> <span class='ocrx_word' id='word_1_81' title='bbox 447 744 510 780; x_wconf 84' lang='lat' dir='ltr'><strong>ait,</strong></span> <span class='ocrx_word' id='word_1_82' title='bbox 526 751 632 772; x_wconf 83' lang='lat' dir='ltr'><strong>carnes</strong></span> <span class='ocrx_word' id='word_1_83' title='bbox 649 743 757 771; x_wconf 80' lang='lat' dir='ltr'><strong>tauro—</strong></span> 
     </span>
     <span class='ocr_line' id='line_1_15' title="bbox 60 786 756 830; baseline -0.009 -8"><span class='ocrx_word' id='word_1_84' title='bbox 60 803 146 830; x_wconf 78' lang='lat' dir='ltr'><strong>rum,</strong></span> <span class='ocrx_word' id='word_1_85' title='bbox 169 794 222 822; x_wconf 80' lang='lat' dir='ltr'><strong>aut</strong></span> <span class='ocrx_word' id='word_1_86' title='bbox 249 791 427 829; x_wconf 76' lang='lat' dir='ltr'><strong>sanquinem</strong></span> <span class='ocrx_word' id='word_1_87' title='bbox 452 789 607 818; x_wconf 74' lang='lat' dir='ltr'><strong>hircorum</strong></span> <span class='ocrx_word' id='word_1_88' title='bbox 620 786 756 825; x_wconf 79' lang='lat' dir='ltr'><strong>potabo?</strong></span> 
     </span>
     <span class='ocr_line' id='line_1_16' title="bbox 58 832 757 876; baseline -0.009 -9"><span class='ocrx_word' id='word_1_89' title='bbox 58 838 240 876; x_wconf 81' lang='lat' dir='ltr'><strong>significans</strong></span> <span class='ocrx_word' id='word_1_90' title='bbox 254 836 386 865; x_wconf 87' lang='lat' dir='ltr'><strong>minime</strong></span> <span class='ocrx_word' id='word_1_91' title='bbox 403 834 464 865; x_wconf 92' lang='lat' dir='ltr'><strong>sibi</strong></span> <span class='ocrx_word' id='word_1_92' title='bbox 481 834 613 871; x_wconf 87' lang='lat' dir='ltr'><strong>accepta</strong></span> <span class='ocrx_word' id='word_1_93' title='bbox 629 832 695 862; x_wconf 84' lang='lat' dir='ltr'><strong>fore</strong></span> <span class='ocrx_word' id='word_1_94' title='bbox 709 832 757 869; x_wconf 89' lang='lat' dir='ltr'><strong>je-</strong></span> 
     </span>
     <span class='ocr_line' id='line_1_17' title="bbox 57 879 752 920; baseline -0.009 -7"><span class='ocrx_word' id='word_1_95' title='bbox 57 883 147 920; x_wconf 78' lang='lat' dir='ltr'><strong>junia</strong></span> <span class='ocrx_word' id='word_1_96' title='bbox 177 882 388 920; x_wconf 89' lang='lat' dir='ltr'><strong>superborum</strong></span> <span class='ocrx_word' id='word_1_97' title='bbox 420 880 474 910; x_wconf 77' lang='lat' dir='ltr'><strong>vel</strong></span> <span class='ocrx_word' id='word_1_98' title='bbox 502 879 752 909; x_wconf 87' lang='lat' dir='ltr'><strong>immundorum.</strong></span> 
     </span>
    </p>

    <p class='ocr_par' dir='ltr' id='par_1_5' title="bbox 59 925 771 2651">
     <span class='ocr_line' id='line_1_18' title="bbox 100 925 755 963; baseline -0.008 -6"><span class='ocrx_word' id='word_1_99' title='bbox 100 929 148 958; x_wconf 79' lang='grc' dir='ltr'><strong>Η.</strong></span> <span class='ocrx_word' id='word_1_100' title='bbox 173 928 236 957; x_wconf 77' lang='lat' dir='ltr'><strong>Sed</strong></span> <span class='ocrx_word' id='word_1_101' title='bbox 261 935 337 957; x_wconf 85' lang='lat' dir='ltr'><strong>sane</strong></span> <span class='ocrx_word' id='word_1_102' title='bbox 353 934 486 963; x_wconf 84' lang='lat' dir='ltr'><strong>vereor,</strong></span> <span class='ocrx_word' id='word_1_103' title='bbox 501 934 543 955; x_wconf 87' lang='lat' dir='ltr'><strong>ne</strong></span> <span class='ocrx_word' id='word_1_104' title='bbox 566 925 755 954; x_wconf 77' lang='lat' dir='ltr'><strong>damnantes</strong></span> 
     </span>
     <span class='ocr_line' id='line_1_19' title="bbox 59 970 756 1012; baseline -0.01 -8"><span class='ocrx_word' id='word_1_105' title='bbox 59 973 315 1012; x_wconf 76' lang='lat' dir='ltr'><strong>superstitiosos,</strong></span> <span class='ocrx_word' id='word_1_106' title='bbox 338 973 508 1002; x_wconf 79' lang='lat' dir='ltr'><strong>videamur</strong></span> <span class='ocrx_word' id='word_1_107' title='bbox 529 970 621 1000; x_wconf 83' lang='lat' dir='ltr'><strong>frena</strong></span> <span class='ocrx_word' id='word_1_108' title='bbox 646 970 756 998; x_wconf 82' lang='lat' dir='ltr'><strong>laxare</strong></span> 
     </span>
     <span class='ocr_line' id='line_1_20' title="bbox 59 1015 757 1058; baseline -0.009 -8"><span class='ocrx_word' id='word_1_109' title='bbox 59 1019 196 1058; x_wconf 80' lang='lat' dir='ltr'><strong>gulosis3</strong></span> <span class='ocrx_word' id='word_1_110' title='bbox 219 1020 252 1049; x_wconf 83' lang='lat' dir='ltr'><strong>et</strong></span> <span class='ocrx_word' id='word_1_111' title='bbox 273 1018 407 1048; x_wconf 82' lang='lat' dir='ltr'><strong>audiant</strong></span> <span class='ocrx_word' id='word_1_112' title='bbox 435 1017 483 1046; x_wconf 90' lang='lat' dir='ltr'><strong>illi</strong></span> <span class='ocrx_word' id='word_1_113' title='bbox 510 1017 551 1046; x_wconf 84' lang='lat' dir='ltr'><strong>ad</strong></span> <span class='ocrx_word' id='word_1_114' title='bbox 575 1015 757 1054; x_wconf 86' lang='lat' dir='ltr'><strong>periculum</strong></span> 
     </span>
     <span class='ocr_line' id='line_1_21' title="bbox 59 1060 756 1103; baseline -0.009 -8"><span class='ocrx_word' id='word_1_115' title='bbox 59 1066 128 1103; x_wconf 86' lang='lat' dir='ltr'><strong>sui,</strong></span> <span class='ocrx_word' id='word_1_116' title='bbox 156 1065 243 1103; x_wconf 89' lang='lat' dir='ltr'><strong>quod</strong></span> <span class='ocrx_word' id='word_1_117' title='bbox 271 1064 311 1094; x_wconf 85' lang='lat' dir='ltr'><strong>ad</strong></span> <span class='ocrx_word' id='word_1_118' title='bbox 334 1063 518 1093; x_wconf 88' lang='lat' dir='ltr'><strong>remedium</strong></span> <span class='ocrx_word' id='word_1_119' title='bbox 549 1062 599 1091; x_wconf 87' lang='lat' dir='ltr'><strong>his</strong></span> <span class='ocrx_word' id='word_1_120' title='bbox 625 1060 756 1090; x_wconf 87' lang='lat' dir='ltr'><strong>dicitur.</strong></span> 
     </span>
     <span class='ocr_line' id='line_1_22' title="bbox 59 1108 759 1148; baseline -0.006 -9"><span class='ocrx_word' id='word_1_121' title='bbox 59 1110 275 1148; x_wconf 83' lang='lat' dir='ltr'><strong>Quamobrem</strong></span> <span class='ocrx_word' id='word_1_122' title='bbox 300 1108 409 1138; x_wconf 84' lang='lat' dir='ltr'><strong>audite</strong></span> <span class='ocrx_word' id='word_1_123' title='bbox 425 1109 560 1145; x_wconf 84' lang='lat' dir='ltr'><strong>utraque</strong></span> <span class='ocrx_word' id='word_1_124' title='bbox 573 1114 665 1144; x_wconf 78' lang='lat' dir='ltr'><strong>pars,</strong></span> <span class='ocrx_word' id='word_1_125' title='bbox 680 1114 759 1143; x_wconf 84' lang='lat' dir='ltr'><strong>qua—</strong></span> 
     </span>
     <span class='ocr_line' id='line_1_23' title="bbox 59 1151 758 1190; baseline -0.009 -5"><span class='ocrx_word' id='word_1_126' title='bbox 59 1157 132 1186; x_wconf 85' lang='lat' dir='ltr'><strong>tuor</strong></span> <span class='ocrx_word' id='word_1_127' title='bbox 152 1163 220 1184; x_wconf 82' lang='lat' dir='ltr'><strong>esse</strong></span> <span class='ocrx_word' id='word_1_128' title='bbox 248 1154 465 1184; x_wconf 80' lang='lat' dir='ltr'><strong>tentationum</strong></span> <span class='ocrx_word' id='word_1_129' title='bbox 485 1160 603 1190; x_wconf 79' lang='lat' dir='ltr'><strong>genera</strong></span> <span class='ocrx_word' id='word_1_130' title='bbox 616 1173 624 1188; x_wconf 58' lang='lat'>2</span> <span class='ocrx_word' id='word_1_131' title='bbox 641 1152 673 1180; x_wconf 88' lang='lat' dir='ltr'><strong>et</strong></span> <span class='ocrx_word' id='word_1_132' title='bbox 690 1151 758 1189; x_wconf 86' lang='lat' dir='ltr'><strong>ipsa</strong></span> 
     </span>
     <span class='ocr_line' id='line_1_24' title="bbox 60 1197 757 1237; baseline -0.007 -6"><span class='ocrx_word' id='word_1_133' title='bbox 60 1201 152 1231; x_wconf 86' lang='lat' dir='ltr'><strong>nobis</strong></span> <span class='ocrx_word' id='word_1_134' title='bbox 167 1201 210 1230; x_wconf 85' lang='lat' dir='ltr'><strong>ita</strong></span> <span class='ocrx_word' id='word_1_135' title='bbox 229 1200 418 1237; x_wconf 86' lang='lat' dir='ltr'><strong>prophetico</strong></span> <span class='ocrx_word' id='word_1_136' title='bbox 437 1206 583 1228; x_wconf 86' lang='lat' dir='ltr'><strong>sermone</strong></span> <span class='ocrx_word' id='word_1_137' title='bbox 604 1197 757 1227; x_wconf 86' lang='lat' dir='ltr'><strong>describi.</strong></span> 
     </span>
     <span class='ocr_line' id='line_1_25' title="bbox 62 1243 759 1284; baseline -0.007 -7"><span class='ocrx_word' id='word_1_138' title='bbox 62 1249 165 1283; x_wconf 80' lang='lat' dir='ltr'><strong>Scuto,</strong></span> <span class='ocrx_word' id='word_1_139' title='bbox 178 1246 295 1284; x_wconf 85' lang='lat' dir='ltr'><strong>inquit,</strong></span> <span class='ocrx_word' id='word_1_140' title='bbox 304 1244 503 1275; x_wconf 76' lang='lat' dir='ltr'><strong>circumdabit</strong></span> <span class='ocrx_word' id='word_1_141' title='bbox 517 1246 543 1273; x_wconf 80' lang='lat' dir='ltr'><strong>te</strong></span> <span class='ocrx_word' id='word_1_142' title='bbox 558 1244 669 1273; x_wconf 69' lang='lat' dir='ltr'><strong>veritas</strong></span> <span class='ocrx_word' id='word_1_143' title='bbox 677 1243 759 1280; x_wconf 78' lang='lat' dir='ltr'><strong>ejus:</strong></span> 
     </span>
     <span class='ocr_line' id='line_1_26' title="bbox 61 1290 759 1327; baseline -0.007 -4"><span class='ocrx_word' id='word_1_144' title='bbox 61 1302 123 1323; x_wconf 86' lang='lat' dir='ltr'><strong>non</strong></span> <span class='ocrx_word' id='word_1_145' title='bbox 149 1292 264 1322; x_wconf 85' lang='lat' dir='ltr'><strong>timebis</strong></span> <span class='ocrx_word' id='word_1_146' title='bbox 278 1301 299 1321; x_wconf 85' lang='lat' dir='ltr'><strong>a</strong></span> <span class='ocrx_word' id='word_1_147' title='bbox 313 1293 419 1321; x_wconf 70' lang='lat' dir='ltr'><strong>timore</strong></span> <span class='ocrx_word' id='word_1_148' title='bbox 434 1292 582 1319; x_wconf 81' lang='lat' dir='ltr'><strong>nocturno</strong></span> <span class='ocrx_word' id='word_1_149' title='bbox 594 1310 604 1326; x_wconf 86' lang='grc'>,</span> <span class='ocrx_word' id='word_1_150' title='bbox 619 1298 638 1318; x_wconf 89' lang='lat' dir='ltr'><strong>a</strong></span> <span class='ocrx_word' id='word_1_151' title='bbox 649 1290 759 1327; x_wconf 75' lang='lat' dir='ltr'><strong>saqitla</strong></span> 
     </span>
     <span class='ocr_line' id='line_1_27' title="bbox 61 1335 760 1374; baseline -0.009 -5"><span class='ocrx_word' id='word_1_152' title='bbox 61 1339 182 1369; x_wconf 72' lang='lat' dir='ltr'><strong>volante</strong></span> <span class='ocrx_word' id='word_1_153' title='bbox 208 1340 239 1368; x_wconf 85' lang='lat' dir='ltr'><strong>in</strong></span> <span class='ocrx_word' id='word_1_154' title='bbox 260 1339 323 1373; x_wconf 81' lang='lat' dir='ltr'><strong>die,</strong></span> <span class='ocrx_word' id='word_1_155' title='bbox 340 1347 360 1366; x_wconf 91' lang='lat' dir='ltr'><strong>a</strong></span> <span class='ocrx_word' id='word_1_156' title='bbox 385 1337 504 1374; x_wconf 76' lang='lat' dir='ltr'><strong>neqotio</strong></span> <span class='ocrx_word' id='word_1_157' title='bbox 530 1335 760 1373; x_wconf 78' lang='lat' dir='ltr'><strong>perambulante</strong></span> 
     </span>
     <span class='ocr_line' id='line_1_28' title="bbox 61 1380 762 1419; baseline -0.006 -5"><span class='ocrx_word' id='word_1_158' title='bbox 61 1385 93 1414; x_wconf 72' lang='lat' dir='ltr'><strong>iu</strong></span> <span class='ocrx_word' id='word_1_159' title='bbox 110 1384 256 1419; x_wconf 82' lang='lat' dir='ltr'><strong>tenebris,</strong></span> <span class='ocrx_word' id='word_1_160' title='bbox 273 1383 310 1412; x_wconf 85' lang='lat' dir='ltr'><strong>ab</strong></span> <span class='ocrx_word' id='word_1_161' title='bbox 330 1380 453 1411; x_wconf 75' lang='lat' dir='ltr'><strong>incursu</strong></span> <span class='ocrx_word' id='word_1_162' title='bbox 465 1382 493 1410; x_wconf 81' lang='lat' dir='ltr'><strong>et</strong></span> <span class='ocrx_word' id='word_1_163' title='bbox 506 1381 655 1410; x_wconf 77' lang='lat' dir='ltr'><strong>cloemonio</strong></span> <span class='ocrx_word' id='word_1_164' title='bbox 669 1381 762 1410; x_wconf 86' lang='lat' dir='ltr'><strong>meri-</strong></span> 
     </span>
     <span class='ocr_line' id='line_1_29' title="bbox 62 1426 759 1462; baseline -0.007 -3"><span class='ocrx_word' id='word_1_165' title='bbox 62 1431 166 1459; x_wconf 70' lang='lat' dir='ltr'><strong>diano.</strong></span> <span class='ocrx_word' id='word_1_166' title='bbox 182 1428 346 1459; x_wconf 73' lang='lat' dir='ltr'><strong>Attendite</strong></span> <span class='ocrx_word' id='word_1_167' title='bbox 357 1426 567 1457; x_wconf 87' lang='lat' dir='ltr'><strong>nihilominus</strong></span> <span class='ocrx_word' id='word_1_168' title='bbox 579 1426 613 1455; x_wconf 88' lang='lat' dir='ltr'><strong>et</strong></span> <span class='ocrx_word' id='word_1_169' title='bbox 624 1433 680 1455; x_wconf 84' lang='lat' dir='ltr'><strong>vos</strong></span> <span class='ocrx_word' id='word_1_170' title='bbox 692 1426 759 1462; x_wconf 82' lang='lat' dir='ltr'><strong>alii,</strong></span> 
     </span>
     <span class='ocr_line' id='line_1_30' title="bbox 62 1470 761 1512; baseline -0.007 -8"><span class='ocrx_word' id='word_1_171' title='bbox 62 1475 146 1512; x_wconf 84' lang='lat' dir='ltr'><strong>quod</strong></span> <span class='ocrx_word' id='word_1_172' title='bbox 161 1475 309 1504; x_wconf 90' lang='lat' dir='ltr'><strong>omnibus</strong></span> <span class='ocrx_word' id='word_1_173' title='bbox 329 1480 423 1511; x_wconf 85' lang='lat' dir='ltr'><strong>spero</strong></span> <span class='ocrx_word' id='word_1_174' title='bbox 446 1471 662 1510; x_wconf 82' lang='lat' dir='ltr'><strong>profuturum.</strong></span> <span class='ocrx_word' id='word_1_175' title='bbox 679 1470 761 1500; x_wconf 91' lang='lat' dir='ltr'><strong>Illud</strong></span> 
     </span>
     <span class='ocr_line' id='line_1_31' title="bbox 64 1516 761 1549; baseline -0.006 0"><span class='ocrx_word' id='word_1_176' title='bbox 64 1527 174 1549; x_wconf 88' lang='lat' dir='ltr'><strong>omnes</strong></span> <span class='ocrx_word' id='word_1_177' title='bbox 199 1520 233 1549; x_wconf 93' lang='lat' dir='ltr'><strong>in</strong></span> <span class='ocrx_word' id='word_1_178' title='bbox 257 1519 350 1548; x_wconf 88' lang='lat' dir='ltr'><strong>nobis</strong></span> <span class='ocrx_word' id='word_1_179' title='bbox 371 1517 526 1548; x_wconf 86' lang='lat' dir='ltr'><strong>sentimus</strong></span> <span class='ocrx_word' id='word_1_180' title='bbox 542 1516 576 1546; x_wconf 86' lang='lat' dir='ltr'><strong>et</strong></span> <span class='ocrx_word' id='word_1_181' title='bbox 603 1516 761 1546; x_wconf 81' lang='lat' dir='ltr'><strong>sensimus</strong></span> 
     </span>
     <span class='ocr_line' id='line_1_32' title="bbox 62 1562 761 1604; baseline -0.007 -9"><span class='ocrx_word' id='word_1_182' title='bbox 62 1565 118 1604; x_wconf 88' lang='lat' dir='ltr'><strong>qui</strong></span> <span class='ocrx_word' id='word_1_183' title='bbox 134 1565 281 1595; x_wconf 77' lang='lat' dir='ltr'><strong>conversi</strong></span> <span class='ocrx_word' id='word_1_184' title='bbox 295 1572 405 1593; x_wconf 88' lang='lat' dir='ltr'><strong>sumus</strong></span> <span class='ocrx_word' id='word_1_185' title='bbox 419 1563 460 1593; x_wconf 82' lang='lat' dir='ltr'><strong>ad</strong></span> <span class='ocrx_word' id='word_1_186' title='bbox 470 1562 642 1591; x_wconf 87' lang='lat' dir='ltr'><strong>Dominum</strong></span> <span class='ocrx_word' id='word_1_187' title='bbox 652 1584 662 1600; x_wconf 82' lang='lat'><strong>,</strong></span> <span class='ocrx_word' id='word_1_188' title='bbox 677 1562 761 1600; x_wconf 91' lang='lat' dir='ltr'><strong>quod</strong></span> 
     </span>
     <span class='ocr_line' id='line_1_33' title="bbox 63 1608 763 1647; baseline -0.004 -8"><span class='ocrx_word' id='word_1_189' title='bbox 63 1610 170 1640; x_wconf 79' lang='lat' dir='ltr'><strong>sancta</strong></span> <span class='ocrx_word' id='word_1_190' title='bbox 182 1610 344 1647; x_wconf 82' lang='lat' dir='ltr'><strong>Scriptura</strong></span> <span class='ocrx_word' id='word_1_191' title='bbox 360 1608 458 1638; x_wconf 86' lang='lat' dir='ltr'><strong>dicit:</strong></span> <span class='ocrx_word' id='word_1_192' title='bbox 476 1608 554 1643; x_wconf 78' lang='lat' dir='ltr'><strong>Fili,</strong></span> <span class='ocrx_word' id='word_1_193' title='bbox 571 1608 712 1637; x_wconf 81' lang='lat' dir='ltr'><strong>accedens</strong></span> <span class='ocrx_word' id='word_1_194' title='bbox 724 1609 763 1637; x_wconf 82' lang='lat' dir='ltr'><strong>ad</strong></span> 
     </span>
     <span class='ocr_line' id='line_1_34' title="bbox 63 1653 763 1691; baseline -0.006 -6"><span class='ocrx_word' id='word_1_195' title='bbox 63 1657 231 1685; x_wconf 55' lang='lat' dir='ltr'><strong>servitutem</strong></span> <span class='ocrx_word' id='word_1_196' title='bbox 249 1656 325 1691; x_wconf 85' lang='lat' dir='ltr'><strong>Dei,</strong></span> <span class='ocrx_word' id='word_1_197' title='bbox 339 1656 387 1685; x_wconf 84' lang='lat' dir='ltr'><strong>sta</strong></span> <span class='ocrx_word' id='word_1_198' title='bbox 398 1654 431 1683; x_wconf 82' lang='lat' dir='ltr'><strong>in</strong></span> <span class='ocrx_word' id='word_1_199' title='bbox 444 1654 568 1689; x_wconf 77' lang='lat' dir='ltr'><strong>timore,</strong></span> <span class='ocrx_word' id='word_1_200' title='bbox 581 1653 607 1682; x_wconf 74' lang='lat' dir='ltr'><strong>el</strong></span> <span class='ocrx_word' id='word_1_201' title='bbox 617 1661 763 1690; x_wconf 82' lang='lat' dir='ltr'><strong>praepara</strong></span> 
     </span>
     <span class='ocr_line' id='line_1_35' title="bbox 64 1698 763 1734; baseline -0.006 -5"><span class='ocrx_word' id='word_1_202' title='bbox 64 1702 201 1730; x_wconf 66' lang='lat' dir='ltr'><strong>(tunnam</strong></span> <span class='ocrx_word' id='word_1_203' title='bbox 231 1702 318 1730; x_wconf 85' lang='lat' dir='ltr'><strong>tuam</strong></span> <span class='ocrx_word' id='word_1_204' title='bbox 346 1700 385 1729; x_wconf 83' lang='lat' dir='ltr'><strong>ad</strong></span> <span class='ocrx_word' id='word_1_205' title='bbox 413 1699 622 1728; x_wconf 71' lang='lat' dir='ltr'><strong>tentationem.</strong></span> <span class='ocrx_word' id='word_1_206' title='bbox 652 1698 763 1734; x_wconf 86' lang='lat' dir='ltr'><strong>Itaque</strong></span> 
     </span>
     <span class='ocr_line' id='line_1_36' title="bbox 64 1742 765 1783; baseline -0.007 -8"><span class='ocrx_word' id='word_1_207' title='bbox 64 1745 239 1783; x_wconf 79' lang='lat' dir='ltr'><strong>primordia</strong></span> <span class='ocrx_word' id='word_1_208' title='bbox 264 1745 381 1775; x_wconf 88' lang='lat' dir='ltr'><strong>nostrae</strong></span> <span class='ocrx_word' id='word_1_209' title='bbox 407 1742 645 1780; x_wconf 76' lang='lat' dir='ltr'><strong>conversionis,</strong></span> <span class='ocrx_word' id='word_1_210' title='bbox 670 1742 765 1780; x_wconf 78' lang='lat' dir='ltr'><strong>juxta</strong></span> 
     </span>
     <span class='ocr_line' id='line_1_37' title="bbox 66 1787 766 1829; baseline -0.006 -8"><span class='ocrx_word' id='word_1_211' title='bbox 66 1791 245 1821; x_wconf 87' lang='lat' dir='ltr'><strong>connnnnis</strong></span> <span class='ocrx_word' id='word_1_212' title='bbox 272 1790 402 1829; x_wconf 90' lang='lat' dir='ltr'><strong>quidem</strong></span> <span class='ocrx_word' id='word_1_213' title='bbox 428 1788 641 1827; x_wconf 76' lang='lat' dir='ltr'><strong>experientiae</strong></span> <span class='ocrx_word' id='word_1_214' title='bbox 668 1787 766 1818; x_wconf 87' lang='lat' dir='ltr'><strong>ratio-</strong></span> 
     </span>
     <span class='ocr_line' id='line_1_38' title="bbox 67 1833 767 1875; baseline -0.006 -9"><span class='ocrx_word' id='word_1_215' title='bbox 67 1846 142 1867; x_wconf 84' lang='lat' dir='ltr'><strong>nem</strong></span> <span class='ocrx_word' id='word_1_216' title='bbox 153 1859 161 1874; x_wconf 63' lang='lat'><em>⁷</em></span> <span class='ocrx_word' id='word_1_217' title='bbox 177 1837 300 1875; x_wconf 86' lang='lat' dir='ltr'><strong>primus</strong></span> <span class='ocrx_word' id='word_1_218' title='bbox 317 1835 459 1873; x_wconf 79' lang='lat' dir='ltr'><strong>exagitat</strong></span> <span class='ocrx_word' id='word_1_219' title='bbox 473 1835 588 1871; x_wconf 82' lang='lat' dir='ltr'><strong>timor,</strong></span> <span class='ocrx_word' id='word_1_220' title='bbox 604 1841 701 1872; x_wconf 86' lang='lat' dir='ltr'><strong>quem</strong></span> <span class='ocrx_word' id='word_1_221' title='bbox 716 1833 767 1862; x_wconf 90' lang='lat' dir='ltr'><strong>in-</strong></span> 
     </span>
     <span class='ocr_line' id='line_1_39' title="bbox 65 1878 768 1916; baseline -0.004 -6"><span class='ocrx_word' id='word_1_222' title='bbox 65 1882 224 1911; x_wconf 76' lang='lat' dir='ltr'><strong>trantibus</strong></span> <span class='ocrx_word' id='word_1_223' title='bbox 235 1881 343 1911; x_wconf 81' lang='lat' dir='ltr'><strong>statim</strong></span> <span class='ocrx_word' id='word_1_224' title='bbox 354 1880 466 1909; x_wconf 90' lang='lat' dir='ltr'><strong>horror</strong></span> <span class='ocrx_word' id='word_1_225' title='bbox 479 1878 555 1908; x_wconf 78' lang='lat' dir='ltr'><strong>vitae</strong></span> <span class='ocrx_word' id='word_1_226' title='bbox 567 1878 683 1916; x_wconf 81' lang='lat' dir='ltr'><strong>ingerit</strong></span> <span class='ocrx_word' id='word_1_227' title='bbox 697 1886 768 1907; x_wconf 84' lang='lat' dir='ltr'><strong>arc-</strong></span> 
     </span>
     <span class='ocr_line' id='line_1_40' title="bbox 66 1923 764 1965; baseline -0.007 -8"><span class='ocrx_word' id='word_1_228' title='bbox 66 1927 175 1965; x_wconf 84' lang='lat' dir='ltr'><strong>tioris,</strong></span> <span class='ocrx_word' id='word_1_229' title='bbox 193 1928 225 1956; x_wconf 84' lang='lat' dir='ltr'><strong>et</strong></span> <span class='ocrx_word' id='word_1_230' title='bbox 240 1926 374 1956; x_wconf 82' lang='lat' dir='ltr'><strong>insuetae</strong></span> <span class='ocrx_word' id='word_1_231' title='bbox 390 1924 559 1955; x_wconf 83' lang='lat' dir='ltr'><strong>austeritas</strong></span> <span class='ocrx_word' id='word_1_232' title='bbox 574 1923 764 1961; x_wconf 64' lang='lat' dir='ltr'><strong>disciplinae.</strong></span> 
     </span>
     <span class='ocr_line' id='line_1_41' title="bbox 68 1970 766 2010; baseline -0.003 -9"><span class='ocrx_word' id='word_1_233' title='bbox 68 1973 170 2010; x_wconf 78' lang='lat' dir='ltr'><strong>Atque</strong></span> <span class='ocrx_word' id='word_1_234' title='bbox 196 1973 223 2002; x_wconf 92' lang='lat' dir='ltr'><strong>is</strong></span> <span class='ocrx_word' id='word_1_235' title='bbox 247 1972 343 2002; x_wconf 82' lang='lat' dir='ltr'><strong>timor</strong></span> <span class='ocrx_word' id='word_1_236' title='bbox 356 1971 535 2001; x_wconf 91' lang='lat' dir='ltr'><strong>nocturnus</strong></span> <span class='ocrx_word' id='word_1_237' title='bbox 558 1970 697 2008; x_wconf 85' lang='lat' dir='ltr'><strong>dicitur,</strong></span> <span class='ocrx_word' id='word_1_238' title='bbox 714 1971 766 1999; x_wconf 86' lang='lat' dir='ltr'><strong>vel</strong></span> 
     </span>
     <span class='ocr_line' id='line_1_42' title="bbox 67 2016 765 2055; baseline 0 -10"><span class='ocrx_word' id='word_1_239' title='bbox 67 2019 142 2055; x_wconf 87' lang='lat' dir='ltr'><strong>qnia</strong></span> <span class='ocrx_word' id='word_1_240' title='bbox 163 2026 227 2047; x_wconf 80' lang='lat' dir='ltr'><strong>nox</strong></span> <span class='ocrx_word' id='word_1_241' title='bbox 242 2017 277 2046; x_wconf 90' lang='lat' dir='ltr'><strong>in</strong></span> <span class='ocrx_word' id='word_1_242' title='bbox 293 2017 468 2055; x_wconf 88' lang='lat' dir='ltr'><strong>Scripturis</strong></span> <span class='ocrx_word' id='word_1_243' title='bbox 493 2016 660 2054; x_wconf 79' lang='lat' dir='ltr'><strong>designare</strong></span> <span class='ocrx_word' id='word_1_244' title='bbox 685 2016 765 2046; x_wconf 85' lang='lat' dir='ltr'><strong>solet</strong></span> 
     </span>
     <span class='ocr_line' id='line_1_43' title="bbox 67 2062 767 2101; baseline -0.001 -9"><span class='ocrx_word' id='word_1_245' title='bbox 67 2063 199 2093; x_wconf 76' lang='lat' dir='ltr'><strong>adversa</strong></span> <span class='ocrx_word' id='word_1_246' title='bbox 211 2085 219 2100; x_wconf 86' lang='lat'>‚</span> <span class='ocrx_word' id='word_1_247' title='bbox 236 2063 286 2092; x_wconf 76' lang='lat' dir='ltr'><strong>vel</strong></span> <span class='ocrx_word' id='word_1_248' title='bbox 303 2063 455 2100; x_wconf 85' lang='lat' dir='ltr'><strong>quoniam</strong></span> <span class='ocrx_word' id='word_1_249' title='bbox 469 2063 601 2101; x_wconf 83' lang='lat' dir='ltr'><strong>propter</strong></span> <span class='ocrx_word' id='word_1_250' title='bbox 615 2062 699 2100; x_wconf 85' lang='lat' dir='ltr'><strong>quod</strong></span> <span class='ocrx_word' id='word_1_251' title='bbox 714 2062 767 2091; x_wconf 83' lang='lat' dir='ltr'><strong>ad-</strong></span> 
     </span>
     <span class='ocr_line' id='line_1_44' title="bbox 68 2107 767 2147; baseline 0.001 -10"><span class='ocrx_word' id='word_1_252' title='bbox 68 2117 160 2138; x_wconf 62' lang='lat' dir='ltr'><strong>versa</strong></span> <span class='ocrx_word' id='word_1_253' title='bbox 175 2109 241 2146; x_wconf 84' lang='lat' dir='ltr'><strong>pati</strong></span> <span class='ocrx_word' id='word_1_254' title='bbox 261 2108 484 2147; x_wconf 75' lang='lat' dir='ltr'><strong>aggredimur,</strong></span> <span class='ocrx_word' id='word_1_255' title='bbox 500 2107 533 2137; x_wconf 87' lang='lat' dir='ltr'><strong>id</strong></span> <span class='ocrx_word' id='word_1_256' title='bbox 548 2107 690 2137; x_wconf 85' lang='lat' dir='ltr'><strong>nondum</strong></span> <span class='ocrx_word' id='word_1_257' title='bbox 716 2116 767 2138; x_wconf 87' lang='lat' dir='ltr'><strong>re-</strong></span> 
     </span>
     <span class='ocr_line' id='line_1_45' title="bbox 68 2154 766 2192; baseline 0.001 -9"><span class='ocrx_word' id='word_1_258' title='bbox 68 2154 210 2184; x_wconf 71' lang='lat' dir='ltr'><strong>velatum</strong></span> <span class='ocrx_word' id='word_1_259' title='bbox 226 2155 284 2184; x_wconf 90' lang='lat' dir='ltr'><strong>est.</strong></span> <span class='ocrx_word' id='word_1_260' title='bbox 302 2154 334 2184; x_wconf 90' lang='lat' dir='ltr'><strong>Si</strong></span> <span class='ocrx_word' id='word_1_261' title='bbox 349 2154 435 2184; x_wconf 87' lang='lat' dir='ltr'><strong>enim</strong></span> <span class='ocrx_word' id='word_1_262' title='bbox 463 2154 531 2184; x_wconf 89' lang='lat' dir='ltr'><strong>dies</strong></span> <span class='ocrx_word' id='word_1_263' title='bbox 546 2154 602 2183; x_wconf 85' lang='lat' dir='ltr'><strong>ille</strong></span> <span class='ocrx_word' id='word_1_264' title='bbox 623 2154 766 2192; x_wconf 83' lang='lat' dir='ltr'><strong>luceret,</strong></span> 
     </span>
     <span class='ocr_line' id='line_1_46' title="bbox 70 2198 766 2237; baseline 0 -9"><span class='ocrx_word' id='word_1_265' title='bbox 70 2199 103 2228; x_wconf 90' lang='lat' dir='ltr'><strong>in</strong></span> <span class='ocrx_word' id='word_1_266' title='bbox 124 2199 215 2236; x_wconf 72' lang='lat' dir='ltr'><strong>cuius</strong></span> <span class='ocrx_word' id='word_1_267' title='bbox 236 2199 359 2229; x_wconf 87' lang='lat' dir='ltr'><strong>lumine</strong></span> <span class='ocrx_word' id='word_1_268' title='bbox 385 2198 507 2237; x_wconf 86' lang='lat' dir='ltr'><strong>pariter</strong></span> <span class='ocrx_word' id='word_1_269' title='bbox 527 2200 560 2229; x_wconf 86' lang='lat' dir='ltr'><strong>et</strong></span> <span class='ocrx_word' id='word_1_270' title='bbox 584 2198 711 2229; x_wconf 81' lang='lat' dir='ltr'><strong>labores</strong></span> <span class='ocrx_word' id='word_1_271' title='bbox 736 2200 766 2228; x_wconf 81' lang='lat' dir='ltr'><strong>et</strong></span> 
     </span>
     <span class='ocr_line' id='line_1_47' title="bbox 69 2243 767 2282; baseline 0 -9"><span class='ocrx_word' id='word_1_272' title='bbox 69 2245 200 2282; x_wconf 86' lang='lat' dir='ltr'><strong>praemia</strong></span> <span class='ocrx_word' id='word_1_273' title='bbox 215 2244 400 2274; x_wconf 85' lang='lat' dir='ltr'><strong>videremus</strong></span> <span class='ocrx_word' id='word_1_274' title='bbox 411 2266 420 2282; x_wconf 89' lang='lat'><strong>,</strong></span> <span class='ocrx_word' id='word_1_275' title='bbox 433 2243 531 2273; x_wconf 85' lang='lat' dir='ltr'><strong>timor</strong></span> <span class='ocrx_word' id='word_1_276' title='bbox 547 2243 676 2273; x_wconf 89' lang='lat' dir='ltr'><strong>omnino</strong></span> <span class='ocrx_word' id='word_1_277' title='bbox 690 2253 767 2282; x_wconf 87' lang='lat' dir='ltr'><strong>quo-</strong></span> 
     </span>
     <span class='ocr_line' id='line_1_48' title="bbox 70 2289 767 2328; baseline 0.004 -11"><span class='ocrx_word' id='word_1_278' title='bbox 70 2289 193 2318; x_wconf 71' lang='lat' dir='ltr'><strong>rumvis</strong></span> <span class='ocrx_word' id='word_1_279' title='bbox 206 2290 352 2319; x_wconf 89' lang='lat' dir='ltr'><strong>laborum</strong></span> <span class='ocrx_word' id='word_1_280' title='bbox 377 2290 486 2319; x_wconf 87' lang='lat' dir='ltr'><strong>nullus</strong></span> <span class='ocrx_word' id='word_1_281' title='bbox 501 2291 583 2320; x_wconf 83' lang='lat' dir='ltr'><strong>esset</strong></span> <span class='ocrx_word' id='word_1_282' title='bbox 605 2298 670 2328; x_wconf 86' lang='lat' dir='ltr'><strong>prae</strong></span> <span class='ocrx_word' id='word_1_283' title='bbox 685 2290 767 2320; x_wconf 82' lang='lat' dir='ltr'><strong>desi—</strong></span> 
     </span>
     <span class='ocr_line' id='line_1_49' title="bbox 70 2335 768 2375; baseline 0.003 -12"><span class='ocrx_word' id='word_1_284' title='bbox 70 2335 160 2363; x_wconf 77' lang='lat' dir='ltr'><strong>derio</strong></span> <span class='ocrx_word' id='word_1_285' title='bbox 180 2336 403 2373; x_wconf 82' lang='lat' dir='ltr'><strong>praemiorum,</strong></span> <span class='ocrx_word' id='word_1_286' title='bbox 423 2335 499 2365; x_wconf 89' lang='lat' dir='ltr'><strong>dum</strong></span> <span class='ocrx_word' id='word_1_287' title='bbox 515 2336 599 2365; x_wconf 84' lang='lat' dir='ltr'><strong>clara</strong></span> <span class='ocrx_word' id='word_1_288' title='bbox 621 2336 693 2366; x_wconf 87' lang='lat' dir='ltr'><strong>luce</strong></span> <span class='ocrx_word' id='word_1_289' title='bbox 712 2345 768 2375; x_wconf 85' lang='lat' dir='ltr'><strong>ap-</strong></span> 
     </span>
     <span class='ocr_line' id='line_1_50' title="bbox 72 2380 769 2420; baseline 0.009 -14"><span class='ocrx_word' id='word_1_290' title='bbox 72 2381 219 2417; x_wconf 83' lang='lat' dir='ltr'><strong>pareret,</strong></span> <span class='ocrx_word' id='word_1_291' title='bbox 244 2380 395 2418; x_wconf 84' lang='lat' dir='ltr'><strong>quoniam</strong></span> <span class='ocrx_word' id='word_1_292' title='bbox 420 2389 483 2410; x_wconf 85' lang='lat' dir='ltr'><strong>non</strong></span> <span class='ocrx_word' id='word_1_293' title='bbox 510 2383 580 2411; x_wconf 84' lang='lat' dir='ltr'><strong>sunl</strong></span> <span class='ocrx_word' id='word_1_294' title='bbox 616 2382 769 2420; x_wconf 76' lang='lat' dir='ltr'><strong>condiqnoe</strong></span> 
     </span>
     <span class='ocr_line' id='line_1_51' title="bbox 67 2425 770 2465; baseline 0.009 -13"><span class='ocrx_word' id='word_1_295' title='bbox 67 2427 224 2464; x_wconf 71' lang='lat' dir='ltr'><strong>passiones</strong></span> <span class='ocrx_word' id='word_1_296' title='bbox 239 2425 328 2463; x_wconf 80' lang='lat' dir='ltr'><strong>hujus</strong></span> <span class='ocrx_word' id='word_1_297' title='bbox 343 2427 485 2464; x_wconf 75' lang='lat' dir='ltr'><strong>temporis</strong></span> <span class='ocrx_word' id='word_1_298' title='bbox 500 2428 539 2456; x_wconf 82' lang='lat' dir='ltr'><strong>ad</strong></span> <span class='ocrx_word' id='word_1_299' title='bbox 553 2427 691 2464; x_wconf 69' lang='lat' dir='ltr'><strong>ficturum</strong></span> <span class='ocrx_word' id='word_1_300' title='bbox 707 2429 770 2465; x_wconf 76' lang='lat' dir='ltr'><strong>qlo-</strong></span> 
     </span>
     <span class='ocr_line' id='line_1_52' title="bbox 71 2472 770 2509; baseline 0.009 -10"><span class='ocrx_word' id='word_1_301' title='bbox 71 2472 164 2508; x_wconf 78' lang='lat' dir='ltr'><strong>riam,</strong></span> <span class='ocrx_word' id='word_1_302' title='bbox 175 2481 241 2509; x_wconf 80' lang='lat' dir='ltr'><strong>quoe</strong></span> <span class='ocrx_word' id='word_1_303' title='bbox 253 2472 432 2502; x_wconf 65' lang='lat' dir='ltr'><strong>rei-elabitur</strong></span> <span class='ocrx_word' id='word_1_304' title='bbox 445 2475 475 2502; x_wconf 88' lang='lat' dir='ltr'><strong>in</strong></span> <span class='ocrx_word' id='word_1_305' title='bbox 486 2473 584 2504; x_wconf 88' lang='lat' dir='ltr'><strong>nobis.</strong></span> <span class='ocrx_word' id='word_1_306' title='bbox 596 2475 685 2505; x_wconf 82' lang='lat' dir='ltr'><strong>Nunc</strong></span> <span class='ocrx_word' id='word_1_307' title='bbox 694 2483 770 2505; x_wconf 90' lang='lat' dir='ltr'><strong>vero</strong></span> 
     </span>
     <span class='ocr_line' id='line_1_53' title="bbox 72 2517 771 2553; baseline 0.007 -8"><span class='ocrx_word' id='word_1_308' title='bbox 72 2517 222 2553; x_wconf 78' lang='lat' dir='ltr'><strong>quoniam</strong></span> <span class='ocrx_word' id='word_1_309' title='bbox 234 2517 420 2547; x_wconf 83' lang='lat' dir='ltr'><strong>abscondita</strong></span> <span class='ocrx_word' id='word_1_310' title='bbox 434 2519 510 2549; x_wconf 91' lang='lat' dir='ltr'><strong>sunt</strong></span> <span class='ocrx_word' id='word_1_311' title='bbox 524 2519 564 2549; x_wconf 84' lang='lat' dir='ltr'><strong>ab</strong></span> <span class='ocrx_word' id='word_1_312' title='bbox 580 2520 682 2550; x_wconf 88' lang='lat' dir='ltr'><strong>oculis</strong></span> <span class='ocrx_word' id='word_1_313' title='bbox 696 2529 771 2550; x_wconf 88' lang='lat' dir='ltr'><strong>nos-</strong></span> 
     </span>
     <span class='ocr_line' id='line_1_54' title="bbox 73 2562 769 2605; baseline 0.009 -14"><span class='ocrx_word' id='word_1_314' title='bbox 73 2562 193 2600; x_wconf 77' lang='lat' dir='ltr'><strong>tris‚et</strong></span> <span class='ocrx_word' id='word_1_315' title='bbox 216 2572 281 2594; x_wconf 89' lang='lat' dir='ltr'><strong>nox</strong></span> <span class='ocrx_word' id='word_1_316' title='bbox 306 2564 354 2593; x_wconf 90' lang='lat' dir='ltr'><strong>est</strong></span> <span class='ocrx_word' id='word_1_317' title='bbox 378 2564 511 2595; x_wconf 90' lang='lat' dir='ltr'><strong>interim</strong></span> <span class='ocrx_word' id='word_1_318' title='bbox 535 2564 569 2595; x_wconf 93' lang='lat' dir='ltr'><strong>in</strong></span> <span class='ocrx_word' id='word_1_319' title='bbox 586 2566 643 2596; x_wconf 81' lang='lat' dir='ltr'><strong>liae</strong></span> <span class='ocrx_word' id='word_1_320' title='bbox 660 2567 769 2605; x_wconf 83' lang='lat' dir='ltr'><strong>parte3</strong></span> 
     </span>
     <span class='ocr_line' id='line_1_55' title="bbox 75 2610 769 2651; baseline 0 -10"><span class='ocrx_word' id='word_1_321' title='bbox 75 2610 234 2641; x_wconf 63' lang='lat' dir='ltr'><strong>tentamur</strong></span> <span class='ocrx_word' id='word_1_322' title='bbox 261 2610 413 2640; x_wconf 84' lang='lat' dir='ltr'><strong>nimirum</strong></span> <span class='ocrx_word' id='word_1_323' title='bbox 430 2611 572 2642; x_wconf 83' lang='lat' dir='ltr'><strong>atimore</strong></span> <span class='ocrx_word' id='word_1_324' title='bbox 595 2614 769 2651; x_wconf 86' lang='lat' dir='ltr'><strong>nocturno,</strong></span> 
     </span>
    </p>
   </div>
   <div class='ocr_carea' id='block_1_5' title="bbox 788 329 1508 2652">
    <p class='ocr_par' dir='ltr' id='par_1_6' title="bbox 788 329 1494 589">
     <span class='ocr_line' id='line_1_56' title="bbox 789 329 1490 368; baseline -0.001 -6"><span class='ocrx_word' id='word_1_325' title='bbox 789 341 879 362; x_wconf 78' lang='lat' dir='ltr'><strong>versa</strong></span> <span class='ocrx_word' id='word_1_326' title='bbox 903 329 1274 368; x_wconf 73' lang='lat' dir='ltr'><strong>tolerare.Vigilandu1n</strong></span> <span class='ocrx_word' id='word_1_327' title='bbox 1300 332 1434 367; x_wconf 85' lang='lat' dir='ltr'><strong>proinde</strong></span> <span class='ocrx_word' id='word_1_328' title='bbox 1456 334 1490 363; x_wconf 83' lang='lat' dir='ltr'><strong>et</strong></span> 
     </span>
     <span class='ocr_line' id='line_1_57' title="bbox 789 375 1491 415; baseline -0.001 -8"><span class='ocrx_word' id='word_1_329' title='bbox 789 378 942 407; x_wconf 90' lang='lat' dir='ltr'><strong>orandum</strong></span> <span class='ocrx_word' id='word_1_330' title='bbox 958 377 1064 415; x_wconf 85' lang='lat' dir='ltr'><strong>primo</strong></span> <span class='ocrx_word' id='word_1_331' title='bbox 1076 375 1276 406; x_wconf 79' lang='lat' dir='ltr'><strong>intrantibus</strong></span> <span class='ocrx_word' id='word_1_332' title='bbox 1288 376 1396 405; x_wconf 89' lang='lat' dir='ltr'><strong>contra</strong></span> <span class='ocrx_word' id='word_1_333' title='bbox 1408 377 1491 406; x_wconf 83' lang='lat' dir='ltr'><strong>hanc</strong></span> 
     </span>
     <span class='ocr_line' id='line_1_58' title="bbox 790 420 1491 461; baseline -0.004 -8"><span class='ocrx_word' id='word_1_334' title='bbox 790 425 925 461; x_wconf 86' lang='lat' dir='ltr'><strong>primam</strong></span> <span class='ocrx_word' id='word_1_335' title='bbox 938 422 1154 453; x_wconf 85' lang='lat' dir='ltr'><strong>tentationem</strong></span> <span class='ocrx_word' id='word_1_336' title='bbox 1165 442 1174 458; x_wconf 81' lang='lat'>‚</span> <span class='ocrx_word' id='word_1_337' title='bbox 1189 428 1230 450; x_wconf 88' lang='lat' dir='ltr'><strong>ne</strong></span> <span class='ocrx_word' id='word_1_338' title='bbox 1246 420 1352 449; x_wconf 87' lang='lat' dir='ltr'><strong>subito</strong></span> <span class='ocrx_word' id='word_1_339' title='bbox 1367 428 1491 457; x_wconf 83' lang='lat' dir='ltr'><strong>praeoc-</strong></span> 
     </span>
     <span class='ocr_line' id='line_1_59' title="bbox 788 464 1493 507; baseline -0.003 -9"><span class='ocrx_word' id='word_1_340' title='bbox 788 469 898 507; x_wconf 83' lang='lat' dir='ltr'><strong>cupati</strong></span> <span class='ocrx_word' id='word_1_341' title='bbox 932 477 950 497; x_wconf 89' lang='lat' dir='ltr'><strong>a</strong></span> <span class='ocrx_word' id='word_1_342' title='bbox 982 465 1253 506; x_wconf 77' lang='lat' dir='ltr'><strong>pusillanimitate</strong></span> <span class='ocrx_word' id='word_1_343' title='bbox 1291 464 1424 503; x_wconf 84' lang='lat' dir='ltr'><strong>spiritus</strong></span> <span class='ocrx_word' id='word_1_344' title='bbox 1458 466 1493 496; x_wconf 77' lang='lat' dir='ltr'><strong>et</strong></span> 
     </span>
     <span class='ocr_line' id='line_1_60' title="bbox 789 508 1494 552; baseline -0.007 -8"><span class='ocrx_word' id='word_1_345' title='bbox 789 514 980 552; x_wconf 81' lang='lat' dir='ltr'><strong>tempestate</strong></span> <span class='ocrx_word' id='word_1_346' title='bbox 991 534 1000 552; x_wconf 81' lang='lat'><strong>,</strong></span> <span class='ocrx_word' id='word_1_347' title='bbox 1016 521 1035 542; x_wconf 84' lang='lat' dir='ltr'><strong>a</strong></span> <span class='ocrx_word' id='word_1_348' title='bbox 1049 513 1132 543; x_wconf 88' lang='lat' dir='ltr'><strong>bono</strong></span> <span class='ocrx_word' id='word_1_349' title='bbox 1149 512 1254 550; x_wconf 85' lang='lat' dir='ltr'><strong>coepto</strong></span> <span class='ocrx_word' id='word_1_350' title='bbox 1271 508 1380 550; x_wconf 85' lang='lat' dir='ltr'><strong>(quod</strong></span> <span class='ocrx_word' id='word_1_351' title='bbox 1393 509 1494 549; x_wconf 86' lang='lat' dir='ltr'><strong>absit)</strong></span> 
     </span>
     <span class='ocr_line' id='line_1_61' title="bbox 789 559 948 589; baseline -0.006 0"><span class='ocrx_word' id='word_1_352' title='bbox 789 559 948 589; x_wconf 89' lang='lat' dir='ltr'><strong>resiliant.</strong></span> 
     </span>
    </p>

    <p class='ocr_par' dir='ltr' id='par_1_7' title="bbox 788 599 1504 1779">
     <span class='ocr_line' id='line_1_62' title="bbox 829 599 1493 642; baseline -0.006 -8"><span class='ocrx_word' id='word_1_353' title='bbox 829 605 878 634; x_wconf 77' lang='lat'><strong>12.</strong></span> <span class='ocrx_word' id='word_1_354' title='bbox 903 601 1061 642; x_wconf 84' lang='lat' dir='ltr'><strong>Superata</strong></span> <span class='ocrx_word' id='word_1_355' title='bbox 1085 602 1195 633; x_wconf 84' lang='lat' dir='ltr'><strong>autem</strong></span> <span class='ocrx_word' id='word_1_356' title='bbox 1209 602 1270 632; x_wconf 87' lang='lat' dir='ltr'><strong>hac</strong></span> <span class='ocrx_word' id='word_1_357' title='bbox 1294 599 1493 638; x_wconf 84' lang='lat' dir='ltr'><strong>tentatione,</strong></span> 
     </span>
     <span class='ocr_line' id='line_1_63' title="bbox 791 647 1495 679; baseline -0.004 0"><span class='ocrx_word' id='word_1_358' title='bbox 791 658 953 679; x_wconf 87' lang='lat' dir='ltr'><strong>armemus</strong></span> <span class='ocrx_word' id='word_1_359' title='bbox 979 657 1038 679; x_wconf 90' lang='lat' dir='ltr'><strong>nos</strong></span> <span class='ocrx_word' id='word_1_360' title='bbox 1052 648 1266 678; x_wconf 90' lang='lat' dir='ltr'><strong>nihilominus</strong></span> <span class='ocrx_word' id='word_1_361' title='bbox 1287 648 1320 678; x_wconf 86' lang='lat' dir='ltr'><strong>et</strong></span> <span class='ocrx_word' id='word_1_362' title='bbox 1341 647 1495 677; x_wconf 81' lang='lat' dir='ltr'><strong>adversus</strong></span> 
     </span>
     <span class='ocr_line' id='line_1_64' title="bbox 789 692 1495 732; baseline -0.004 -8"><span class='ocrx_word' id='word_1_363' title='bbox 789 696 959 724; x_wconf 88' lang='lat' dir='ltr'><strong>hominum</strong></span> <span class='ocrx_word' id='word_1_364' title='bbox 972 694 1085 724; x_wconf 88' lang='lat' dir='ltr'><strong>laudes</strong></span> <span class='ocrx_word' id='word_1_365' title='bbox 1099 715 1108 731; x_wconf 80' lang='lat'><strong>,</strong></span> <span class='ocrx_word' id='word_1_366' title='bbox 1124 702 1196 732; x_wconf 84' lang='lat' dir='ltr'><strong>quae</strong></span> <span class='ocrx_word' id='word_1_367' title='bbox 1211 693 1251 723; x_wconf 94' lang='lat' dir='ltr'><strong>de</strong></span> <span class='ocrx_word' id='word_1_368' title='bbox 1266 692 1423 722; x_wconf 84' lang='lat' dir='ltr'><strong>laudabili</strong></span> <span class='ocrx_word' id='word_1_369' title='bbox 1438 701 1495 730; x_wconf 88' lang='lat' dir='ltr'><strong>po-</strong></span> 
     </span>
     <span class='ocr_line' id='line_1_65' title="bbox 790 738 1496 771; baseline -0.004 -1"><span class='ocrx_word' id='word_1_370' title='bbox 790 741 950 771; x_wconf 89' lang='lat' dir='ltr'><strong>tissimum</strong></span> <span class='ocrx_word' id='word_1_371' title='bbox 971 740 1038 770; x_wconf 77' lang='lat' dir='ltr'><strong>vita</strong></span> <span class='ocrx_word' id='word_1_372' title='bbox 1062 740 1195 769; x_wconf 86' lang='lat' dir='ltr'><strong>sumunt</strong></span> <span class='ocrx_word' id='word_1_373' title='bbox 1209 739 1390 769; x_wconf 82' lang='lat' dir='ltr'><strong>materiam.</strong></span> <span class='ocrx_word' id='word_1_374' title='bbox 1407 738 1496 768; x_wconf 85' lang='lat' dir='ltr'><strong>Alio-</strong></span> 
     </span>
     <span class='ocr_line' id='line_1_66' title="bbox 788 785 1497 824; baseline -0.003 -8"><span class='ocrx_word' id='word_1_375' title='bbox 788 787 867 824; x_wconf 76' lang='lat' dir='ltr'><strong>quIn</strong></span> <span class='ocrx_word' id='word_1_376' title='bbox 893 786 1078 824; x_wconf 85' lang='lat' dir='ltr'><strong>patebimus</strong></span> <span class='ocrx_word' id='word_1_377' title='bbox 1098 785 1230 815; x_wconf 83' lang='lat' dir='ltr'><strong>vulneri</strong></span> <span class='ocrx_word' id='word_1_378' title='bbox 1253 793 1271 814; x_wconf 86' lang='lat' dir='ltr'><strong>a</strong></span> <span class='ocrx_word' id='word_1_379' title='bbox 1297 786 1411 823; x_wconf 73' lang='lat' dir='ltr'><strong>saqitta</strong></span> <span class='ocrx_word' id='word_1_380' title='bbox 1443 793 1497 814; x_wconf 80' lang='lat' dir='ltr'><strong>vo·</strong></span> 
     </span>
     <span class='ocr_line' id='line_1_67' title="bbox 789 831 1495 870; baseline -0.004 -8"><span class='ocrx_word' id='word_1_381' title='bbox 789 833 870 862; x_wconf 79' lang='lat' dir='ltr'><strong>laute</strong></span> <span class='ocrx_word' id='word_1_382' title='bbox 881 834 912 862; x_wconf 85' lang='lat' dir='ltr'><strong>in</strong></span> <span class='ocrx_word' id='word_1_383' title='bbox 927 833 992 869; x_wconf 79' lang='lat' dir='ltr'><strong>die,</strong></span> <span class='ocrx_word' id='word_1_384' title='bbox 1008 840 1080 870; x_wconf 87' lang='lat' dir='ltr'><strong>quae</strong></span> <span class='ocrx_word' id='word_1_385' title='bbox 1093 832 1143 861; x_wconf 84' lang='lat' dir='ltr'><strong>est</strong></span> <span class='ocrx_word' id='word_1_386' title='bbox 1157 831 1261 861; x_wconf 90' lang='lat' dir='ltr'><strong>inanis</strong></span> <span class='ocrx_word' id='word_1_387' title='bbox 1272 831 1384 869; x_wconf 80' lang='lat' dir='ltr'><strong>gloria.</strong></span> <span class='ocrx_word' id='word_1_388' title='bbox 1399 831 1495 860; x_wconf 85' lang='lat' dir='ltr'><strong>Fama</strong></span> 
     </span>
     <span class='ocr_line' id='line_1_68' title="bbox 789 876 1495 915; baseline -0.003 -8"><span class='ocrx_word' id='word_1_389' title='bbox 789 878 950 915; x_wconf 87' lang='lat' dir='ltr'><strong>siquidem</strong></span> <span class='ocrx_word' id='word_1_390' title='bbox 963 878 1051 907; x_wconf 85' lang='lat' dir='ltr'><strong>volat</strong></span> <span class='ocrx_word' id='word_1_391' title='bbox 1067 886 1075 906; x_wconf 82' lang='lat' dir='ltr'>z</span> <span class='ocrx_word' id='word_1_392' title='bbox 1093 878 1126 907; x_wconf 93' lang='lat' dir='ltr'><strong>et</strong></span> <span class='ocrx_word' id='word_1_393' title='bbox 1141 877 1214 907; x_wconf 87' lang='lat' dir='ltr'><strong>ideo</strong></span> <span class='ocrx_word' id='word_1_394' title='bbox 1230 877 1264 906; x_wconf 91' lang='lat' dir='ltr'><strong>in</strong></span> <span class='ocrx_word' id='word_1_395' title='bbox 1276 877 1348 913; x_wconf 86' lang='lat' dir='ltr'><strong>die,</strong></span> <span class='ocrx_word' id='word_1_396' title='bbox 1363 876 1440 914; x_wconf 85' lang='lat' dir='ltr'><strong>quia</strong></span> <span class='ocrx_word' id='word_1_397' title='bbox 1452 884 1495 906; x_wconf 87' lang='lat' dir='ltr'><strong>ex</strong></span> 
     </span>
     <span class='ocr_line' id='line_1_69' title="bbox 790 921 1496 961; baseline -0.001 -10"><span class='ocrx_word' id='word_1_398' title='bbox 790 923 941 961; x_wconf 83' lang='lat' dir='ltr'><strong>operibus</strong></span> <span class='ocrx_word' id='word_1_399' title='bbox 955 923 1048 952; x_wconf 86' lang='lat' dir='ltr'><strong>lucis.</strong></span> <span class='ocrx_word' id='word_1_400' title='bbox 1066 923 1098 953; x_wconf 91' lang='lat' dir='ltr'><strong>Si</strong></span> <span class='ocrx_word' id='word_1_401' title='bbox 1114 923 1183 952; x_wconf 86' lang='lat' dir='ltr'><strong>haec</strong></span> <span class='ocrx_word' id='word_1_402' title='bbox 1203 921 1398 952; x_wconf 81' lang='lat' dir='ltr'><strong>exsufflatur</strong></span> <span class='ocrx_word' id='word_1_403' title='bbox 1412 922 1496 951; x_wconf 86' lang='lat' dir='ltr'><strong>tam-</strong></span> 
     </span>
     <span class='ocr_line' id='line_1_70' title="bbox 790 967 1495 1006; baseline -0.003 -8"><span class='ocrx_word' id='word_1_404' title='bbox 790 977 885 1006; x_wconf 91' lang='lat' dir='ltr'><strong>quam</strong></span> <span class='ocrx_word' id='word_1_405' title='bbox 912 969 1017 998; x_wconf 82' lang='lat' dir='ltr'><strong>inanis</strong></span> <span class='ocrx_word' id='word_1_406' title='bbox 1046 976 1140 1005; x_wconf 79' lang='lat' dir='ltr'><strong>aura,</strong></span> <span class='ocrx_word' id='word_1_407' title='bbox 1169 970 1270 998; x_wconf 82' lang='lat' dir='ltr'><strong>restat</strong></span> <span class='ocrx_word' id='word_1_408' title='bbox 1295 968 1332 997; x_wconf 93' lang='lat' dir='ltr'><strong>ut</strong></span> <span class='ocrx_word' id='word_1_409' title='bbox 1359 967 1495 997; x_wconf 88' lang='lat' dir='ltr'><strong>solidius</strong></span> 
     </span>
     <span class='ocr_line' id='line_1_71' title="bbox 791 1012 1497 1053; baseline -0.001 -10"><span class='ocrx_word' id='word_1_410' title='bbox 791 1014 914 1053; x_wconf 88' lang='lat' dir='ltr'><strong>aliquid</strong></span> <span class='ocrx_word' id='word_1_411' title='bbox 939 1015 1089 1044; x_wconf 79' lang='lat' dir='ltr'><strong>offeratur</strong></span> <span class='ocrx_word' id='word_1_412' title='bbox 1104 1014 1143 1044; x_wconf 88' lang='lat' dir='ltr'><strong>de</strong></span> <span class='ocrx_word' id='word_1_413' title='bbox 1166 1013 1290 1043; x_wconf 74' lang='lat' dir='ltr'><strong>divitiis</strong></span> <span class='ocrx_word' id='word_1_414' title='bbox 1306 1014 1339 1044; x_wconf 92' lang='lat' dir='ltr'><strong>et</strong></span> <span class='ocrx_word' id='word_1_415' title='bbox 1363 1012 1497 1042; x_wconf 89' lang='lat' dir='ltr'><strong>honori-</strong></span> 
     </span>
     <span class='ocr_line' id='line_1_72' title="bbox 792 1059 1498 1098; baseline 0.001 -10"><span class='ocrx_word' id='word_1_416' title='bbox 792 1060 852 1089; x_wconf 87' lang='lat' dir='ltr'><strong>bus</strong></span> <span class='ocrx_word' id='word_1_417' title='bbox 877 1060 1006 1098; x_wconf 84' lang='lat' dir='ltr'><strong>saeculi,</strong></span> <span class='ocrx_word' id='word_1_418' title='bbox 1022 1060 1049 1090; x_wconf 88' lang='lat' dir='ltr'><strong>si</strong></span> <span class='ocrx_word' id='word_1_419' title='bbox 1065 1060 1145 1090; x_wconf 84' lang='lat' dir='ltr'><strong>forte</strong></span> <span class='ocrx_word' id='word_1_420' title='bbox 1162 1059 1218 1098; x_wconf 87' lang='lat' dir='ltr'><strong>qui</strong></span> <span class='ocrx_word' id='word_1_421' title='bbox 1233 1068 1297 1089; x_wconf 91' lang='lat' dir='ltr'><strong>non</strong></span> <span class='ocrx_word' id='word_1_422' title='bbox 1320 1059 1410 1089; x_wconf 86' lang='lat' dir='ltr'><strong>curat</strong></span> <span class='ocrx_word' id='word_1_423' title='bbox 1425 1059 1498 1089; x_wconf 90' lang='lat' dir='ltr'><strong>lau-</strong></span> 
     </span>
     <span class='ocr_line' id='line_1_73' title="bbox 793 1105 1498 1144; baseline -0.003 -8"><span class='ocrx_word' id='word_1_424' title='bbox 793 1106 866 1144; x_wconf 87' lang='lat' dir='ltr'><strong>des,</strong></span> <span class='ocrx_word' id='word_1_425' title='bbox 884 1107 1015 1144; x_wconf 82' lang='lat' dir='ltr'><strong>appetat</strong></span> <span class='ocrx_word' id='word_1_426' title='bbox 1030 1105 1215 1143; x_wconf 80' lang='lat' dir='ltr'><strong>dignitates.</strong></span> <span class='ocrx_word' id='word_1_427' title='bbox 1227 1106 1264 1135; x_wconf 87' lang='lat' dir='ltr'><strong>Et</strong></span> <span class='ocrx_word' id='word_1_428' title='bbox 1278 1105 1355 1135; x_wconf 86' lang='lat' dir='ltr'><strong>vide</strong></span> <span class='ocrx_word' id='word_1_429' title='bbox 1365 1127 1375 1143; x_wconf 89' lang='lat'><strong>,</strong></span> <span class='ocrx_word' id='word_1_430' title='bbox 1390 1105 1418 1135; x_wconf 89' lang='lat' dir='ltr'><strong>si</strong></span> <span class='ocrx_word' id='word_1_431' title='bbox 1433 1113 1498 1134; x_wconf 89' lang='lat' dir='ltr'><strong>non</strong></span> 
     </span>
     <span class='ocr_line' id='line_1_74' title="bbox 794 1151 1498 1181; baseline 0.001 -2"><span class='ocrx_word' id='word_1_432' title='bbox 794 1151 847 1180; x_wconf 90' lang='lat' dir='ltr'><strong>hic</strong></span> <span class='ocrx_word' id='word_1_433' title='bbox 877 1152 952 1181; x_wconf 90' lang='lat' dir='ltr'><strong>ordo</strong></span> <span class='ocrx_word' id='word_1_434' title='bbox 968 1152 1116 1181; x_wconf 87' lang='lat' dir='ltr'><strong>tentandi</strong></span> <span class='ocrx_word' id='word_1_435' title='bbox 1139 1153 1284 1181; x_wconf 79' lang='lat' dir='ltr'><strong>servatus</strong></span> <span class='ocrx_word' id='word_1_436' title='bbox 1303 1152 1352 1181; x_wconf 88' lang='lat' dir='ltr'><strong>est</strong></span> <span class='ocrx_word' id='word_1_437' title='bbox 1375 1151 1411 1180; x_wconf 91' lang='lat' dir='ltr'><strong>in</strong></span> <span class='ocrx_word' id='word_1_438' title='bbox 1436 1151 1498 1180; x_wconf 91' lang='lat' dir='ltr'><strong>Do-</strong></span> 
     </span>
     <span class='ocr_line' id='line_1_75' title="bbox 794 1196 1499 1235; baseline 0.001 -10"><span class='ocrx_word' id='word_1_439' title='bbox 794 1196 880 1227; x_wconf 88' lang='lat' dir='ltr'><strong>mino</strong></span> <span class='ocrx_word' id='word_1_440' title='bbox 895 1198 1002 1227; x_wconf 89' lang='lat' dir='ltr'><strong>nostro</strong></span> <span class='ocrx_word' id='word_1_441' title='bbox 1012 1219 1020 1234; x_wconf 85' lang='lat'><strong>,</strong></span> <span class='ocrx_word' id='word_1_442' title='bbox 1037 1197 1089 1227; x_wconf 88' lang='lat' dir='ltr'><strong>cui</strong></span> <span class='ocrx_word' id='word_1_443' title='bbox 1102 1198 1173 1235; x_wconf 89' lang='lat' dir='ltr'><strong>post</strong></span> <span class='ocrx_word' id='word_1_444' title='bbox 1191 1197 1377 1235; x_wconf 80' lang='lat' dir='ltr'><strong>suggestum</strong></span> <span class='ocrx_word' id='word_1_445' title='bbox 1391 1197 1431 1227; x_wconf 85' lang='lat' dir='ltr'><strong>ad</strong></span> <span class='ocrx_word' id='word_1_446' title='bbox 1446 1204 1499 1227; x_wconf 89' lang='lat' dir='ltr'><strong>so-</strong></span> 
     </span>
     <span class='ocr_line' id='line_1_76' title="bbox 794 1242 1500 1280; baseline 0.001 -10"><span class='ocrx_word' id='word_1_447' title='bbox 794 1242 856 1271; x_wconf 86' lang='lat' dir='ltr'><strong>lam</strong></span> <span class='ocrx_word' id='word_1_448' title='bbox 888 1243 1063 1272; x_wconf 82' lang='lat' dir='ltr'><strong>vanitatem</strong></span> <span class='ocrx_word' id='word_1_449' title='bbox 1096 1242 1314 1280; x_wconf 77' lang='lat' dir='ltr'><strong>praecipitium</strong></span> <span class='ocrx_word' id='word_1_450' title='bbox 1331 1264 1340 1280; x_wconf 86' lang='lat'><strong>,</strong></span> <span class='ocrx_word' id='word_1_451' title='bbox 1370 1242 1500 1272; x_wconf 86' lang='lat' dir='ltr'><strong>ostensa</strong></span> 
     </span>
     <span class='ocr_line' id='line_1_77' title="bbox 794 1287 1497 1325; baseline 0 -8"><span class='ocrx_word' id='word_1_452' title='bbox 794 1288 867 1318; x_wconf 87' lang='lat' dir='ltr'><strong>sunt</strong></span> <span class='ocrx_word' id='word_1_453' title='bbox 887 1288 994 1318; x_wconf 86' lang='lat' dir='ltr'><strong>omnia</strong></span> <span class='ocrx_word' id='word_1_454' title='bbox 1008 1296 1106 1325; x_wconf 81' lang='lat' dir='ltr'><strong>regna</strong></span> <span class='ocrx_word' id='word_1_455' title='bbox 1128 1288 1240 1318; x_wconf 88' lang='lat' dir='ltr'><strong>mundi</strong></span> <span class='ocrx_word' id='word_1_456' title='bbox 1265 1289 1361 1325; x_wconf 84' lang='lat' dir='ltr'><strong>atque</strong></span> <span class='ocrx_word' id='word_1_457' title='bbox 1377 1287 1497 1317; x_wconf 82' lang='lat' dir='ltr'><strong>oblata.</strong></span> 
     </span>
     <span class='ocr_line' id='line_1_78' title="bbox 794 1333 1498 1372; baseline 0.001 -11"><span class='ocrx_word' id='word_1_458' title='bbox 794 1334 840 1362; x_wconf 86' lang='lat' dir='ltr'><strong>Tu</strong></span> <span class='ocrx_word' id='word_1_459' title='bbox 856 1341 931 1372; x_wconf 80' lang='lat' dir='ltr'><strong>ergo</strong></span> <span class='ocrx_word' id='word_1_460' title='bbox 947 1334 1098 1372; x_wconf 71' lang='lat' dir='ltr'><strong>exemplo</strong></span> <span class='ocrx_word' id='word_1_461' title='bbox 1114 1333 1243 1363; x_wconf 91' lang='lat' dir='ltr'><strong>Domini</strong></span> <span class='ocrx_word' id='word_1_462' title='bbox 1256 1334 1289 1363; x_wconf 89' lang='lat' dir='ltr'><strong>et</strong></span> <span class='ocrx_word' id='word_1_463' title='bbox 1309 1333 1370 1363; x_wconf 84' lang='lat' dir='ltr'><strong>ista</strong></span> <span class='ocrx_word' id='word_1_464' title='bbox 1382 1340 1498 1362; x_wconf 90' lang='lat' dir='ltr'><strong>renue.</strong></span> 
     </span>
     <span class='ocr_line' id='line_1_79' title="bbox 794 1378 1501 1409; baseline -0.001 -1"><span class='ocrx_word' id='word_1_465' title='bbox 794 1379 896 1409; x_wconf 80' lang='lat' dir='ltr'><strong>Aliter</strong></span> <span class='ocrx_word' id='word_1_466' title='bbox 909 1387 1041 1409; x_wconf 89' lang='lat' dir='ltr'><strong>necesse</strong></span> <span class='ocrx_word' id='word_1_467' title='bbox 1057 1380 1104 1409; x_wconf 89' lang='lat' dir='ltr'><strong>est</strong></span> <span class='ocrx_word' id='word_1_468' title='bbox 1120 1378 1349 1409; x_wconf 86' lang='lat' dir='ltr'><strong>circumveniri</strong></span> <span class='ocrx_word' id='word_1_469' title='bbox 1361 1379 1394 1407; x_wconf 85' lang='lat' dir='ltr'><strong>te</strong></span> <span class='ocrx_word' id='word_1_470' title='bbox 1410 1387 1430 1407; x_wconf 86' lang='lat' dir='ltr'><strong>a</strong></span> <span class='ocrx_word' id='word_1_471' title='bbox 1444 1386 1501 1407; x_wconf 79' lang='lat' dir='ltr'><strong>ne-</strong></span> 
     </span>
     <span class='ocr_line' id='line_1_80' title="bbox 795 1423 1502 1463; baseline -0.003 -9"><span class='ocrx_word' id='word_1_472' title='bbox 795 1426 872 1462; x_wconf 74' lang='lat' dir='ltr'><strong>qotio</strong></span> <span class='ocrx_word' id='word_1_473' title='bbox 886 1425 1119 1463; x_wconf 74' lang='lat' dir='ltr'><strong>perambulante</strong></span> <span class='ocrx_word' id='word_1_474' title='bbox 1145 1426 1176 1454; x_wconf 88' lang='lat' dir='ltr'><strong>in</strong></span> <span class='ocrx_word' id='word_1_475' title='bbox 1192 1424 1340 1460; x_wconf 83' lang='lat' dir='ltr'><strong>tenebris,</strong></span> <span class='ocrx_word' id='word_1_476' title='bbox 1352 1423 1438 1461; x_wconf 90' lang='lat' dir='ltr'><strong>quod</strong></span> <span class='ocrx_word' id='word_1_477' title='bbox 1452 1423 1502 1453; x_wconf 88' lang='lat' dir='ltr'><strong>est</strong></span> 
     </span>
     <span class='ocr_line' id='line_1_81' title="bbox 796 1468 1501 1508; baseline -0.001 -9"><span class='ocrx_word' id='word_1_478' title='bbox 796 1470 985 1508; x_wconf 89' lang='lat' dir='ltr'><strong>hypocrisis.</strong></span> <span class='ocrx_word' id='word_1_479' title='bbox 1011 1470 1138 1499; x_wconf 89' lang='lat' dir='ltr'><strong>Etenim</strong></span> <span class='ocrx_word' id='word_1_480' title='bbox 1164 1469 1225 1500; x_wconf 85' lang='lat' dir='ltr'><strong>ista</strong></span> <span class='ocrx_word' id='word_1_481' title='bbox 1248 1469 1289 1499; x_wconf 91' lang='lat' dir='ltr'><strong>de</strong></span> <span class='ocrx_word' id='word_1_482' title='bbox 1318 1468 1501 1499; x_wconf 81' lang='lat' dir='ltr'><strong>ambitione</strong></span> 
     </span>
     <span class='ocr_line' id='line_1_82' title="bbox 795 1514 1502 1552; baseline 0 -8"><span class='ocrx_word' id='word_1_483' title='bbox 795 1515 963 1545; x_wconf 86' lang='lat' dir='ltr'><strong>descendit</strong></span> <span class='ocrx_word' id='word_1_484' title='bbox 972 1537 981 1552; x_wconf 86' lang='lat'><strong>,</strong></span> <span class='ocrx_word' id='word_1_485' title='bbox 994 1516 1026 1545; x_wconf 90' lang='lat' dir='ltr'><strong>et</strong></span> <span class='ocrx_word' id='word_1_486' title='bbox 1042 1515 1075 1545; x_wconf 88' lang='lat' dir='ltr'><strong>in</strong></span> <span class='ocrx_word' id='word_1_487' title='bbox 1090 1515 1235 1545; x_wconf 86' lang='lat' dir='ltr'><strong>tenebris</strong></span> <span class='ocrx_word' id='word_1_488' title='bbox 1245 1514 1402 1544; x_wconf 84' lang='lat' dir='ltr'><strong>habitatio</strong></span> <span class='ocrx_word' id='word_1_489' title='bbox 1412 1514 1482 1551; x_wconf 89' lang='lat' dir='ltr'><strong>ejus</strong></span> <span class='ocrx_word' id='word_1_490' title='bbox 1492 1522 1502 1551; x_wconf 92' lang='grc'>;</span> 
     </span>
     <span class='ocr_line' id='line_1_83' title="bbox 795 1559 1504 1599; baseline -0.001 -9"><span class='ocrx_word' id='word_1_491' title='bbox 795 1561 914 1599; x_wconf 88' lang='lat' dir='ltr'><strong>quippe</strong></span> <span class='ocrx_word' id='word_1_492' title='bbox 942 1561 1110 1592; x_wconf 87' lang='lat' dir='ltr'><strong>abscondit</strong></span> <span class='ocrx_word' id='word_1_493' title='bbox 1136 1561 1223 1599; x_wconf 89' lang='lat' dir='ltr'><strong>quod</strong></span> <span class='ocrx_word' id='word_1_494' title='bbox 1252 1561 1301 1591; x_wconf 92' lang='lat' dir='ltr'><strong>est</strong></span> <span class='ocrx_word' id='word_1_495' title='bbox 1315 1583 1324 1598; x_wconf 92' lang='lat'>‚</span> <span class='ocrx_word' id='word_1_496' title='bbox 1353 1561 1386 1590; x_wconf 85' lang='lat' dir='ltr'><strong>et</strong></span> <span class='ocrx_word' id='word_1_497' title='bbox 1414 1559 1504 1598; x_wconf 88' lang='lat' dir='ltr'><strong>quod</strong></span> 
     </span>
     <span class='ocr_line' id='line_1_84' title="bbox 796 1606 1502 1643; baseline -0.001 -7"><span class='ocrx_word' id='word_1_498' title='bbox 796 1615 860 1636; x_wconf 90' lang='lat' dir='ltr'><strong>non</strong></span> <span class='ocrx_word' id='word_1_499' title='bbox 889 1608 937 1636; x_wconf 89' lang='lat' dir='ltr'><strong>est</strong></span> <span class='ocrx_word' id='word_1_500' title='bbox 965 1607 1135 1637; x_wconf 88' lang='lat' dir='ltr'><strong>mentitur.</strong></span> <span class='ocrx_word' id='word_1_501' title='bbox 1168 1606 1356 1643; x_wconf 82' lang='lat' dir='ltr'><strong>Negotiatur</strong></span> <span class='ocrx_word' id='word_1_502' title='bbox 1389 1606 1502 1635; x_wconf 84' lang='lat' dir='ltr'><strong>autem</strong></span> 
     </span>
     <span class='ocr_line' id='line_1_85' title="bbox 797 1651 1504 1690; baseline 0 -10"><span class='ocrx_word' id='word_1_503' title='bbox 797 1652 885 1681; x_wconf 89' lang='lat' dir='ltr'><strong>omni</strong></span> <span class='ocrx_word' id='word_1_504' title='bbox 900 1653 1046 1690; x_wconf 85' lang='lat' dir='ltr'><strong>tempore</strong></span> <span class='ocrx_word' id='word_1_505' title='bbox 1060 1674 1069 1690; x_wconf 80' lang='grc'>,</span> <span class='ocrx_word' id='word_1_506' title='bbox 1085 1651 1221 1682; x_wconf 83' lang='lat' dir='ltr'><strong>formam</strong></span> <span class='ocrx_word' id='word_1_507' title='bbox 1236 1651 1382 1681; x_wconf 87' lang='lat' dir='ltr'><strong>retinens</strong></span> <span class='ocrx_word' id='word_1_508' title='bbox 1396 1651 1504 1689; x_wconf 76' lang='lat' dir='ltr'><strong>pieta-</strong></span> 
     </span>
     <span class='ocr_line' id='line_1_86' title="bbox 797 1696 1504 1735; baseline 0.001 -10"><span class='ocrx_word' id='word_1_509' title='bbox 797 1696 839 1726; x_wconf 90' lang='lat' dir='ltr'><strong>tis</strong></span> <span class='ocrx_word' id='word_1_510' title='bbox 853 1696 893 1726; x_wconf 88' lang='lat' dir='ltr'><strong>ad</strong></span> <span class='ocrx_word' id='word_1_511' title='bbox 907 1705 976 1727; x_wconf 91' lang='lat' dir='ltr'><strong>sese</strong></span> <span class='ocrx_word' id='word_1_512' title='bbox 997 1697 1225 1727; x_wconf 86' lang='lat' dir='ltr'><strong>occultandum</strong></span> <span class='ocrx_word' id='word_1_513' title='bbox 1236 1718 1246 1735; x_wconf 83' lang='lat'>‚</span> <span class='ocrx_word' id='word_1_514' title='bbox 1261 1696 1419 1726; x_wconf 82' lang='lat' dir='ltr'><strong>virtutem</strong></span> <span class='ocrx_word' id='word_1_515' title='bbox 1443 1704 1504 1726; x_wconf 85' lang='lat' dir='ltr'><strong>au-</strong></span> 
     </span>
     <span class='ocr_line' id='line_1_87' title="bbox 799 1741 1503 1779; baseline -0.001 -7"><span class='ocrx_word' id='word_1_516' title='bbox 799 1742 865 1771; x_wconf 82' lang='lat' dir='ltr'><strong>tem</strong></span> <span class='ocrx_word' id='word_1_517' title='bbox 880 1741 950 1779; x_wconf 87' lang='lat' dir='ltr'><strong>ejus</strong></span> <span class='ocrx_word' id='word_1_518' title='bbox 965 1742 1154 1779; x_wconf 76' lang='lat' dir='ltr'><strong>vindicans,</strong></span> <span class='ocrx_word' id='word_1_519' title='bbox 1169 1742 1203 1772; x_wconf 83' lang='lat' dir='ltr'><strong>et</strong></span> <span class='ocrx_word' id='word_1_520' title='bbox 1215 1750 1327 1772; x_wconf 88' lang='lat' dir='ltr'><strong>emens</strong></span> <span class='ocrx_word' id='word_1_521' title='bbox 1352 1742 1503 1772; x_wconf 88' lang='lat' dir='ltr'><strong>honores.</strong></span> 
     </span>
    </p>

    <p class='ocr_par' dir='ltr' id='par_1_8' title="bbox 799 1788 1508 2652">
     <span class='ocr_line' id='line_1_88' title="bbox 839 1788 1505 1819; baseline 0 -1"><span class='ocrx_word' id='word_1_522' title='bbox 839 1789 890 1818; x_wconf 77' lang='lat'><strong>15.</strong></span> <span class='ocrx_word' id='word_1_523' title='bbox 906 1789 1070 1819; x_wconf 83' lang='lat' dir='ltr'><strong>Postrema</strong></span> <span class='ocrx_word' id='word_1_524' title='bbox 1084 1788 1222 1819; x_wconf 87' lang='lat' dir='ltr'><strong>tentatio</strong></span> <span class='ocrx_word' id='word_1_525' title='bbox 1242 1789 1292 1819; x_wconf 90' lang='lat' dir='ltr'><strong>est</strong></span> <span class='ocrx_word' id='word_1_526' title='bbox 1307 1788 1505 1818; x_wconf 81' lang='lat' dir='ltr'><strong>daemonium</strong></span> 
     </span>
     <span class='ocr_line' id='line_1_89' title="bbox 800 1834 1506 1873; baseline 0 -9"><span class='ocrx_word' id='word_1_527' title='bbox 800 1835 1036 1873; x_wconf 84' lang='lat' dir='ltr'><strong>meridianum,</strong></span> <span class='ocrx_word' id='word_1_528' title='bbox 1052 1835 1138 1873; x_wconf 87' lang='lat' dir='ltr'><strong>quod</strong></span> <span class='ocrx_word' id='word_1_529' title='bbox 1166 1835 1269 1865; x_wconf 84' lang='lat' dir='ltr'><strong>soleat</strong></span> <span class='ocrx_word' id='word_1_530' title='bbox 1293 1834 1437 1864; x_wconf 85' lang='lat' dir='ltr'><strong>maxime</strong></span> <span class='ocrx_word' id='word_1_531' title='bbox 1453 1835 1506 1865; x_wconf 88' lang='lat' dir='ltr'><strong>in-</strong></span> 
     </span>
     <span class='ocr_line' id='line_1_90' title="bbox 799 1880 1504 1919; baseline 0 -9"><span class='ocrx_word' id='word_1_532' title='bbox 799 1880 910 1910; x_wconf 84' lang='lat' dir='ltr'><strong>sidiari</strong></span> <span class='ocrx_word' id='word_1_533' title='bbox 937 1880 1112 1919; x_wconf 73' lang='lat' dir='ltr'><strong>perfectis,</strong></span> <span class='ocrx_word' id='word_1_534' title='bbox 1140 1881 1197 1919; x_wconf 87' lang='lat' dir='ltr'><strong>qui</strong></span> <span class='ocrx_word' id='word_1_535' title='bbox 1221 1880 1402 1918; x_wconf 87' lang='lat' dir='ltr'><strong>videlicet,</strong></span> <span class='ocrx_word' id='word_1_536' title='bbox 1419 1882 1504 1910; x_wconf 89' lang='lat' dir='ltr'><strong>tam-</strong></span> 
     </span>
     <span class='ocr_line' id='line_1_91' title="bbox 799 1926 1505 1965; baseline 0.003 -10"><span class='ocrx_word' id='word_1_537' title='bbox 799 1934 896 1964; x_wconf 87' lang='lat' dir='ltr'><strong>quam</strong></span> <span class='ocrx_word' id='word_1_538' title='bbox 911 1926 974 1957; x_wconf 83' lang='lat' dir='ltr'><strong>viri</strong></span> <span class='ocrx_word' id='word_1_539' title='bbox 998 1927 1155 1957; x_wconf 84' lang='lat' dir='ltr'><strong>virtutum</strong></span> <span class='ocrx_word' id='word_1_540' title='bbox 1167 1948 1176 1965; x_wconf 83' lang='lat'><strong>‚</strong></span> <span class='ocrx_word' id='word_1_541' title='bbox 1191 1926 1303 1956; x_wconf 86' lang='lat' dir='ltr'><strong>omnia</strong></span> <span class='ocrx_word' id='word_1_542' title='bbox 1326 1934 1505 1964; x_wconf 84' lang='lat' dir='ltr'><strong>superave-</strong></span> 
     </span>
     <span class='ocr_line' id='line_1_92' title="bbox 800 1972 1505 2011; baseline 0.003 -10"><span class='ocrx_word' id='word_1_543' title='bbox 800 1972 891 2010; x_wconf 88' lang='lat' dir='ltr'><strong>rint,</strong></span> <span class='ocrx_word' id='word_1_544' title='bbox 927 1973 1131 2010; x_wconf 82' lang='lat' dir='ltr'><strong>voluptates,</strong></span> <span class='ocrx_word' id='word_1_545' title='bbox 1166 1972 1294 2003; x_wconf 86' lang='lat' dir='ltr'><strong>favores</strong></span> <span class='ocrx_word' id='word_1_546' title='bbox 1309 1994 1319 2011; x_wconf 77' lang='lat'><strong>,</strong></span> <span class='ocrx_word' id='word_1_547' title='bbox 1354 1973 1505 2004; x_wconf 83' lang='lat' dir='ltr'><strong>honores.</strong></span> 
     </span>
     <span class='ocr_line' id='line_1_93' title="bbox 799 2018 1505 2058; baseline 0 -10"><span class='ocrx_word' id='word_1_548' title='bbox 799 2018 884 2055; x_wconf 87' lang='lat' dir='ltr'><strong>Quid</strong></span> <span class='ocrx_word' id='word_1_549' title='bbox 900 2018 985 2048; x_wconf 91' lang='lat' dir='ltr'><strong>enim</strong></span> <span class='ocrx_word' id='word_1_550' title='bbox 999 2019 1066 2056; x_wconf 78' lang='lat' dir='ltr'><strong>Jam</strong></span> <span class='ocrx_word' id='word_1_551' title='bbox 1081 2020 1230 2057; x_wconf 88' lang='lat' dir='ltr'><strong>superest</strong></span> <span class='ocrx_word' id='word_1_552' title='bbox 1251 2019 1284 2049; x_wconf 89' lang='lat' dir='ltr'><strong>ei</strong></span> <span class='ocrx_word' id='word_1_553' title='bbox 1307 2019 1363 2057; x_wconf 92' lang='lat' dir='ltr'><strong>qui</strong></span> <span class='ocrx_word' id='word_1_554' title='bbox 1379 2019 1505 2058; x_wconf 86' lang='lat' dir='ltr'><strong>tentat,</strong></span> 
     </span>
     <span class='ocr_line' id='line_1_94' title="bbox 802 2064 1508 2103; baseline 0 -9"><span class='ocrx_word' id='word_1_555' title='bbox 802 2064 838 2094; x_wconf 91' lang='lat' dir='ltr'><strong>in</strong></span> <span class='ocrx_word' id='word_1_556' title='bbox 858 2072 921 2103; x_wconf 91' lang='lat' dir='ltr'><strong>quo</strong></span> <span class='ocrx_word' id='word_1_557' title='bbox 942 2065 1042 2103; x_wconf 89' lang='lat' dir='ltr'><strong>possit</strong></span> <span class='ocrx_word' id='word_1_558' title='bbox 1069 2073 1212 2103; x_wconf 76' lang='lat' dir='ltr'><strong>pugnare</strong></span> <span class='ocrx_word' id='word_1_559' title='bbox 1228 2066 1336 2103; x_wconf 85' lang='lat' dir='ltr'><strong>palam</strong></span> <span class='ocrx_word' id='word_1_560' title='bbox 1352 2064 1508 2095; x_wconf 85' lang='lat' dir='ltr'><strong>adversus</strong></span> 
     </span>
     <span class='ocr_line' id='line_1_95' title="bbox 801 2109 1504 2148; baseline 0.001 -9"><span class='ocrx_word' id='word_1_561' title='bbox 801 2109 986 2147; x_wconf 88' lang='lat' dir='ltr'><strong>hujusmodi</strong></span> <span class='ocrx_word' id='word_1_562' title='bbox 1004 2110 1017 2140; x_wconf 74' lang='grc' dir='ltr'>ἓ</span> <span class='ocrx_word' id='word_1_563' title='bbox 1044 2110 1142 2140; x_wconf 86' lang='lat' dir='ltr'><strong>Venit</strong></span> <span class='ocrx_word' id='word_1_564' title='bbox 1176 2110 1313 2148; x_wconf 89' lang='lat' dir='ltr'><strong>proinde</strong></span> <span class='ocrx_word' id='word_1_565' title='bbox 1343 2110 1504 2148; x_wconf 88' lang='lat' dir='ltr'><strong>occultus,</strong></span> 
     </span>
     <span class='ocr_line' id='line_1_96' title="bbox 800 2155 1507 2194; baseline 0.003 -10"><span class='ocrx_word' id='word_1_566' title='bbox 800 2155 855 2192; x_wconf 90' lang='lat' dir='ltr'><strong>qui</strong></span> <span class='ocrx_word' id='word_1_567' title='bbox 870 2155 1062 2186; x_wconf 86' lang='lat' dir='ltr'><strong>manifestus</strong></span> <span class='ocrx_word' id='word_1_568' title='bbox 1076 2164 1141 2185; x_wconf 91' lang='lat' dir='ltr'><strong>non</strong></span> <span class='ocrx_word' id='word_1_569' title='bbox 1158 2156 1279 2193; x_wconf 82' lang='lat' dir='ltr'><strong>audet3</strong></span> <span class='ocrx_word' id='word_1_570' title='bbox 1296 2156 1330 2186; x_wconf 90' lang='lat' dir='ltr'><strong>et</strong></span> <span class='ocrx_word' id='word_1_571' title='bbox 1342 2163 1439 2194; x_wconf 89' lang='lat' dir='ltr'><strong>quem</strong></span> <span class='ocrx_word' id='word_1_572' title='bbox 1455 2164 1507 2186; x_wconf 84' lang='lat' dir='ltr'><strong>sa-</strong></span> 
     </span>
     <span class='ocr_line' id='line_1_97' title="bbox 800 2201 1506 2240; baseline 0 -10"><span class='ocrx_word' id='word_1_573' title='bbox 800 2201 842 2230; x_wconf 88' lang='lat' dir='ltr'><strong>tis</strong></span> <span class='ocrx_word' id='word_1_574' title='bbox 856 2202 1011 2240; x_wconf 87' lang='lat' dir='ltr'><strong>expertus</strong></span> <span class='ocrx_word' id='word_1_575' title='bbox 1026 2202 1077 2231; x_wconf 90' lang='lat' dir='ltr'><strong>est</strong></span> <span class='ocrx_word' id='word_1_576' title='bbox 1090 2202 1241 2240; x_wconf 83' lang='lat' dir='ltr'><strong>apertum</strong></span> <span class='ocrx_word' id='word_1_577' title='bbox 1256 2209 1351 2231; x_wconf 89' lang='lat' dir='ltr'><strong>omne</strong></span> <span class='ocrx_word' id='word_1_578' title='bbox 1372 2201 1506 2231; x_wconf 82' lang='lat' dir='ltr'><strong>horrere</strong></span> 
     </span>
     <span class='ocr_line' id='line_1_98' title="bbox 800 2247 1502 2285; baseline 0 -9"><span class='ocrx_word' id='word_1_579' title='bbox 800 2247 920 2276; x_wconf 80' lang='lat' dir='ltr'><strong>malum</strong></span> <span class='ocrx_word' id='word_1_580' title='bbox 930 2269 939 2285; x_wconf 83' lang='lat'><strong>,</strong></span> <span class='ocrx_word' id='word_1_581' title='bbox 952 2247 1031 2277; x_wconf 81' lang='lat' dir='ltr'><strong>salso</strong></span> <span class='ocrx_word' id='word_1_582' title='bbox 1042 2247 1125 2277; x_wconf 90' lang='lat' dir='ltr'><strong>bono</strong></span> <span class='ocrx_word' id='word_1_583' title='bbox 1135 2248 1343 2285; x_wconf 87' lang='lat' dir='ltr'><strong>supplantare</strong></span> <span class='ocrx_word' id='word_1_584' title='bbox 1355 2247 1502 2276; x_wconf 90' lang='lat' dir='ltr'><strong>molitur.</strong></span> 
     </span>
     <span class='ocr_line' id='line_1_99' title="bbox 799 2293 1502 2332; baseline 0 -10"><span class='ocrx_word' id='word_1_585' title='bbox 799 2293 861 2329; x_wconf 86' lang='lat' dir='ltr'><strong>Qui</strong></span> <span class='ocrx_word' id='word_1_586' title='bbox 872 2294 980 2323; x_wconf 84' lang='lat' dir='ltr'><strong>autem</strong></span> <span class='ocrx_word' id='word_1_587' title='bbox 991 2293 1099 2324; x_wconf 84' lang='lat' dir='ltr'><strong>dicere</strong></span> <span class='ocrx_word' id='word_1_588' title='bbox 1109 2293 1242 2332; x_wconf 88' lang='lat' dir='ltr'><strong>possunt</strong></span> <span class='ocrx_word' id='word_1_589' title='bbox 1253 2301 1327 2323; x_wconf 89' lang='lat' dir='ltr'><strong>cum</strong></span> <span class='ocrx_word' id='word_1_590' title='bbox 1338 2293 1502 2331; x_wconf 86' lang='lat' dir='ltr'><strong>Apostolo‚</strong></span> 
     </span>
     <span class='ocr_line' id='line_1_100' title="bbox 800 2339 1507 2378; baseline 0 -10"><span class='ocrx_word' id='word_1_591' title='bbox 800 2340 872 2369; x_wconf 80' lang='lat' dir='ltr'><strong>Non</strong></span> <span class='ocrx_word' id='word_1_592' title='bbox 893 2341 974 2370; x_wconf 86' lang='lat' dir='ltr'><strong>enim</strong></span> <span class='ocrx_word' id='word_1_593' title='bbox 994 2341 1173 2378; x_wconf 64' lang='lat' dir='ltr'><strong>ianm-amus</strong></span> <span class='ocrx_word' id='word_1_594' title='bbox 1194 2341 1325 2370; x_wconf 80' lang='lat' dir='ltr'><strong>astutias</strong></span> <span class='ocrx_word' id='word_1_595' title='bbox 1345 2339 1410 2377; x_wconf 85' lang='lat' dir='ltr'><strong>ejus</strong></span> <span class='ocrx_word' id='word_1_596' title='bbox 1418 2348 1429 2377; x_wconf 90' lang='grc'><strong>,·</strong></span> <span class='ocrx_word' id='word_1_597' title='bbox 1443 2346 1507 2376; x_wconf 88' lang='lat' dir='ltr'><strong>quo</strong></span> 
     </span>
     <span class='ocr_line' id='line_1_101' title="bbox 801 2383 1506 2424; baseline -0.004 -9"><span class='ocrx_word' id='word_1_598' title='bbox 801 2385 874 2423; x_wconf 89' lang='lat' dir='ltr'><strong>plus</strong></span> <span class='ocrx_word' id='word_1_599' title='bbox 897 2385 1090 2424; x_wconf 85' lang='lat' dir='ltr'><strong>proficiunt,</strong></span> <span class='ocrx_word' id='word_1_600' title='bbox 1105 2393 1144 2415; x_wconf 89' lang='lat' dir='ltr'><strong>eo</strong></span> <span class='ocrx_word' id='word_1_601' title='bbox 1159 2385 1261 2423; x_wconf 80' lang='lat' dir='ltr'><strong>magis</strong></span> <span class='ocrx_word' id='word_1_602' title='bbox 1275 2384 1406 2415; x_wconf 86' lang='lat' dir='ltr'><strong>solliciti</strong></span> <span class='ocrx_word' id='word_1_603' title='bbox 1431 2383 1506 2413; x_wconf 90' lang='lat' dir='ltr'><strong>sunt</strong></span> 
     </span>
     <span class='ocr_line' id='line_1_102' title="bbox 803 2429 1505 2469; baseline -0.006 -8"><span class='ocrx_word' id='word_1_604' title='bbox 803 2439 917 2461; x_wconf 86' lang='lat' dir='ltr'><strong>cavere</strong></span> <span class='ocrx_word' id='word_1_605' title='bbox 930 2439 948 2461; x_wconf 83' lang='lat' dir='ltr'><strong>a</strong></span> <span class='ocrx_word' id='word_1_606' title='bbox 963 2432 1079 2469; x_wconf 89' lang='lat' dir='ltr'><strong>laqueo</strong></span> <span class='ocrx_word' id='word_1_607' title='bbox 1094 2431 1168 2461; x_wconf 88' lang='lat' dir='ltr'><strong>isto.</strong></span> <span class='ocrx_word' id='word_1_608' title='bbox 1184 2431 1267 2461; x_wconf 88' lang='lat' dir='ltr'><strong>Hinc</strong></span> <span class='ocrx_word' id='word_1_609' title='bbox 1280 2432 1328 2461; x_wconf 86' lang='lat' dir='ltr'><strong>est</strong></span> <span class='ocrx_word' id='word_1_610' title='bbox 1342 2429 1428 2468; x_wconf 87' lang='lat' dir='ltr'><strong>quod</strong></span> <span class='ocrx_word' id='word_1_611' title='bbox 1441 2429 1505 2458; x_wconf 81' lang='lat' dir='ltr'><strong>Ma-</strong></span> 
     </span>
     <span class='ocr_line' id='line_1_103' title="bbox 803 2473 1506 2515; baseline -0.004 -10"><span class='ocrx_word' id='word_1_612' title='bbox 803 2477 851 2506; x_wconf 87' lang='lat' dir='ltr'><strong>ria</strong></span> <span class='ocrx_word' id='word_1_613' title='bbox 877 2477 1025 2515; x_wconf 77' lang='lat' dir='ltr'><strong>angelica</strong></span> <span class='ocrx_word' id='word_1_614' title='bbox 1053 2477 1246 2507; x_wconf 83' lang='lat' dir='ltr'><strong>salutatione</strong></span> <span class='ocrx_word' id='word_1_615' title='bbox 1262 2475 1432 2510; x_wconf 62' lang='lat' dir='ltr'><strong>turbatur.</strong></span> <span class='ocrx_word' id='word_1_616' title='bbox 1449 2473 1506 2503; x_wconf 88' lang='lat' dir='ltr'><strong>do-</strong></span> 
     </span>
     <span class='ocr_line' id='line_1_104' title="bbox 805 2519 1506 2562; baseline -0.006 -11"><span class='ocrx_word' id='word_1_617' title='bbox 805 2522 871 2551; x_wconf 88' lang='lat' dir='ltr'><strong>lum</strong></span> <span class='ocrx_word' id='word_1_618' title='bbox 896 2522 979 2562; x_wconf 89' lang='lat' dir='ltr'><strong>(nisi</strong></span> <span class='ocrx_word' id='word_1_619' title='bbox 1001 2521 1116 2561; x_wconf 84' lang='lat' dir='ltr'><strong>fallor)</strong></span> <span class='ocrx_word' id='word_1_620' title='bbox 1144 2522 1326 2560; x_wconf 79' lang='lat' dir='ltr'><strong>suspicans3</strong></span> <span class='ocrx_word' id='word_1_621' title='bbox 1354 2520 1387 2549; x_wconf 86' lang='lat' dir='ltr'><strong>ct</strong></span> <span class='ocrx_word' id='word_1_622' title='bbox 1410 2519 1506 2548; x_wconf 89' lang='lat' dir='ltr'><strong>Josuo</strong></span> 
     </span>
     <span class='ocr_line' id='line_1_105' title="bbox 803 2563 1505 2607; baseline -0.009 -9"><span class='ocrx_word' id='word_1_623' title='bbox 803 2576 867 2598; x_wconf 88' lang='lat' dir='ltr'><strong>non</strong></span> <span class='ocrx_word' id='word_1_624' title='bbox 891 2567 984 2607; x_wconf 87' lang='lat' dir='ltr'><strong>prius</strong></span> <span class='ocrx_word' id='word_1_625' title='bbox 1008 2568 1149 2598; x_wconf 86' lang='lat' dir='ltr'><strong>amicum</strong></span> <span class='ocrx_word' id='word_1_626' title='bbox 1177 2567 1334 2604; x_wconf 79' lang='lat' dir='ltr'><strong>Angelum</strong></span> <span class='ocrx_word' id='word_1_627' title='bbox 1351 2563 1505 2601; x_wconf 86' lang='lat' dir='ltr'><strong>suscipit,</strong></span> 
     </span>
     <span class='ocr_line' id='line_1_106' title="bbox 806 2608 1507 2652; baseline -0.009 -9"><span class='ocrx_word' id='word_1_628' title='bbox 806 2622 902 2652; x_wconf 80' lang='lat' dir='ltr'><strong>quam</strong></span> <span class='ocrx_word' id='word_1_629' title='bbox 932 2621 1002 2644; x_wconf 82' lang='lat' dir='ltr'><strong>esse</strong></span> <span class='ocrx_word' id='word_1_630' title='bbox 1033 2614 1172 2644; x_wconf 87' lang='lat' dir='ltr'><strong>amicum</strong></span> <span class='ocrx_word' id='word_1_631' title='bbox 1202 2609 1342 2642; x_wconf 80' lang='lat' dir='ltr'><strong>noverit.</strong></span> <span class='ocrx_word' id='word_1_632' title='bbox 1360 2608 1507 2646; x_wconf 71' lang='lat' dir='ltr'><strong>Denique</strong></span> 
     </span>
    </p>
   </div>
  </div>
 </body>
</html>
