1846 3078
490 214 533 242 ln
560 211 763 242 CANTlCA
788 209 941 240 SERMO
964 208 1176 251 Lxxvnn

150 271 178 301 5.
196 270 354 301 Caeterum
368 275 466 307 quam
481 267 644 298 celaverat
658 267 697 296 ab
718 265 808 296 aeter-

110 324 152 346 no
182 315 414 355 praedestinans
450 313 614 352 Sapientia
628 334 638 351 ‚
666 313 700 343 et
731 312 811 342 item

111 370 221 392 creans
241 360 388 390 Potentia
411 360 547 389 minime
571 359 757 398 prodiderat
771 358 811 388 31)

110 407 222 444 ὶιιίῑίο;
244 406 380 436 visitans
405 405 551 443 profecto
573 404 675 443 gratia
696 412 752 433 suo
778 404 812 433 in

109 453 254 488 tempore
265 450 425 480 revelavit
435 471 445 488 ‚
456 449 635 479 secundum
651 448 813 487 operatio-

108 503 205 532 nem,
229 503 326 533 quam
347 495 422 525 ideo
448 495 696 533 Inspirationem
717 501 812 532 supra

108 539 296 578 nominavi,
312 540 397 578 quod
418 539 458 569 de
480 539 594 577 sponsi
616 538 734 577 spiritu
753 539 814 567 hu-

108 586 212 615 manis
227 585 369 615 infusum
385 584 553 623 spiritibus
565 585 733 623 quippiam
744 584 813 614 fue-

109 631 153 660 rit
172 631 208 660 in
226 631 494 669 praeparationem
517 630 684 668 Evangelii
705 631 812 668 paciS,

109 676 143 706 id
157 677 207 706 est
217 684 330 714 parare
339 675 425 705 viam
439 676 587 714 Domino,
602 676 698 714 atque
710 676 812 705 Evan-

108 721 193 759 gelio
220 721 332 759 gloriae
355 720 427 758 ejus
451 721 493 751 ad
518 721 614 750 corda
642 720 812 758 omnium,

108 767 266 805 quotquot
287 767 380 796 erant
398 765 620 805 praedestinati
642 765 683 794 ad
699 764 811 795 vitam.

109 812 238 841 Frustra
269 811 386 849 vigiles
410 811 610 841 laborassent
634 810 669 840 in
693 810 814 848 praedi-

110 857 230 893 cando,
246 857 273 886 si
287 864 351 886 non
370 856 440 886 haec
457 855 561 894 gratia
581 855 810 894 praecessisset.

108 902 199 931 Nunc
221 909 299 932 vero
324 901 476 932 videntes
495 901 654 931 velociter
681 909 812 931 currere

109 946 247 976 verbum
258 968 268 984 ,
283 947 317 977 et
331 947 469 985 populos
493 947 662 976 nationum
683 946 724 975 ad
751 947 809 976 Do-

108 993 234 1021 minum
245 992 280 1021 in
294 992 381 1021 omni
398 991 555 1022 facilitate
570 992 730 1029 converti,
740 1000 814 1021 con-

109 1045 241 1067 currere
263 1037 297 1067 in
311 1037 473 1068 unitatem
488 1037 564 1067 fidei
581 1037 687 1067 tribus
703 1039 736 1067 et
753 1037 814 1066 lin-

108 1090 203 1120 guas,
225 1082 322 1120 atque
346 1082 381 1111 in
405 1090 505 1112 unam
537 1082 646 1120 colligi
675 1083 812 1112 matrem

108 1127 301 1157 catholicam
326 1127 484 1157 terminos
514 1128 628 1165 terrae;
654 1135 814 1165 cognove-

108 1173 185 1202 runt
204 1172 244 1202 de
264 1172 390 1203 divitiis
409 1173 520 1210 gratiae
532 1194 542 1211 ,
565 1181 636 1211 quae
655 1182 672 1202 a
688 1173 814 1204 saeculis

108 1216 303 1247 absconditae
326 1218 521 1248 tenebantur
541 1218 576 1247 in
597 1217 707 1247 abdito
730 1226 815 1256 prae-

110 1262 340 1293 destinationis
369 1264 500 1293 aeternae
515 1284 526 1300 ‚
558 1264 591 1293 et
614 1263 716 1300 gavisi
740 1265 814 1293 sunt

111 1316 185 1338 eam
206 1316 242 1338 se
262 1308 447 1346 invenisse,
466 1316 564 1346 quam
593 1309 668 1337 ante
697 1308 813 1337 saecula

109 1353 269 1383 Dominus
281 1353 424 1391 elegerat
439 1353 472 1382 in
493 1361 641 1391 sponsam
656 1353 731 1383 sibi.

149 1399 180 1428 6.
197 1400 243 1428 Ex
258 1406 321 1436 quo
339 1398 350 1437 (
366 1400 403 1428 ut
414 1399 546 1436 opinor)
564 1399 686 1428 clarum
699 1398 734 1428 fit
748 1406 813 1428 non

110 1444 248 1475 otiosum
270 1452 339 1474 esse
353 1465 362 1481 ,
375 1444 460 1482 quod
471 1452 505 1473 se
523 1444 689 1473 inventam
707 1444 746 1473 31)
764 1444 814 1473 his

109 1497 228 1528 sponsa
239 1489 357 1519 testata
376 1490 443 1526 est3
466 1489 523 1518 sed
542 1489 713 1526 propterea
728 1490 814 1527 quod

110 1544 144 1565 se
167 1535 208 1564 ab
229 1534 310 1572 ipsis
330 1534 499 1564 collectam
518 1535 726 1572 agnosceret,
749 1543 813 1564 non

110 1581 266 1617 electam3
289 1581 506 1617 compertam,
522 1587 586 1608 non
613 1588 813 1610 conversam.

109 1625 147 1655 Ei
174 1632 294 1662 nempe
323 1624 536 1654 adscribenda
561 1623 720 1662 cujusque
738 1633 816 1654 con-

109 1670 216 1700 versio
234 1670 301 1707 est,
326 1670 379 1699 cui
401 1669 511 1698 dicere
535 1677 668 1699 necesse
692 1670 815 1701 habent

110 1715 260 1745 universi
275 1715 358 1744 illud
373 1715 413 1744 de
434 1714 558 1753 psalmo
574 1723 583 1743 :
600 1717 745 1745 Converte
759 1725 815 1747 nos

109 1763 194 1792 Deus
208 1761 357 1791 salutaris
370 1762 484 1790 noster.
501 1760 563 1790 Sed
577 1768 642 1789 non
660 1768 752 1798 aeque
766 1761 814 1790 illi

110 1806 253 1837 fortassis
273 1805 473 1836 inventionis
492 1814 606 1835 vocem
626 1807 812 1844 competen-

111 1854 162 1882 ter
179 1851 317 1890 aptarim
329 1872 338 1889 ,
351 1851 437 1881 sicut
457 1851 691 1881 conversionis.
714 1852 815 1882 Immo

111 1905 190 1927 vero
203 1897 250 1927 sic
265 1898 327 1928 est.
342 1897 412 1926 Non
434 1897 484 1926 est
500 1897 649 1927 invenire
664 1897 814 1935 Domino,

111 1943 170 1974 sed
190 1942 394 1981 praevenire,
417 1943 452 1972 et
478 1942 703 1973 inventionem
731 1951 816 1981 prae-

110 1989 222 2020 ventio
230 1989 390 2019 excludit.
399 1988 548 2026 Denique
561 1988 640 2027 quid
655 1989 814 2027 inveniat,

111 2035 168 2073 qui
194 2034 280 2064 nihil
308 2042 463 2072 umquam
487 2042 552 2065 non
586 2034 697 2065 novit?
724 2036 815 2066 Novit

111 2081 263 2111 Dominus
280 2081 334 2118 qui
346 2082 419 2110 sunt
432 2081 515 2118 ejus,
529 2080 574 2110 ait
584 2080 729 2119 quidam.
744 2082 815 2119 lpse

112 2133 189 2155 vero
201 2124 297 2163 quid?
312 2126 378 2164 qu
389 2126 463 2163 scio,
478 2125 543 2162 ait,
556 2135 630 2164 quos
644 2127 784 2164 elegerim
796 2137 816 2157 a

109 2171 271 2209 principio.
289 2170 388 2199 Plane
408 2178 507 2208 quam
532 2171 572 2200 ab
597 2172 719 2201 aeterno
734 2180 816 2209 prae-

110 2216 220 2254 scivit,
235 2224 333 2254 quam
348 2217 459 2255 elegit,
471 2224 566 2255 quam
575 2217 706 2256 dilexit,
718 2226 814 2256 quam

111 2262 273 2298 condidit;
299 2262 432 2293 rationis
457 2271 523 2292 non
541 2263 611 2293 erat
637 2263 677 2292 al)
701 2263 814 2293 eodem

111 2306 278 2346 perhiberi
312 2306 492 2336 inventam.
518 2308 734 2345 Praeparatam
766 2310 815 2339 ta-

112 2360 188 2382 men
208 2351 248 2380 ab
265 2351 334 2389 ipso
355 2352 393 2382 ut
423 2352 652 2390 inveniretur,
676 2354 816 2385 fidenter

112 2396 266 2426 dixerim.
288 2396 367 2426 Nam
391 2397 448 2435 qui
469 2397 571 2434 vidit,
586 2397 815 2429 testimonium

112 2442 302 2481 perhibuit:
320 2444 353 2472 et
374 2443 493 2473 scimus
522 2443 598 2481 quia
626 2452 742 2474 verum
767 2447 816 2476 est

113 2487 335 2517 testimonium
344 2488 426 2525 ejus.
440 2489 522 2525 Vidi,
537 2488 816 2527 inquit,civitatem

113 2534 253 2563 sanctam
270 2534 441 2563 Jerusalem
457 2542 570 2564 novam
590 2535 817 2567 descendentem

113 2579 147 2607 (le
159 2579 244 2614 coelo,
259 2588 279 2608 a
290 2580 355 2608 Deo
373 2580 522 2617 paratam
542 2580 703 2617 tamquam
723 2589 815 2619 spon-

113 2630 181 2655 efln
196 2625 341 2654 ornatam
353 2625 420 2654 ciro
433 2632 488 2655 suo
502 2633 511 2654 ε
527 2623 619 2664 isque
632 2632 650 2654 e
663 2625 816 2662 vigilibus

847 273 946 303 unus,
974 264 1030 303 qui
1060 263 1245 295 custodiunt
1271 265 1445 299 civitatem.
1474 271 1537 301 Sed

845 311 920 340 audi
938 311 1044 349 ipsum
1067 309 1137 347 ejus
1163 312 1540 351 praeparatorem,veluti

846 355 945 394 digito
967 363 1040 385 eam
1068 355 1341 385 demonstrantem
1370 359 1541 397 vigilibus,

845 401 901 431 sed
915 402 974 431 sub
990 402 1083 440 tropo
1105 401 1219 430 altero.
1236 402 1346 430 Leo-ate
1359 405 1456 433 oculos
1476 415 1542 435 vcs-

847 448 930 483 tros,
946 446 1010 485 ait,
1024 448 1052 477 et
1074 447 1168 476 videte
1194 446 1330 484 regiones
1342 466 1352 482 ,
1368 448 1440 483 quia
1466 450 1543 479 alboe

845 495 916 523 sunt
923 494 993 531 jam
1006 514 1016 529 ,
1029 491 1063 522 id
1078 493 1126 522 est
1138 491 1344 530 praeparatae,
1359 492 1398 520 ad
1409 500 1543 524 messem.

846 539 892 567 Ex
904 539 963 568 hoc
983 537 1219 568 Paterfamilias
1242 535 1407 574 operarios
1430 536 1548 568 invitat

846 584 885 613 ad
900 592 992 622 opus,
1007 583 1136 622 quando
1151 584 1218 621 jam
1230 581 1369 612 senserit
1381 581 1426 611 sic
1441 583 1548 611 omnia

846 631 1044 668 praeparata,
1060 630 1097 659 ut
1112 630 1232 667 absque
1255 627 1357 657 multo
1380 635 1437 657 suo
1462 627 1549 665 ipso-

846 683 918 703 rum
935 675 1044 705 labore
1066 674 1199 712 gloriari
1224 673 1259 704 et
1282 673 1392 703 dicere
1413 674 1548 711 queant,

845 720 996 758 quoniam
1018 720 1209 755 coadjutores
1236 719 1295 749 Dei
1320 727 1437 749 sumus.
1465 718 1550 755 Quid

845 764 933 794 enim
942 764 1056 794 facturi
1066 763 1159 793 sunt?
1170 764 1292 800 Nempe
1306 770 1454 801 sponsam
1463 771 1551 800 quae·-

845 809 952 848 situri,
968 809 1174 847 inventaeque
1196 808 1370 838 indicaturi
1392 808 1432 838 de
1448 807 1551 838 dilec-

845 856 889 885 to.
905 856 974 885 Non
990 855 1077 885 enim
1093 863 1183 885 suam
1193 854 1351 892 quaerent,
1364 853 1422 884 sed
1436 854 1550 891 Sponsi

845 900 1146 939 gloriam,quoniam
1161 899 1277 937 Sponsi
1292 898 1388 929 amici
1404 899 1490 929 sunt.
1510 900 1548 930 Et

845 954 903 984 pro
918 946 979 975 hac
992 954 1057 976 non
1078 945 1219 975 multum
1246 945 1333 983 apud
1353 944 1443 973 illam
1460 944 1552 974 labo-

846 992 964 1022 rabunt
975 1001 985 1021 .·
1001 991 1105 1028 adest,
1118 990 1250 1028 jamque
1266 990 1360 1020 illum
1373 992 1441 1020 tota
1453 990 1551 1020 devo-

845 1037 934 1067 tione
949 1036 1098 1075 requirit,
1116 1035 1151 1065 in
1168 1036 1293 1065 tantum
1307 1036 1487 1074 praeparata
1501 1036 1551 1067 est

847 1082 994 1113 voluntas
1009 1081 1079 1118 ejus
1092 1089 1110 1111 a
1126 1081 1277 1112 Domino.

887 1129 917 1158 7.
943 1127 1092 1165 Denique
1118 1127 1259 1157 necdum
1282 1125 1348 1156 illis
1377 1125 1551 1164 quicquam

847 1173 1055 1211 loquentibus
1077 1172 1256 1210 interrogat
1282 1171 1323 1201 de
1349 1171 1492 1210 dilecto,
1517 1173 1552 1203 et

849 1218 1010 1255 praevenit
1036 1217 1266 1256 praedicatores
1293 1224 1367 1246 suos
1385 1219 1552 1254 praeventa

849 1263 935 1301 ipsa,
974 1264 1191 1301 percunctans
1219 1263 1253 1293 et
1291 1262 1404 1293 dicens
1430 1271 1439 1292 ε
1468 1264 1553 1294 Num

847 1318 936 1347 quem
960 1310 1057 1347 diliqit
1085 1310 1193 1339 anima
1207 1317 1278 1338 mea
1302 1309 1418 1339 vidistis
1433 1307 1447 1337 ἓ
1462 1309 1552 1339 Bene

848 1354 983 1392 proinde
1008 1363 1042 1384 se
1064 1354 1233 1384 inventam
1254 1353 1423 1392 perhibuit
1444 1353 1484 1384 ab
1500 1353 1553 1384 his

847 1400 902 1437 qui
923 1399 1112 1430 custodiunt
1138 1399 1326 1436 civitatem,
1354 1406 1426 1436 quae
1448 1406 1466 1428 a
1488 1399 1554 1428 Do-

848 1446 935 1475 mino
951 1445 1095 1475 civitatis
1115 1444 1347 1483 praecognitam
1362 1444 1429 1480 jam
1445 1452 1479 1474 se
1494 1452 1554 1474 no-

848 1492 939 1520 verat
974 1491 1008 1520 et
1040 1490 1243 1528 praeventam
1258 1510 1267 1527 ,
1303 1490 1465 1528 quatenus
1503 1490 1554 1520 illi

848 1536 946 1565 talem
971 1544 1044 1565 eam
1069 1535 1277 1573 invenirent,
1306 1543 1372 1565 non
1395 1534 1553 1566 facerent.

847 1582 899 1611 Sic
926 1589 945 1611 a
966 1582 1060 1611 Petro
1087 1581 1271 1618 Cornelius,
1297 1581 1331 1611 et
1363 1581 1481 1610 Paulus
1512 1581 1553 1611 ab

849 1626 970 1656 Anania
985 1626 1113 1656 inventi
1139 1627 1225 1655 sunt.
1249 1627 1328 1655 Nam
1355 1626 1450 1655 ambo
1469 1634 1554 1664 prae-

849 1671 941 1700 venti
968 1678 986 1700 a
1021 1670 1159 1700 Domino
1187 1671 1280 1701 erant
1308 1670 1342 1700 et
1368 1671 1551 1708 praeparati.

847 1716 931 1753 Quid
943 1716 1037 1746 Saulo
1049 1716 1205 1754 paratius,
1221 1716 1277 1754 qui
1290 1716 1428 1754 supplici
1440 1716 1507 1754 jam
1520 1718 1555 1748 et

848 1762 957 1791 mente
980 1762 1014 1791 et
1036 1769 1117 1791 voce
1144 1761 1366 1791 clamaverat:
1396 1763 1552 1799 Domine,

848 1807 920 1844 quid
940 1815 988 1836 me
1003 1806 1049 1836 vis
1068 1806 1168 1844 facere
1184 1805 1197 1835 ?
1212 1806 1278 1835 Nec
1299 1806 1409 1835 minus
1430 1807 1551 1837 Corne-

845 1852 930 1889 lius,
963 1851 1020 1889 qui
1051 1851 1269 1890 eleemosynis
1294 1851 1329 1882 et
1353 1852 1553 1883 orationibus

849 1897 933 1935 suis,
959 1897 1097 1926 Domino
1125 1897 1259 1936 quidem
1285 1905 1339 1927 eas
1362 1897 1425 1927 sihi
1450 1898 1554 1936 inspi-

848 1943 959 1981 rante,
984 1943 1166 1981 promeruit
1186 1943 1363 1981 pervcnire
1387 1943 1427 1973 ad
1442 1943 1552 1975 fidem.

849 1988 978 2019 Invenit
1006 1996 1137 2027 quoque
1170 1988 1342 2027 Philippus
1370 1989 1554 2021 Nathanae-

849 2034 912 2063 lem
929 2034 1012 2064 :sed
1039 2035 1130 2073 prius
1155 2034 1311 2065 Dominus
1336 2035 1449 2073 illum,
1475 2044 1552 2066 cum

849 2081 934 2109 esset
955 2080 1016 2110 sub
1031 2080 1113 2118 ficu,
1138 2079 1205 2117 iam
1230 2080 1371 2110 viderat.
1393 2081 1471 2118 Quae
1492 2082 1555 2111 Do-

849 2125 930 2155 mini
954 2126 1055 2164 visio,
1082 2125 1245 2164 numquid
1268 2134 1332 2156 non
1357 2127 1554 2165 praeparatio

849 2170 944 2201 fuit?
971 2172 1010 2202 Et
1036 2171 1181 2201 Andreas
1218 2171 1383 2201 Simonem
1418 2171 1554 2204 fratrem

849 2224 941 2246 suum
961 2216 1176 2247 nihilominus
1197 2217 1363 2247 invenisse
1388 2217 1553 2257 refertur,

849 2262 906 2291 sed
933 2263 1108 2300 praevisum
1132 2270 1223 2300 aeque
1246 2270 1264 2291 a
1292 2262 1430 2293 Domino
1455 2265 1554 2302 atque

849 2308 1034 2346 praescitum
1044 2330 1053 2346 ,
1065 2309 1103 2338 ut
1116 2309 1291 2340 vocaretur
1305 2309 1446 2348 cephas,
1462 2310 1553 2348 quasi

849 2353 942 2383 sortis
957 2353 993 2382 in
1008 2353 1083 2384 fide.

888 2399 920 2429 8.
936 2399 1087 2437 Legimus
1104 2399 1146 2429 de
1167 2399 1266 2429 Maria
1278 2421 1287 2438 ‚
1309 2398 1395 2437 quod
1417 2397 1552 2429 inventa

849 2443 996 2475 fueritin
1007 2446 1102 2475 utero
1112 2445 1235 2475 habens
1248 2445 1287 2474 de
1297 2443 1420 2482 Spiritu
1427 2443 1550 2474 sancto.

849 2491 1006 2520 Existimo
1021 2492 1132 2521 autem
1153 2490 1259 2520 simile
1281 2487 1359 2526 quid
1379 2487 1498 2516 habere
1512 2487 1550 2518 in

850 2535 909 2566 1136
922 2537 1014 2575 parte
1026 2544 1175 2574 sponsam
1186 2533 1315 2564 Domini
1326 2532 1418 2562 Matri
1433 2531 1548 2570 ipsius-

849 2582 916 2612 Nisi
932 2582 1019 2612 enim
1031 2583 1065 2612 et
1078 2582 1147 2620 ipsa
1162 2579 1295 2610 inventa
1316 2578 1402 2608 esset
1422 2577 1547 2608 habens

850 2626 891 2658 dc
913 2624 1036 2666 Spiritu
1056 2628 1182 2662 sancto,
1209 2630 1413 2662 nequaquam
1436 2621 1477 2652 ab
1497 2621 1548 2652 in-
