1846 3078
289 277 444 319 ‹aqi-edere,
459 276 582 320 inquit,
597 280 625 312 et
640 280 693 312 abi
705 283 770 320 post
785 291 886 320 ‹Jreqes
901 281 992 310 soda-

289 324 365 356 lium
379 328 519 364 tuorum,
534 328 562 357 ct
575 337 663 365 pasce
676 327 776 356 medos
792 330 868 355 tuos.
886 326 920 353 In
930 333 991 362 quo

291 367 303 408 (
319 370 355 401 ut
368 371 450 401 mihi
461 371 611 411 videtur)
628 380 749 409 magnae
765 370 929 406 cujusdam
943 369 991 398 rei

287 422 347 445 nos
369 416 532 447 admonet.
561 418 644 454 Quid
667 415 770 445 istud?
796 414 883 444 Heu!
907 415 989 452 quod

289 461 418 499 egregia
445 464 610 498 creatura,
637 461 703 497 jam
735 459 811 488 olim
840 458 924 488 faeta
950 459 990 488 de

289 513 404 544 grege,
428 509 460 536 et
482 515 566 536 nunc
590 506 623 534 111
648 506 740 542 pejus
762 504 990 533 miserabiliter

288 559 463 590 proruens,
485 560 549 581 non
567 551 680 580 saltem
705 549 789 578 inter
810 557 922 586 greges
937 557 990 578 re-

289 603 421 626 manere
437 596 635 634 permittitur
647 616 656 632 ,
672 594 728 623 sed
744 597 815 631 post
831 595 921 623 abire
935 594 990 631 ju-

288 641 571 678 betur-Quomodo,
584 638 987 677 11111015ἓρο001011010315;

288 688 386 716 Homo
402 696 468 715 cum
482 687 635 715 inhonore
650 687 722 715 esset
731 707 741 721 ,
753 694 811 714 non
821 686 987 723 intellexit,-

287 734 482 768 comparatus
496 732 537 760 est
545 730 693 767 jumentis
714 731 922 768 insipientibus
934 752 944 767 .-
961 734 988 760 et

287 777 392 805 similis
406 777 505 812 fuctus
522 777 563 806 est
579 777 646 806 illis.
671 777 751 805 Ecce
774 776 932 813 quomodo
948 776 986 806 de

287 829 381 858 grege
398 820 480 850 facta
503 822 551 850 est
566 822 694 858 egregia
714 823 872 851 creatura.
886 822 964 850 Puto
977 843 985 858 ‚

287 865 434 895 dicerent
458 865 626 903 jumenta,
653 866 679 895 si
704 867 793 903 loqui
809 866 856 895 fas
877 866 984 895 esset:

285 911 361 939 Ecce
372 912 438 940 Aila
445 920 473 939 m
485 911 582 948 factus
593 912 635 940 est
646 912 734 949 quasi
745 919 823 941 wius
838 920 877 940 ex
887 911 984 941 nobis.

286 956 363 984 Cum
376 957 406 985 in
418 956 532 985 honore
551 958 625 986 esset
636 977 646 992 ,
662 956 778 993 inquit.
791 957 827 984 In
853 964 915 993 quo
930 956 987 984 110-

284 1007 379 1039 nore,
404 1001 542 1039 quaeris?
563 1002 735 1031 Habitabat
761 1001 794 1030 111
817 1001 984 1038 paradiso,

285 1046 367 1075 etin
392 1047 461 1075 loco
488 1047 663 1084 voluptatis
685 1047 884 1075 conversatio
904 1047 983 1082 OJus.

283 1091 371 1121 Nihil
393 1093 566 1129 molestiae,
595 1092 678 1121 nihil
704 1091 892 1128 indigentiae
914 1099 985 1120 sen—

283 1138 404 1176 tiebat,
419 1138 587 1168 odoriferis
607 1138 743 1175 stipatus
765 1136 874 1172 malis,
892 1136 986 1165 sulci-

284 1186 336 1214 tus
348 1184 497 1221 floribus,
512 1184 611 1222 gloria
627 1183 790 1212 ethonore
804 1184 983 1217 coronatus,

285 1230 317 1259 et
349 1231 541 1260 constitutus
569 1238 667 1267 super
694 1236 790 1266 opera
831 1235 983 1256 manuum

282 1276 509 1305 Plasmatoris:
529 1276 629 1312 magis
658 1275 766 1303 autem
794 1273 833 1302 ob
859 1272 983 1310 insigne

284 1322 405 1351 divinae
443 1320 664 1351 similitudinis
702 1320 924 1357 praecellebau
951 1320 981 1348 et

285 1368 354 1396 erat
370 1367 418 1396 ilii
434 1375 500 1396 sors
516 1368 547 1396 et
562 1366 699 1396 societas
715 1374 786 1394 00111
809 1365 904 1403 plebe
919 1365 983 1393 An-

283 1412 425 1450 gelorum
437 1434 445 1449 ‚
459 1412 492 1442 et
508 1419 581 1441 cum
596 1411 683 1440 omui
707 1410 822 1440 milltia
843 1411 982 1441 coelestis

285 1457 459 1486 exercitus.

322 1502 353 1531 [ι.
370 1503 430 1532 Sed
446 1501 583 1531 mutavit
608 1501 700 1531 istam
716 1501 848 1539 gloriam
863 1500 923 1530 Dei
946 1502 979 1530 in

281 1548 528 1578 similitudinem
537 1547 631 1576 vituli
643 1546 839 1575 comedentis
847 1546 979 1577 foenum.

281 1594 360 1623 Inde
390 1594 438 1622 est
457 1593 541 1631 quod
556 1592 647 1629 panis
672 1592 863 1628 Angelorum
879 1592 980 1622 sactus

280 1640 329 1669 est
344 1638 465 1667 foenum
481 1639 621 1676 positum
636 1639 670 1666 iu
693 1638 868 1675 praesepio,
884 1646 980 1676 appo-

278 1684 378 1714 situm
406 1684 499 1713 nobis
519 1684 681 1721 tamquam
707 1682 874 1719 jumentis.
903 1685 978 1714 Ver-

280 1730 351 1759 bum
367 1728 487 1767 quippe
514 1737 586 1758 caro
612 1728 728 1765 factum
750 1729 810 1763 est,
834 1729 866 1757 et
885 1728 978 1764 juxta

278 1774 470 1812 Proplietam
481 1795 490 1812 ‚
517 1775 622 1804 Omnis
637 1782 709 1803 caro
721 1774 847 1810 foenum.
866 1774 903 1803 At
919 1774 978 1804 foe-

278 1828 356 1849 num
370 1820 457 1849 istud
471 1819 603 1849 minime
620 1819 814 1849 desiccatum
828 1820 897 1858 est,
917 1829 976 1850 nec

277 1874 318 1895 ex
331 1874 367 1895 eo
381 1865 497 1895 cecidit
513 1865 588 1902 flos,
604 1865 680 1903 quia
704 1866 866 1903 requievit
881 1874 977 1904 super

277 1912 383 1948 ipsum
417 1909 556 1948 Spiritus
583 1909 724 1939 Domini.
758 1911 890 1948 Propter
916 1912 975 1942 hoc

276 1965 414 1995 namque
440 1956 609 1994 aliquando
626 1956 697 1985 finis
712 1956 801 1985 venit
817 1956 975 1987 universae

276 2004 399 2039 carnis,
424 2003 500 2041 quia
524 2002 657 2041 spiritus
685 2003 861 2031 recesserat
885 2003 972 2033 vitae.

275 2049 422 2086 Denique
449 2049 495 2078 ait
519 2056 526 2076 :
550 2049 621 2077 Νοη
641 2048 830 2086 permanebit
851 2050 974 2086 spiritus

275 2102 358 2123 meus
375 2095 405 2123 ιή
433 2095 553 2123 homine
570 2095 601 2122 in
624 2096 787 2130 oeternum,
814 2095 885 2131 quia
901 2103 973 2124 caro

274 2141 327 2168 est.
344 2140 452 2169 CarnIS
471 2140 601 2169 nomine
617 2139 677 2169 hoc
693 2140 759 2169 loco
781 2139 896 2169 vitium
916 2140 973 2170 de-

273 2184 391 2221 signari
418 2186 582 2222 intellige,
611 2193 676 2214 non
703 2187 850 2213 naturam
876 2194 884 2213 ε
911 2193 971 2215 nec

273 2229 361 2257 enim
389 2230 536 2266 spiritum
568 2231 681 2259 natura
711 2231 886 2268 expungit,
915 2231 971 2260 sed

274 2274 403 2303 vitium.
421 2276 554 2312 Propter
570 2275 685 2305 vitium
698 2285 771 2314 ergo
787 2278 885 2306 omnis
898 2286 970 2306 caro

272 2320 408 2357 foennnz,
425 2322 452 2349 ct
481 2323 576 2351 omnis
603 2323 699 2359 moria
726 2322 790 2359 ejus
812 2324 968 2360 tamquam

269 2366 326 2402 flos
348 2365 432 2402 foeni.
459 2366 657 2396 Ersiccntum
685 2370 745 2403 est,
776 2368 898 2405 inquit,
914 2368 971 2405 [00-

271 2419 365 2446 num,
388 2412 415 2439 et
440 2411 542 2439 cecidit
565 2413 621 2447 flos
637 2422 646 2440 .·
662 2412 718 2441 sed
741 2421 805 2442 nou
821 2413 876 2442 ille
893 2413 949 2442 ssos
960 2436 968 2451 7

271 2456 326 2494 qui
353 2455 393 2485 de
420 2456 508 2493 virga
524 2456 555 2484 et
571 2456 678 2486 radice
700 2458 789 2487 Jesse
808 2460 968 2497 ascendit,

271 2510 309 2531 eo
325 2501 409 2539 quod
429 2500 591 2538 requievit
616 2510 712 2538 super
734 2511 808 2533 eum
832 2504 969 2540 Spiritus

269 2547 399 2576 Domini
416 2555 424 2575 :
441 2555 501 2576 1100
523 2546 605 2576 illud
620 2546 741 2576 foenum
754 2570 763 2584 ‚
784 2550 868 2586 quod
891 2552 969 2579 Ver-

271 2593 343 2621 bum
357 2592 473 2629 factum
487 2594 529 2622 est
544 2600 601 2630 pro
617 2600 655 2621 eo
670 2593 754 2630 quod
774 2595 921 2631 sequitui·
938 2597 968 2624 in

268 2637 425 2674 Propheta
445 2646 452 2666 :
471 2637 605 2668 Verbum
627 2640 728 2668 autem
755 2640 881 2668 Domini
902 2649 969 2669 ma.-

759 232 790 259 S.
822 229 1056 259 BERNARm
1076 230 1267 260 ABBATrs

1025 281 1076 310 net
1088 281 1119 310 in
1135 282 1294 312 oeteruum.
1308 280 1437 312 sienim
1453 282 1575 313 foenum
1583 284 1725 314 Verbum

1026 326 1059 355 et
1073 326 1216 355 Verbum
1241 327 1274 356 in
1286 328 1441 358 aeternum
1458 329 1584 366 manet,
1603 328 1724 359 foenum

1025 378 1152 407 quoque
1161 379 1293 401 necesse
1306 374 1354 403 est
1364 374 1495 404 maneat
1509 373 1542 403 in
1551 374 1721 404 aeternum.

1024 414 1174 451 Alioquin
1201 417 1355 453 quomodo
1375 418 1474 447 vitam
1494 419 1617 456 praehet
1631 420 1725 448 03101·-

1023 467 1115 497 nam,
1132 461 1158 490 si
1175 461 1280 502 ipsum
1304 463 1438 493 minime
1457 464 1567 494 manet
1580 464 1615 493 in
1629 464 1725 494 03101·-

1024 512 1101 534 110111
1112 505 1124 534 ἓ
1135 506 1186 535 Ait
1199 507 1303 536 enim:
1320 510 1425 546 Siquis
1438 511 1664 539 manducaverit
1679 518 1720 539 ex

1023 550 1078 580 hoc
1104 561 1205 589 pane,
1234 555 1311 582 vicet
1332 555 1364 583 in
1380 556 1539 584 oetermcm.
1560 555 1599 584 Et
1623 561 1722 592 quem

1023 603 1138 632 panem
1154 597 1257 635 dicat,
1271 599 1374 636 aperit
1390 607 1463 628 cum
1479 599 1644 638 subjungit
1659 608 1667 628 ε
1682 601 1723 628 Et

1021 643 1110 679 panis
1124 652 1214 680 quem
1238 653 1290 681 eqo
1305 644 1383 673 (labo
1395 666 1405 680 ,
1421 654 1493 674 caro
1521 653 1589 674 mea
1613 646 1655 675 est
1663 653 1721 683 pro

1024 689 1130 717 mundi
1143 690 1218 718 vita.
1229 689 1391 726 Quomodo
1404 697 1479 727 ergo
1489 690 1646 719 aeternum
1657 698 1720 719 non

1023 733 1087 770 est,
1104 741 1165 771 quo
1187 735 1385 764 aeternaliter
1398 734 1542 764 vivitur?

1061 779 1092 808 5.
1118 780 1179 808 Sed
1202 781 1309 810 recole
1339 789 1426 810 nunc
1454 789 1582 810 mecum
1607 788 1720 810 vocem

1021 822 1148 853 Filiiad
1173 826 1300 855 Patrem
1327 826 1489 863 loquentis
1510 826 1544 854 iu
1571 826 1718 855 Psalmo:

1020 869 1090 897 Non
1105 870 1208 907 (labis,
1225 871 1347 909 inquit,
1362 873 1508 901 Sanctum
1519 872 1604 900 tuum
1620 872 1719 900 videre

1021 916 1256 952 corruptionem.
1293 916 1385 945 Haud
1409 915 1543 944 dubium
1571 915 1650 952 quin
1678 915 1718 944 ‹le

1021 965 1152 995 corpore
1165 960 1267 998 111001,
1281 961 1366 998 quod
1382 962 1415 989 in
1430 961 1577 998 sepulcro
1590 960 1719 996 jacebat

1021 1005 1181 1034 exanime.
1198 1007 1264 1035 Hoc
1277 1006 1363 1034 enim
1375 1007 1518 1035 sanctum
1534 1006 1566 1034 et
1580 1006 1718 1042 Angelus

1019 1049 1075 1085 qui
1093 1051 1256 1080 nuntiavit
1281 1051 1429 1088 Virgini,
1454 1051 1581 1080 locutus
1598 1052 1646 1079 est
1667 1050 1716 1079 di-

1020 1102 1117 1123 cens:
1143 1097 1183 1125 Et
1198 1098 1275 1133 qnod
1297 1098 1439 1126 nascetur
1463 1105 1502 1125 eac
1518 1097 1544 1125 te
1569 1097 1715 1125 Sanctum

1020 1139 1177 1169 vocabitur
1201 1142 1281 1177 lilius
1317 1143 1384 1171 Dei.
1425 1141 1493 1177 Quo
1519 1149 1593 1178 ergo
1621 1140 1714 1178 pacto

1019 1185 1163 1214 sanctum
1180 1186 1297 1216 foenum
1313 1187 1440 1224 poterat
1458 1186 1569 1215 videre
1585 1194 1716 1224 corrup-

1020 1229 1139 1258 tionem
1151 1252 1159 1267 ,
1179 1232 1264 1269 quod
1286 1232 1324 1262 de
1341 1232 1518 1269 incorrupti
1542 1231 1626 1261 uteri
1642 1239 1715 1269 per-

1018 1276 1114 1311 petuo
1127 1276 1233 1307 virore
1243 1278 1450 1306 vernantibus
1457 1277 1582 1314 pascuis
1594 1277 1713 1314 ortum,

1019 1319 1114 1347 etiam
1142 1321 1252 1351 avidos
1280 1323 1471 1359 Angelorum
1497 1321 1533 1350 in
1557 1329 1590 1351 se
1614 1321 1712 1358 figere

1018 1363 1116 1400 possit
1142 1364 1292 1401 obtutus,
1305 1365 1533 1395 insatiabiliter
1548 1363 1713 1394 oblectan-

1017 1408 1091 1437 dos?
1112 1410 1225 1440 Perdat
1246 1419 1320 1441 sane
1346 1411 1468 1440 foenum
1492 1410 1712 1447 viriditatem,

1017 1454 1041 1483 si
1055 1455 1149 1484 Maria
1164 1456 1383 1493 virginitatem
1398 1455 1554 1485 amiserit.
1570 1456 1649 1491 Ergo
1665 1455 1712 1484 ci-

1015 1499 1072 1528 bus
1088 1500 1226 1530 hominis
1238 1502 1374 1531 mutavit
1389 1510 1422 1530 se
1438 1502 1471 1530 in
1486 1500 1640 1538 pabulum
1656 1508 1713 1538 pe·

1015 1545 1113 1583 00010,
1143 1547 1274 1576 1101111110
1304 1548 1426 1576 mutato
1454 1546 1487 1575 111
1512 1554 1622 1584 pecus.
1639 1546 1711 1575 Heu

1016 1590 1113 1619 tristis
1141 1592 1174 1621 et
1195 1593 1368 1630 lacrymosa
1384 1591 1537 1621 mutatio!
1562 1591 1599 1620 ut
1615 1590 1710 1620 homo

1014 1637 1152 1674 paradisi
1175 1639 1300 1675 000010,
1323 1639 1418 1667 terrae
1444 1638 1610 1674 dominus,
1636 1636 1710 1666 coeli

1014 1681 1112 1719 civis,
1128 1682 1322 1712 domesticus
1337 1682 1463 1711 Domini
1477 1679 1609 1711 sabaoth
1620 1703 1629 1719 ‚
1645 1681 1709 1710 sra-

1013 1728 1063 1756 ter
1078 1728 1243 1758 beatorum
1269 1728 1458 1766 spirituum,
1475 1729 1508 1757 et
1528 1727 1709 1757 coelestium

1011 1773 1153 1804 cohaeres
1162 1774 1316 1803 virtutum
1327 1781 1335 1811 3
1345 1773 1515 1812 repentina
1529 1781 1563 1802 se
1576 1781 1710 1802 conven-

1011 1820 1099 1849 sione
1116 1820 1279 1849 invenerit
1294 1820 1326 1849 et
1340 1820 1470 1857 propter
1488 1818 1708 1848 infirmitatem

1008 1866 1171 1901 jacentem
1186 1866 1222 1894 iu
1237 1865 1362 1895 stabulo
1375 1886 1384 1902 ,
1401 1865 1433 1894 et
1449 1865 1581 1902 propter
1593 1863 1709 1893 simili-

1010 1912 1156 1941 tudinem
1178 1911 1363 1949 pecorinam
1381 1910 1583 1948 indigentem
1598 1909 1684 1939 foeno
1696 1931 1706 1947 ‚

1010 1958 1043 1986 et
1056 1959 1187 1995 propter
1212 1957 1400 1986 indomitam
1415 1956 1579 1986 feritatem
1593 1956 1707 1993 alliga-

1010 2004 1077 2032 tum
1102 2003 1274 2041 praesepio,
1300 2003 1382 2032 sicut
1402 2002 1556 2040 scriptum
1582 2002 1651 2031 est:
1668 2003 1707 2031 In

1008 2057 1094 2078 camo
1110 2051 1138 2078 et
1149 2050 1236 2087 freno
1250 2049 1396 2079 maxillas
1407 2056 1511 2078 eorum
1523 2048 1706 2084 constrinqe‚

1008 2095 1060 2132 qui
1074 2103 1135 2124 non
1163 2095 1383 2132 approximant
1397 2094 1436 2123 ad
1451 2094 1489 2123 te.
1505 2093 1645 2130 Agnosce
1660 2093 1707 2122 ta-

1007 2147 1081 2169 men
1093 2161 1102 2177 ,
1114 2148 1132 2169 0
1153 2140 1209 2168 bos
1219 2161 1229 2177 ,
1245 2146 1460 2176 possessorem
1482 2139 1575 2168 tuum
1587 2159 1597 2175 ,
1623 2139 1656 2168 et
1667 2137 1703 2167 tu

1007 2184 1094 2214 asine
1105 2207 1114 2222 ,
1122 2193 1264 2222 praesepe
1274 2184 1403 2214 Domini
1414 2183 1462 2214 tui
1474 2205 1483 2221 ,
1493 2184 1530 2213 ut
1536 2183 1703 2222 Prophetae

1006 2230 1064 2259 Dei
1091 2230 1201 2260 fideles
1226 2229 1451 2266 inveniantur,
1477 2229 1532 2267 qui
1547 2229 1608 2258 ista
1628 2230 1703 2259 sunt

1007 2275 1064 2304 Dei
1080 2275 1240 2304 mirabilia
1260 2274 1439 2313 praelocuti.
1456 2274 1632 2312 Cognosce,
1644 2283 1703 2313 pe-

1005 2329 1059 2350 cus
1069 2343 1078 2358 ,
1092 2330 1187 2359 quem
1202 2329 1266 2350 uon
1281 2320 1459 2358 cognovisti
1475 2319 1590 2357 homo3
1607 2320 1703 2350 adora

1006 2367 1038 2396 iu
1058 2367 1183 2396 stabulo
1204 2375 1301 2405 quem
1329 2366 1474 2404 fugiebas
1488 2366 1522 2395 in
1538 2361 1703 2403 paradiso;

1005 2414 1124 2442 honora
1150 2413 1342 2450 praesepium
1368 2413 1459 2449 cujus
1481 2412 1704 2450 contempsisti

1005 2459 1198 2497 imperium3
1221 2459 1353 2489 comede
1378 2458 1624 2496 foenum,quem
1644 2466 1702 2495 pa-

1005 2513 1076 2535 nem
1087 2527 1095 2541 ,
1112 2506 1144 2535 et
1159 2513 1275 2543 panem
1291 2505 1472 2543 angelicum
1488 2502 1648 2533 fastidisti.

1043 2551 1072 2580 6.
1088 2551 1149 2580 Sed
1164 2559 1312 2588 quaenam
1332 2558 1424 2580 causa
1435 2571 1443 2586 ‚
1459 2548 1584 2586 inquis,
1602 2548 1700 2578 tantae

1004 2596 1368 2632 ‹lej0cti01iis?Prosect0
1381 2594 1464 2633 quod
1476 2594 1569 2623 homo
1580 2601 1651 2622 cum
1666 2592 1698 2622 in

1004 2641 1124 2671 honore
1139 2642 1245 2680 esset,
1270 2649 1332 2670 11011
1356 2638 1526 2669 intellexit.
1541 2637 1699 2675 Quidnon
