1810 3073
468 199 512 226 ΙΝ
535 197 732 226 CANTICA
753 197 898 225 SERMO
925 197 1074 227 xxvil.

65 261 158 292 quam
183 254 335 293 plurimas
349 252 383 282 in
407 260 441 283 se
463 260 553 291 aeque
583 252 761 282 Salomonis

67 301 185 338 pelles,
197 299 346 338 quoniam
367 297 587 336 unusquisque
602 298 715 327 beatus
730 296 764 326 et

65 346 209 382 sanctus,
234 343 287 381 qui
304 343 351 372 ibi
367 342 434 380 est,
460 343 556 380 pellis
577 341 626 372 est
650 341 762 379 utique

64 389 250 419 Salomonis.
259 388 393 426 Benigni
409 388 569 427 siquidem
582 387 655 418 sunt
665 387 762 425 atque

64 434 188 464 extenti
203 434 236 463 in
251 434 383 464 caritate
394 457 403 472 ,
425 434 648 472 pertingentes
660 440 761 470 usque

62 479 102 508 ad
116 487 190 515 nos,
212 479 328 516 quibus
343 479 495 517 gloriam,
511 486 605 517 quam
618 476 738 506 habent
751 498 759 514 ,

61 532 124 554 non
140 523 367 562 invident‚sed
383 525 512 563 optant,
523 524 567 554 ita
579 523 615 553 ut
627 531 668 552 ex
682 522 760 560 ipsis

60 569 155 607 huJus
169 570 216 600 rei
232 571 332 607 gratia
348 570 506 600 demorari
523 569 607 607 apud
623 576 679 597 nos
695 576 759 597 non

60 617 252 654 graventur,
275 616 380 646 seduli
405 617 490 646 circa
505 623 581 651 nos,
599 614 632 644 et
649 622 759 643 curam

59 663 210 699 gerentes
236 661 352 699 nostri,
372 670 474 691 omnes
506 659 761 690 aclmz'm'stratore‘i

58 707 181 745 spiritus
193 728 202 744 ,
216 709 300 737 missi
314 708 344 736 in
361 706 562 735 ministerium
571 706 696 743 propter
709 713 759 734 eos

58 754 112 790 qui
122 752 326 782 lioerezlltatem
337 752 461 789 capiunt
474 751 591 780 salutis.
600 750 759 786 Quamob-

58 805 128 826 rem
147 797 231 826 sicut
247 797 353 826 coelum
369 797 435 825 coeli
455 795 662 833 singulariter
677 796 759 825 dici-

58 843 112 872 tur
125 842 275 872 universa
288 842 341 871 illa
354 841 525 870 multitudo
539 841 672 870 collecta
685 841 759 870 bea-

57 889 180 925 torum3
211 887 256 916 sic
284 887 317 917 et
341 887 407 916 coeli
434 887 576 915 coelorum
587 908 597 922 ,
627 887 760 924 propter

57 933 216 971 singulos,
233 932 288 970 qui
314 932 428 970 utique
446 932 519 961 coeli
536 932 627 969 sunt,
654 933 760 961 nomi-

57 979 191 1015 nantur3
209 979 242 1008 et
259 978 298 1008 ad
314 979 455 1015 singulos
472 978 594 1015 spectat
610 978 695 1015 quod
710 978 760 1007 di-

57 1025 161 1054 citur:
177 1025 353 1054 Extendens
367 1024 686 1062 coelumsiculpelfem.
703 1024 760 1052 Vi-

56 1070 158 1107 detis,
180 1071 274 1099 credo
285 1092 294 1107 ,
319 1077 466 1107 quaenam
490 1069 554 1098 illae
582 1070 702 1107 pelles,
728 1069 760 1099 et

57 1115 149 1153 cujus
164 1115 228 1144 sint
239 1115 432 1151 Salomonis,
446 1114 485 1144 de
494 1122 630 1152 quarum
645 1122 759 1153 sponsa

57 1160 272 1190 similitudine
288 1158 454 1196 gloriatur.

96 1205 126 1234 6.
143 1206 231 1234 Nunc
243 1205 311 1241 jam
322 1203 514 1234 intueamini
528 1203 597 1240 ejus
612 1203 758 1242 gloriam,

55 1259 126 1289 quae
142 1250 175 1280 et
200 1250 280 1279 coelo
295 1258 328 1279 se
344 1249 525 1287 comparat,
547 1250 579 1279 et
595 1249 641 1277 illi
659 1250 738 1278 coelo
749 1271 758 1286 ,

55 1295 141 1334 quod
156 1296 244 1325 tanto
266 1295 315 1325 est
329 1294 497 1332 gloriosius
508 1317 517 1332 ,
537 1294 657 1332 quanto
674 1295 759 1324 divi-

54 1341 139 1371 nius.
166 1341 229 1371 Nec
245 1340 407 1370 immerito
423 1341 557 1378 usurpat
573 1340 648 1370 inde
670 1341 759 1370 simi-

56 1386 227 1416 litudinem
239 1408 248 1424 ‚
275 1386 360 1416 unde
376 1385 534 1424 originem
561 1385 662 1416 ducit.
678 1387 757 1415 Nam

55 1433 82 1462 si
98 1434 229 1470 propter
244 1441 375 1470 corpus,
392 1432 477 1469 quod
492 1432 531 1461 de
548 1432 633 1461 terra
646 1432 757 1470 habet,

55 1478 272 1509 tabernaculis
279 1477 380 1507 Cedar
391 1485 424 1507 se
435 1477 588 1506 assimilat
603 1485 611 1515 ς
626 1486 682 1506 cur
694 1486 757 1507 non

56 1524 89 1553 et
102 1524 233 1561 propter
258 1523 417 1559 animam,
441 1531 512 1560 quae
536 1522 576 1552 de
593 1523 674 1552 coelo
690 1523 757 1561 est,

55 1568 134 1599 coelo
150 1576 240 1606 aeque
270 1567 409 1596 similem
433 1575 466 1596 se
493 1575 562 1597 esse
584 1568 756 1609 glorietur,

54 1614 232 1653 praesertim
248 1621 321 1643 cum
335 1613 403 1642 vita
425 1613 562 1642 testetur
577 1614 734 1652 originem
747 1634 756 1650 ‚

53 1660 191 1690 testetur
215 1660 338 1688 naturae
365 1658 555 1696 dignitatem
572 1659 604 1688 et
627 1661 758 1697 patriae?

53 1706 159 1735 Unum
175 1706 278 1734 Deum
304 1704 416 1733 adorat
434 1704 467 1733 et
481 1704 576 1741 colit,
598 1708 757 1742 quomodo

53 1751 185 1790 Angeli3
210 1750 371 1780 Christum
397 1758 494 1787 super
522 1751 629 1780 omnia
652 1754 756 1791 amat,

53 1797 212 1836 quomodo
238 1795 368 1834 Angeli3
398 1795 482 1824 casta
508 1795 575 1832 est,
599 1797 756 1833 quomodo

53 1842 184 1880 Angeli3
202 1841 298 1878 idque
311 1841 344 1870 in
359 1848 453 1870 carne
469 1841 593 1878 peccati
608 1841 640 1870 et
654 1841 756 1880 fragili

52 1896 204 1926 corpore,
220 1886 303 1925 quod
320 1895 383 1916 non
396 1886 525 1923 Angeli3
542 1887 660 1924 quaerit
684 1897 758 1925 pos—

53 1937 157 1964 tremo
167 1955 176 1971 ,
191 1934 223 1963 et
233 1933 316 1971 sapit
326 1941 398 1970 quae
409 1931 491 1970 apud
505 1932 574 1961 illos
587 1932 679 1970 sunt,
692 1942 755 1963 non

53 1988 124 2018 quae
152 1986 251 2016 super
288 1979 418 2007 terram.
450 1977 541 2014 Quod
570 1977 755 2009 evidentius

54 2024 192 2054 coelestis
205 2023 330 2061 insigne
347 2023 480 2060 originis
492 2045 501 2060 ,
517 2031 611 2061 quam
629 2023 756 2062 ingeni—

53 2072 134 2107 tam,
152 2070 184 2099 et
199 2069 232 2098 in
247 2069 376 2107 regione
393 2068 685 2107 dissimilitudinis,
702 2078 756 2099 re-

51 2116 157 2146 tinere
197 2114 442 2144 similitudinem
470 2123 478 2143 :
509 2114 643 2152 gloriam
679 2115 754 2145 vitae

53 2162 173 2192 caelibis
188 2161 221 2190 in
233 2161 318 2190 terra
328 2183 336 2198 ,
347 2160 379 2190 et
395 2160 434 2189 ab
444 2160 556 2189 exsule
567 2182 575 2197 ,
586 2161 734 2199 usurpari
745 2170 752 2199 ς

53 2207 87 2236 in
102 2214 232 2245 corpere
245 2206 384 2244 denique
399 2214 483 2244 pene
499 2205 626 2236 bestiali
642 2207 753 2236 vivere

52 2251 220 2290 angelum?
244 2252 388 2282 Coelestis
408 2252 482 2282 sunt
506 2251 566 2282 ista
581 2252 752 2290 potentiae,

50 2307 114 2328 non
129 2299 282 2335 terrenae3
309 2298 341 2328 et
356 2299 441 2336 quod
459 2306 536 2328 vere
551 2298 591 2328 de
617 2299 697 2328 coelo
713 2299 754 2330 sit

52 2344 158 2373 anima
171 2352 240 2381 quae
256 2344 323 2373 liaec
338 2345 459 2381 potest,
473 2345 583 2382 aperte
594 2344 750 2375 indicant.

55 2389 134 2419 Audi
148 2389 257 2419 tamen
278 2390 526 2428 apertius-Vidi,
542 2391 669 2430 inquit,
682 2392 754 2422 civi—

53 2436 145 2465 tatem
155 2436 293 2465 sanctam
303 2436 470 2466 Jerusalem
483 2445 594 2467 novam
603 2458 613 2474 ‚
631 2438 752 2468 descen-

52 2479 169 2509 dentem
177 2480 210 2510 de
219 2480 290 2509 coelo
299 2501 308 2516 ,
318 2489 338 2509 α
347 2481 409 2510 1)εο
418 2481 562 2518 paratam
572 2503 582 2518 ,
593 2483 752 2521 tamquam

51 2532 193 2562 sponsam
216 2527 361 2555 ornatam
385 2527 451 2556 viro
465 2535 532 2557 suo.
548 2527 585 2557 Et
606 2528 749 2560 addidit:

53 2570 93 2600 Et
116 2572 219 2602 audivi
237 2580 338 2602 vocem
362 2581 509 2611 magnam
522 2574 557 2603 de
581 2574 690 2605 throno
705 2577 751 2606 di-

54 2617 165 2646 centem
182 2627 191 2647 .·
208 2618 282 2648 Ecce
299 2617 526 2650 tabernaculum
544 2621 601 2652 Dei
611 2630 677 2651 cum
696 2622 751 2652 ho-

796 252 946 288 minibus,
963 254 991 283 et
1005 253 1154 284 habitabit
1168 263 1236 285 cum
1252 257 1303 286 eis.
1338 257 1382 287 Ad
1398 259 1501 297 quid?

797 296 893 326 Credo
909 298 946 328 ut
970 299 1032 328 sibi
1048 299 1192 337 acquirat
1218 307 1363 336 sponsam
1386 303 1424 333 de
1441 306 1500 335 ho-

797 341 949 372 minibus.
971 344 1048 373 Mira
1064 344 1132 374 res!
1153 343 1200 372 Ad
1222 352 1372 382 sponsam
1387 350 1500 379 venie-

796 387 868 425 hat,
895 389 928 418 et
957 389 1077 427 absque
1102 398 1219 427 sponsa
1244 397 1308 419 non
1334 393 1498 424 veniebat.

795 432 965 469 Quaerebat
980 442 1147 472 sponsam,
1165 435 1198 465 et
1212 443 1326 472 sponsa
1341 444 1413 466 cum
1432 438 1500 474 ipso

796 478 873 507 erat.
887 478 934 508 An
951 479 1021 509 duoe
1034 480 1146 509 erant?
1157 479 1257 510 Absit.
1272 481 1339 510 Una
1350 483 1393 510 est
1407 484 1499 519 enim,

795 523 858 561 ait,
872 525 1014 555 columba
1033 535 1114 555 mea.
1129 526 1190 555 Sed
1204 526 1287 556 sicut
1311 526 1349 555 de
1362 526 1501 557 diversis

794 568 905 598 ovium
920 571 1071 607 gregibus
1086 580 1188 600 unum
1204 571 1310 600 facere
1326 571 1448 609 voluit,
1465 574 1502 603 ut

794 613 835 642 sit
849 623 944 643 mmm
961 616 1045 653 ovile,
1061 617 1089 645 et
1104 625 1183 646 unus
1207 618 1335 654 pastor:
1353 617 1396 647 ita
1423 625 1498 646 cum

794 658 929 689 haberet
965 669 1112 698 sponsam
1141 662 1354 692 inhaerentem
1390 662 1454 692 sibi
1482 671 1500 693 a

794 703 956 742 principio
999 706 1246 736 multitudinem
1285 707 1498 744 Angelorum,

794 750 916 786 placuit
936 751 967 780 ei
988 752 1021 781 et
1045 752 1085 782 de
1112 752 1298 783 hominibus
1324 763 1501 784 convocare

793 795 965 824 Ecclesiam
977 818 985 833 ,
1002 797 1097 835 atque
1107 798 1200 828 unire
1217 798 1264 827 illi
1277 807 1347 836 quse
1363 799 1402 829 de
1420 799 1502 829 coelo

793 842 859 878 est,
876 841 911 870 ut
926 841 968 871 sit
984 851 1047 871 una
1064 851 1178 880 sponsa
1190 866 1198 881 ,
1211 845 1244 873 et
1260 852 1394 881 sponsus
1404 853 1498 874 unus.

793 887 871 924 Ergo
893 895 934 916 ex
960 888 1084 925 adjecta
1100 889 1159 918 ista
1176 911 1184 927 ,
1202 889 1345 928 perfecta
1362 891 1409 919 est
1424 890 1478 919 illa
1490 913 1499 928 ‚

795 939 857 960 non
880 931 1063 971 duplicata;
1087 935 1120 963 et
1139 936 1301 973 cognoscit
1317 935 1356 964 de
1373 943 1406 964 se
1431 935 1500 965 dic-

794 977 879 1005 tum:
899 979 966 1008 Una
981 981 1023 1009 est
1038 980 1174 1017 perfecta
1194 990 1275 1010 mea.
1288 981 1384 1010 Porro
1402 989 1499 1010 unam

794 1023 999 1054 conformitas
1033 1025 1136 1063 facit,
1170 1034 1257 1056 nunc
1294 1026 1429 1064 quidem
1462 1027 1497 1057 in

795 1069 892 1098 simili
910 1070 1101 1110 devotione,
1115 1072 1226 1110 postea
1241 1080 1316 1102 vero
1332 1073 1364 1102 et
1380 1073 1413 1102 in
1426 1074 1496 1111 pari

801 1114 914 1152 gloria.

834 1160 863 1189 7.
882 1161 987 1191 Habes
1009 1161 1119 1200 itaque
1148 1163 1322 1202 utrumque
1340 1164 1379 1194 de
1396 1165 1495 1201 coelo,

794 1204 826 1233 et
841 1214 992 1243 sponsum
1008 1207 1133 1238 scilicet
1147 1209 1256 1238 Jesum
1267 1231 1275 1246 ,
1299 1210 1331 1239 et
1347 1218 1496 1248 sponsam

793 1250 983 1280 Jerusalem.
1001 1253 1037 1281 Et
1053 1253 1107 1282 ille
1120 1253 1252 1291 quidem
1266 1255 1301 1284 ut
1316 1255 1496 1294 videretur,

792 1298 982 1335 semetipsum
999 1300 1169 1329 exinanivit
1180 1300 1315 1337 formam
1329 1303 1407 1331 sere-i
1417 1303 1498 1331 acci-

791 1342 875 1378 piens
885 1363 895 1378 ,
910 1344 941 1372 in
957 1344 1186 1373 similitudinem
1202 1345 1360 1375 hominum
1376 1347 1476 1384 factus
1487 1369 1497 1383 ‚

793 1388 819 1416 et
842 1387 948 1417 habitu
969 1390 1105 1419 inventus
1121 1392 1156 1419 ut
1182 1391 1283 1420 homo.
1300 1391 1338 1421 At
1360 1391 1448 1421 illam
1463 1392 1498 1422 in

793 1441 931 1470 quanam
947 1434 1097 1471 putamus
1111 1434 1210 1464 forma
1223 1444 1280 1465 seu
1293 1437 1402 1474 specie
1416 1458 1426 1473 ,
1441 1439 1497 1467 aut

793 1478 903 1516 inquo
928 1479 1042 1509 habitu
1063 1480 1220 1510 videlicet
1246 1481 1497 1512 descendentem

792 1524 876 1553 vidit
892 1524 1121 1563 illequividit?
1136 1527 1183 1555 An
1200 1526 1281 1556 forte
1299 1527 1333 1556 in
1344 1526 1499 1566 frequen-

792 1569 836 1598 tia
852 1570 1044 1608 Angelorum
1058 1593 1067 1609 ,
1083 1580 1163 1610 quos
1191 1572 1276 1601 vidit
1290 1574 1498 1606 descendentes

792 1617 819 1644 et
834 1617 1025 1646 ascendentes
1042 1626 1131 1656 super
1146 1618 1258 1647 Filium
1271 1618 1423 1649 liomz'nis?
1435 1620 1498 1650 Sed

792 1661 909 1690 melius
934 1662 1072 1691 dicimus
1085 1685 1094 1700 ,
1123 1663 1207 1701 quod
1237 1672 1384 1701 sponsam
1418 1666 1497 1695 tune

792 1706 931 1744 viderit,
958 1716 1031 1736 cum
1047 1708 1188 1737 Verbum
1209 1708 1242 1737 in
1272 1717 1368 1738 carne
1393 1710 1495 1748 vidit,

792 1759 967 1788 agnoscens
978 1753 1057 1782 duos
1069 1753 1103 1781 in
1113 1762 1206 1783 carne
1222 1762 1297 1783 una.
1309 1755 1391 1783 Dum
1409 1756 1496 1786 enim

792 1799 920 1828 sanctus
953 1799 1008 1828 ille
1037 1800 1224 1828 Emmanuel
1252 1800 1346 1829 terris
1385 1801 1496 1833 intulit

792 1845 1009 1882 magisterium
1036 1844 1213 1882 disciplinae
1236 1845 1393 1884 coelestis3
1421 1848 1496 1877 dum

791 1898 938 1927 supernae
951 1890 1038 1919 illius
1045 1891 1224 1919 Jerusalem
1235 1899 1322 1928 ,quae
1332 1891 1380 1920 est
1392 1893 1496 1923 mater

792 1937 914 1973 nostra,
932 1936 1072 1965 visibilis
1093 1936 1238 1974 quasdam
1255 1936 1358 1973 imago
1375 1938 1407 1966 et
1422 1946 1496 1976 spe-

791 1981 856 2011 cies
871 1981 996 2011 decoris
1013 1981 1082 2018 ejus
1097 1990 1156 2019 per
1179 1981 1283 2019 ipsum
1306 1982 1398 2011 nobis
1414 1984 1496 2013 etin

791 2027 859 2064 ipso
899 2036 1051 2065 expressa
1079 2027 1238 2064 innotuit3
1266 2028 1344 2065 quid
1371 2028 1435 2059 nisi
1461 2029 1496 2059 in

790 2081 904 2110 sponso
939 2081 1087 2111 sponsam
1115 2073 1342 2111 perspeximus
1356 2096 1366 2112 ,
1393 2083 1494 2105 unum

790 2118 1004 2156 eumdemque
1038 2118 1215 2148 Dominum
1246 2119 1357 2156 gloriae
1391 2120 1496 2150 admi-

789 2164 896 2194 rantes
906 2186 914 2201 ,
928 2165 960 2194 et
974 2172 1126 2202 sponsum
1154 2164 1341 2194 decoratum
1357 2173 1473 2195 corona
1485 2188 1493 2204 ,

789 2211 822 2240 et
851 2219 998 2249 sponsam
1032 2210 1177 2240 ornatam
1204 2210 1381 2241 monilibus
1409 2212 1496 2242 suis?

788 2257 857 2294 lpse
885 2257 983 2295 igitur
1005 2256 1062 2294 qui
1077 2255 1265 2294 descendit,
1288 2256 1358 2295 ipse
1388 2257 1436 2288 est
1461 2259 1495 2288 et

787 2302 843 2341 qui
858 2302 1003 2333 ascendit
1020 2311 1027 2331 :
1045 2302 1081 2332 ut
1095 2311 1192 2332 nemo
1214 2302 1366 2332 ascendat
1380 2303 1413 2333 in
1430 2312 1494 2334 coe-

788 2348 946 2388 lum,nisi
963 2348 1018 2386 qui
1034 2348 1073 2378 de
1098 2348 1178 2378 coelo
1202 2348 1387 2386 descendit,
1409 2358 1494 2379 unus

787 2394 937 2433 idemque
951 2394 1106 2424 Dominus
1116 2416 1124 2432 ,
1138 2394 1170 2424 et
1182 2402 1316 2433 sponsus
1328 2394 1361 2424 in
1373 2395 1491 2432 capite,

788 2440 821 2470 et
848 2448 965 2479 sponsa
994 2440 1028 2470 in
1044 2448 1190 2478 corpore.
1220 2440 1284 2470 Nec
1313 2440 1429 2470 frustra
1456 2440 1489 2469 in

787 2485 882 2515 terris
896 2485 984 2516 visus
1010 2484 1058 2515 est
1072 2485 1167 2515 homo
1183 2485 1323 2515 coelestis
1335 2506 1344 2522 ,
1362 2493 1435 2514 cum
1451 2484 1490 2513 de

786 2531 925 2561 terrenis
940 2531 1087 2561 coelestes
1102 2540 1196 2570 quam
1210 2531 1365 2569 plurimos
1376 2528 1491 2559 fecerit

786 2576 1004 2615 sibi-similes,
1019 2577 1056 2607 ut
1070 2576 1113 2607 sit
1125 2577 1211 2616 quod
1227 2575 1366 2613 legitur:
1384 2574 1491 2612 Qualis

786 2623 909 2654 coelestis
922 2644 931 2660 ,
947 2623 1022 2654 tales
1042 2624 1070 2653 et
1084 2623 1223 2654 coelestes.
1248 2620 1372 2650 extunc
1388 2618 1487 2657 issltffl'
