1810 3073
288 249 347 280 2¹44

288 305 416 334 oculum
436 304 561 342 species
576 303 712 342 fefellit,
729 305 798 335 auri
815 304 935 334 veritas
950 310 983 333 sc

288 350 420 380 infudit.
433 349 551 380 Oculus
561 350 792 388 pronuntiabat
801 350 964 378 infirmum
975 371 984 387 ‚

288 397 401 426 oculus
411 395 552 434 foedum,
564 396 675 426 oculus
686 395 842 425 miserum
855 415 864 431 ,
875 395 986 425 oculus

288 442 394 472 morte
414 441 603 480 turpissima
625 440 874 471 condemnatum
891 447 899 467 ε
915 441 985 469 auri

284 487 347 517 Dei
364 487 483 524 Filius,
497 486 567 516 auri
582 486 738 515 formosus
753 484 913 522 innotuit3
929 485 988 515 sed

285 541 351 562 non
361 533 542 562 Judaeorum
552 553 560 568 ,
570 531 646 569 quia
661 531 753 560 erant
764 530 987 560 incircumcisi

286 578 431 608 auribus.
448 577 560 606 Merito
574 577 687 605 Petrus
703 575 842 605 abscidit
856 576 987 606 auricu-

290 623 356 652 lam
378 622 484 658 servi,
497 622 534 651 ut
548 621 635 650 viam
650 620 772 650 faceret
791 620 922 650 veritati
932 642 941 658 ,
955 622 988 652 et

284 668 405 698 veritas
431 667 586 696 liberaret
613 674 707 704 eum,
720 665 753 695 id
768 666 816 695 est
845 666 987 696 liberum

286 713 420 742 faceret.
434 712 508 741 Erat
530 712 586 741 ille
608 711 762 741 Centurio
779 712 987 742 incircumci-

287 767 340 788 sus
351 780 359 795 ,
376 757 434 788 sed
445 765 511 786 non
527 765 603 786 aure
614 779 623 794 ,
638 757 693 794 qui
709 756 748 786 ad
763 765 861 786 unam
877 758 987 795 exspi-

285 804 387 832 rantis
402 811 515 832 vocem
531 802 589 831 sub
605 803 651 831 tot
674 801 872 832 infirmitatis
899 803 986 833 indi-

284 848 344 878 ciis
360 849 532 877 Dominum
547 847 725 883 majestatis
740 848 880 885 agnovit.
898 848 987 878 Ideo-

285 902 349 931 que
396 902 461 922 non
491 893 642 930 despexit
678 892 763 929 quod
788 892 889 930 vidit,
911 895 986 930 quia

288 938 429 968 credidit
453 936 539 974 quod
567 944 631 965 nou
656 936 750 964 vidit.
781 936 849 964 Non
878 938 985 966 autem

286 982 425 1012 credidit
449 990 490 1010 ex
506 989 544 1010 eo
572 980 657 1018 quod
683 980 784 1009 vidit:
802 981 859 1009 sed
880 990 923 1010 ex
950 990 987 1011 eo

287 1027 501 1066 proculdubio
517 1026 603 1064 quod
615 1025 760 1062 audivit,
776 1025 852 1062 quia
869 1026 940 1063 sitlos
949 1036 987 1056 ex

287 1075 405 1103 azulilu.
424 1073 565 1109 Dignum
586 1070 718 1108 quidem
735 1070 838 1099 fuerat
853 1079 914 1108 per
935 1080 988 1101 su-

286 1119 431 1157 periores
457 1118 622 1148 oculorum
643 1115 800 1145 fenestras
815 1117 987 1146 veritatem

285 1165 407 1194 intrare
424 1163 464 1193 ad
492 1163 632 1192 animam
649 1171 656 1190 :
674 1161 730 1191 sed
756 1161 816 1190 hoc
841 1162 952 1199 nobis,
971 1170 987 1191 0

286 1210 392 1239 anima
404 1231 413 1246 ,
429 1208 579 1239 servatur
601 1208 635 1236 in
650 1208 834 1245 posterum,
851 1215 923 1236 cum
940 1208 988 1236 vi—

286 1254 435 1284 debimus
457 1253 538 1282 facie
555 1253 596 1282 ad
616 1252 745 1282 faciem.
768 1253 857 1281 Nunc
880 1254 987 1282 aulem

286 1300 375 1329 unde
397 1298 528 1337 irrepsit
543 1298 693 1334 morbus,
710 1298 785 1327 inde
807 1298 987 1327 remedium

286 1344 404 1382 intret,
422 1345 455 1373 et
476 1352 534 1381 per
549 1343 661 1372 eadem
678 1342 831 1380 sequatur
852 1343 988 1381 vestigia

288 1390 357 1419 vita
381 1390 518 1418 mortem
529 1410 537 1426 ,
554 1389 705 1418 tenebras
722 1389 778 1417 lux
789 1410 797 1425 ,
824 1396 988 1417 venenum

288 1435 449 1473 serpentis
471 1434 650 1464 antidotum
669 1433 836 1464 veritatisz
852 1434 883 1463 et
899 1435 989 1464 sanet

288 1481 418 1510 oculum
446 1480 503 1518 qui
532 1480 680 1509 turbatus
703 1480 768 1516 est,
791 1480 829 1509 ut
856 1487 988 1509 serenus

288 1525 399 1555 videat
411 1533 507 1563 quem
523 1525 670 1554 turbatus
686 1533 749 1554 non
764 1526 880 1562 potest.
895 1526 988 1555 Auris

289 1570 394 1608 prima
405 1570 518 1599 mortis
531 1570 627 1607 janua
638 1592 646 1607 ,
658 1570 763 1607 prima
779 1569 943 1607 aperiatur
956 1571 988 1600 et

289 1615 383 1652 vitae3
394 1615 534 1652 auditus,
546 1615 601 1652 qui
615 1615 710 1652 tulit,
724 1615 853 1652 reparet
863 1615 986 1644 visum:

288 1660 442 1698 quoniam
462 1660 524 1688 nisi
540 1660 775 1689 crediderimus
787 1681 796 1696 ,
810 1668 875 1688 non
892 1660 989 1690 intel—

287 1705 435 1743 ligemus.
465 1706 545 1743 Ergo
580 1711 728 1734 Aumrcs
750 1704 791 1734 ad
814 1705 968 1737 meritum
979 1728 988 1743 ,

287 1752 375 1781 visus
403 1751 443 1780 ad
472 1750 654 1788 praemium.
680 1750 772 1780 L'nde
797 1751 955 1788 Propheta
980 1761 987 1781 :

288 1798 418 1827 Auditae·
441 1805 526 1832 meo,
542 1795 665 1834 inquit,
682 1796 768 1826 dabis
796 1797 942 1834 qaudz'um
962 1800 989 1827 et

288 1843 426 1872 loetttiam
437 1852 447 1871 .-
459 1842 544 1880 quod
573 1841 677 1871 fidelis
702 1842 873 1872 retributio
899 1843 990 1873 audi-

288 1888 386 1917 tionis
402 1888 495 1917 beata
510 1887 591 1917 visio
606 1887 664 1925 sit,
681 1888 714 1917 et
725 1887 826 1917 beatae
837 1888 989 1918 merItum

288 1934 424 1964 visionis
461 1933 565 1963 tidelis
599 1933 732 1963 auditio.
766 1935 856 1963 Beati
882 1935 989 1964 autem

288 1981 402 2009 mundo
422 1980 529 2016 corde,
547 1981 693 2017 quonium
714 1981 771 2017 ipsi
793 1981 892 2009 Deum
907 1981 990 2010 vide-

291 2025 375 2055 bunt.
392 2026 486 2055 Porro
508 2025 571 2054 fide
591 2026 717 2062 oportet
741 2025 890 2054 mundari
914 2034 990 2056 ocu-

287 2071 356 2100 lum
371 2071 427 2109 qui
455 2070 561 2100 videat
583 2071 685 2100 Deum
697 2093 705 2108 ,
720 2071 990 2108 quemadmodum

289 2116 389 2146 habes
405 2125 412 2145 :
431 2118 503 2146 Fide
520 2117 670 2146 mmzdans
682 2117 774 2146 corda
790 2126 908 2147 eorum.

330 2161 360 2191 6.
378 2163 511 2192 Interim
528 2170 600 2199 ergo
616 2162 692 2191 dum
708 2162 847 2191 necdum
861 2162 990 2200 paratus

291 2207 340 2236 est
366 2207 473 2244 visus,
499 2207 628 2237 auditus
659 2207 837 2244 excitetur,
860 2207 990 2237 auditus

291 2253 505 2289 exercitetur,
517 2252 644 2281 auditus
654 2252 797 2289 excipiat
804 2252 987 2282 veritatem.

290 2298 404 2335 Felix,
427 2300 478 2328 cui
504 2299 631 2328 Veritas
646 2298 834 2334 attestatur,
851 2297 962 2328 dicens
979 2308 987 2328 z

290 2346 329 2374 In
344 2345 452 2374 auditu
467 2345 527 2373 oris
550 2344 674 2373 obedivit
693 2342 780 2371 mihi.
796 2342 919 2380 Dignus
934 2344 988 2381 qui

290 2389 420 2418 videam
429 2411 438 2426 ,
451 2388 476 2418 si
492 2389 678 2426 priusquam
689 2387 816 2416 videam
826 2409 835 2424 ,
844 2387 989 2419 obedisse

292 2434 442 2465 inveniar
465 2443 473 2463 :
497 2442 627 2464 securus
655 2432 791 2470 videbo,
819 2432 860 2462 ad
894 2441 989 2471 quem

292 2488 374 2510 meae
399 2479 594 2521 obedientiae
623 2486 740 2508 munus
774 2479 988 2516 praecesserit.

291 2526 394 2563 Quam
422 2526 534 2556 beatus
561 2525 616 2563 qui
641 2524 686 2554 ait
708 2525 884 2555 :Dominus
907 2526 990 2557 Deus

293 2573 413 2610 aperuit
429 2571 505 2602 mihi
518 2580 643 2609 aurem,
658 2572 686 2600 et
708 2579 759 2609 eqo
777 2578 841 2600 uon
865 2573 990 2601 contra-

295 2618 360 2647 dico
371 2639 379 2654 ,
396 2619 564 2648 retrorsum
575 2625 637 2647 non
659 2616 731 2646 abii.
748 2616 809 2646 Ubi
826 2617 858 2646 et
876 2617 990 2647 volun-

295 2663 383 2694 2211ae
396 2663 495 2697 habes
509 2662 703 2694 obedientiae
716 2662 865 2701 formam,
880 2663 911 2692 ct
923 2663 989 2694 lon-

765 252 794 279 S.
826 250 1064 280 BERNARDI
1092 249 1290 278 ABBATIS

1020 302 1218 339 ganimitatis
1247 303 1444 340 exemplum.
1466 304 1526 342 Qui
1544 304 1632 335 enim
1652 312 1715 335 non

1020 346 1232 384 contradicit,
1268 348 1462 385 spontaneus
1501 350 1568 387 est3
1598 351 1631 379 et
1649 352 1717 388 .qui

1019 391 1104 421 retro
1120 399 1185 420 non
1203 392 1301 430 abiit,
1321 394 1518 430 perseverat.
1539 395 1724 432 Utrumquev

1019 437 1255 474 necessarium,
1284 438 1435 475 quoniam
1463 438 1601 468 hilarem
1628 439 1716 469 dato-

1020 490 1088 511 rem
1105 481 1211 519 diligit
1235 483 1321 512 Deus
1337 492 1345 511 t
1361 484 1394 513 et
1417 485 1471 522 qui
1488 484 1720 522 perseveraverit

1021 536 1112 565 usque
1124 528 1155 557 in
1165 528 1274 564 finem,
1287 528 1334 557 hic
1345 529 1446 559 salvus
1459 531 1527 559 erit.
1544 529 1672 558 Utinam
1684 529 1718 560 et

1020 573 1102 602 mihi
1116 573 1242 610 aperiat
1258 581 1369 603 aurem
1380 574 1534 604 Dominus
1542 596 1552 611 ,
1564 574 1664 605 intret
1674 575 1714 604 ad

1021 626 1074 647 cor
1106 626 1217 648 meum
1255 626 1359 648 sermo
1389 619 1554 657 veritatis,
1580 619 1714 650 mundet

1020 663 1169 700 oculum,
1187 663 1219 692 et
1242 662 1325 693 laetae
1350 665 1511 701 praeparet
1531 663 1667 701 visioni,
1683 665 1720 694 ut

1021 708 1125 737 dIcam
1140 708 1208 738 Deo
1231 709 1329 738 etiam
1348 710 1417 747 ipse
1434 718 1442 738 t
1457 711 1721 748 Proeparatz'onem

1020 754 1117 783 coz-slis
1132 755 1192 783 mei
1206 755 1319 784 audis-it
1333 756 1417 785 auris
1429 757 1498 793 tua3
1509 755 1545 784 ut
1558 754 1686 784 audiam
1701 762 1720 785 a

1020 799 1085 827 Deo
1096 820 1105 836 ,
1121 799 1220 828 etiam
1236 799 1304 837 ipse
1330 808 1403 829 cum
1426 800 1551 830 caeteris
1565 800 1721 830 obedien-

1020 843 1107 873 tibus
1124 853 1131 872 :
1149 845 1190 874 Et
1204 854 1254 875 vos
1266 846 1452 875 mumlieslz's
1464 848 1589 884 propter
1608 854 1721 875 sermo-

1020 897 1112 926 nem,
1129 899 1217 928 quem
1237 891 1352 921 Iocutus
1366 900 1434 921 sum
1455 891 1550 921 vobis.
1577 891 1640 919 Nec
1655 899 1723 919 om-

1020 942 1078 963 nes
1109 935 1303 965 mundantur
1329 936 1385 973 qui
1414 935 1566 974 audiunt,
1582 936 1639 965 sed
1664 935 1719 973 qui

1021 978 1187 1009 obediunt.
1214 982 1304 1010 Beati
1331 982 1383 1019 qui
1407 983 1555 1018 audiunt,
1572 983 1600 1011 et
1624 983 1723 1012 custo-

1020 1025 1106 1054 diunt
1121 1026 1205 1054 illud.
1224 1026 1333 1055 Talem
1348 1027 1485 1063 requirit
1505 1026 1651 1055 auditum
1665 1026 1722 1063 qui

1022 1069 1151 1098 mandat
1177 1070 1286 1099 dicens
1302 1078 1310 1098 ε
1327 1071 1409 1100 Audi
1421 1071 1527 1100 Israel.
1543 1071 1654 1100 Talem
1672 1069 1721 1099 of—

1022 1114 1084 1144 fert
1111 1116 1166 1152 qui
1196 1116 1265 1144 ait:
1289 1117 1445 1154 Loquere,
1473 1117 1627 1152 Domine,
1650 1117 1724 1155 quia

1022 1162 1106 1190 atum
1133 1171 1236 1191 servus
1257 1163 1338 1192 tuus.
1364 1162 1472 1191 Talem
1498 1160 1634 1200 spondet
1664 1162 1721 1200 qui

1022 1206 1120 1236 dicit:
1139 1208 1274 1237 Audiam
1289 1209 1360 1246 quid
1374 1208 1519 1246 loquatur
1533 1209 1565 1238 in
1592 1217 1640 1238 me
1653 1209 1718 1238 Do-

1024 1254 1123 1283 minus
1138 1254 1231 1283 Deus.

1062 1298 1091 1326 7.
1116 1299 1153 1327 Et
1169 1299 1205 1328 ut
1225 1298 1307 1328 scias
1335 1297 1432 1327 etiam
1457 1297 1613 1336 Spiritum
1628 1306 1722 1328 sanc-

1022 1343 1089 1371 tum
1105 1343 1191 1373 hunc
1217 1343 1250 1373 in
1268 1343 1383 1373 animae
1399 1343 1559 1380 spirituali
1575 1343 1723 1382 prosectu

1022 1388 1169 1418 ordinem
1195 1390 1384 1426 observare,
1402 1390 1440 1418 ut
1458 1389 1614 1419 videlicet
1630 1389 1721 1427 prius

1023 1433 1139 1464 formet
1153 1434 1318 1471 auditum,
1334 1442 1430 1472 quam
1445 1433 1718 1463 laetificetvisum:

1021 1479 1120 1515 Audi,
1151 1478 1274 1515 inquit,
1298 1479 1381 1515 filia,
1404 1480 1433 1508 et
1453 1479 1530 1508 vide,
1550 1477 1636 1514 Quid
1667 1478 1721 1507 in-

1022 1523 1129 1552 tendis
1164 1522 1314 1552 oculum?
1340 1524 1457 1552 Aurem
1484 1531 1575 1561 para.
1604 1522 1720 1553 videre

1021 1568 1184 1598 desideras
1212 1568 1398 1598 Christum?
1420 1568 1554 1606 Oportet
1572 1569 1605 1598 te
1633 1568 1722 1606 prius

1021 1614 1132 1644 audire
1146 1623 1219 1644 eum
1229 1637 1238 1652 ,
1252 1614 1363 1644 audire
1376 1613 1415 1644 de
1429 1622 1484 1652 eo,
1494 1615 1530 1644 ut
1549 1614 1636 1644 dicas
1648 1622 1722 1644 cum

1022 1659 1165 1689 videris:
1182 1662 1266 1690 Sicut
1300 1660 1487 1697 audivimus,
1508 1661 1550 1690 sic
1578 1661 1719 1690 vidimus.

1022 1705 1179 1735 Immensa
1211 1705 1357 1742 claritas,
1382 1705 1473 1735 visus
1499 1707 1669 1742 angustus,
1685 1705 1718 1734 et

1023 1759 1088 1780 non
1112 1752 1204 1789 potes
1228 1751 1269 1780 ad
1293 1759 1376 1780 eam.
1391 1751 1486 1780 Potes
1507 1751 1638 1787 auditu,
1663 1748 1720 1779 sed

1022 1804 1085 1825 non
1093 1796 1236 1835 aspectu.
1250 1796 1445 1826 Clamantem
1456 1795 1595 1834 denique
1604 1796 1720 1832 Deum,

1022 1842 1124 1871 Adam
1151 1842 1205 1872 ubi
1225 1841 1276 1872 es?
1292 1849 1356 1871 non
1379 1840 1529 1871 videbam
1555 1840 1621 1877 jam
1645 1847 1721 1878 pec-

1023 1888 1127 1926 cator,
1165 1887 1337 1917 audiebam
1360 1887 1479 1916 tamen.
1505 1885 1568 1916 Sed
1592 1885 1720 1916 auditus

1023 1935 1188 1971 aspectum
1201 1933 1373 1970 restituet,
1385 1932 1411 1962 si
1424 1933 1497 1970 pius
1507 1953 1517 1970 ,
1531 1931 1558 1962 si
1575 1931 1652 1969 vigil
1662 1951 1672 1968 ,
1692 1929 1719 1961 si

1023 1979 1127 2010 fidelis
1160 1979 1376 2018 praecesserit.
1411 1978 1505 2008 Fides
1551 1976 1719 2015 purgabit,

1023 2034 1119 2064 quem
1138 2025 1284 2056 turbavit
1305 2024 1477 2063 impietas:
1494 2023 1527 2054 et:
1540 2031 1635 2062 quem
1649 2021 1721 2051 ino-

1023 2072 1188 2102 bedientia
1214 2071 1345 2109 clausit,
1371 2071 1498 2109 aperiet
1521 2067 1718 2099 obedientia.

1024 2119 1168 2157 Denique
1184 2129 1203 2148 a
1219 2118 1373 2148 mandatis
1390 2118 1468 2154 tuis,
1486 2115 1611 2154 inquit,
1631 2114 1719 2144 inlel-

1023 2164 1106 2192 lerz‘:
1122 2163 1207 2201 quod
1224 2163 1427 2191 intellectum
1442 2161 1556 2191 reddat
1570 2160 1720 2190 observa-

1023 2208 1066 2237 tio
1082 2207 1321 2245 mandatorum,
1338 2215 1435 2244 quem
1451 2205 1527 2236 tulit
1549 2206 1720 2244 transgres-

1023 2253 1081 2282 sio.
1093 2252 1231 2282 Adverte
1243 2251 1347 2281 adhuc
1359 2251 1393 2280 in
1408 2252 1517 2281 sancto
1529 2250 1633 2287 Isaac,
1644 2257 1720 2288 quo-

1024 2297 1116 2327 modo
1140 2306 1206 2336 prae
1232 2297 1357 2326 caeteris
1381 2294 1528 2326 sensibus
1543 2295 1670 2325 auditus
1687 2294 1721 2324 in

1021 2344 1087 2380 Jam
1111 2352 1189 2374 sene
1209 2343 1360 2380 viguerit.
1387 2342 1530 2380 Caligant
1559 2341 1643 2372 oculi
1662 2341 1720 2371 Pa-

1024 2389 1191 2425 triarehae,
1218 2388 1362 2426 palatum
1388 2387 1572 2425 seducitur,
1596 2386 1718 2416 fallitur

1024 2442 1136 2464 manus
1146 2456 1155 2471 ,
1170 2442 1236 2464 non
1253 2433 1375 2463 fallitur
1390 2433 1487 2463 auriS.
1504 2432 1587 2470 Quid
1601 2431 1718 2461 mirum

1023 2480 1050 2510 si
1078 2480 1164 2510 auris
1186 2479 1327 2518 percipit
1342 2479 1533 2517 veritatem,
1558 2486 1630 2508 cum
1646 2477 1719 2514 fides

1024 2535 1062 2555 ex
1078 2526 1202 2562 auditu,
1218 2527 1340 2556 auditus
1349 2534 1404 2563 per
1415 2524 1539 2554 verbum
1556 2523 1631 2558 Dei,
1643 2529 1716 2551 ver-

1025 2572 1101 2601 bum
1121 2571 1182 2601 Dei
1200 2571 1321 2600 veritas
1332 2569 1395 2600 sit?
1412 2570 1502 2606 Vox,
1519 2566 1640 2605 inquit,
1655 2574 1715 2595 vox

1024 2617 1119 2648 Jacob
1145 2618 1198 2647 est.
1216 2616 1303 2646 Nihil
1328 2615 1447 2646 verius.
1474 2615 1583 2644 Manus
1613 2612 1715 2641 autem

1026 2671 1136 2695 manus
1148 2664 1217 2694 sunt
1227 2663 1324 2693 Esau.
1337 2661 1421 2690 Nihil
1435 2659 1552 2689 salsius.
1566 2655 1713 2688 Falleris:
