1830 3073
285 266 324 294 52

710 299 716 309 -‚
734 267 764 294 S.
794 263 1032 294 BERNARDI
1058 266 1253 296 ABBATIS

285 330 336 359 pes
351 322 459 357 vester,
474 322 570 351 cester
586 321 660 358 eril;
677 318 763 358 quod
782 318 907 350 tantum
929 317 990 346 im-
1026 318 1094 355 ipsa
1106 318 1288 350 retardetur
1303 321 1440 352 nubium
1449 322 1619 362 densitate,
1627 323 1722 362 juxt-⁶.

285 365 670 404 petraliimuS,quantum
682 364 926 402 porrexerimus
934 370 989 400 pe·
1024 371 1095 392 eam
1117 363 1252 394 formam
1262 387 1272 401 ,
1288 375 1359 404 quae
1379 369 1473 398 nobis
1487 376 1505 398 a
1520 369 1642 400 Christo
1655 372 1723 401 tra*

285 410 361 440 dem
373 410 462 440 fidei.
483 408 622 447 Quarta,
649 417 722 447 quae
745 411 794 438 est
817 408 989 446 gratim-mn
1025 408 1093 437 dita
1109 409 1170 446 est,
1185 409 1242 439 uhi
1252 410 1297 439 ait
1309 420 1316 439 :
1330 413 1378 442 Sic
1394 413 1533 450 orabilis,
1544 416 1640 445 Pater
1650 424 1722 446 nos-

285 456 365 485 actio
373 475 385 492 ‚
399 454 469 493 ipsa
484 453 583 483 debet
597 461 668 483 esse
681 452 853 482 devotione
867 451 989 489 plenis·
1023 455 1068 483 ter
1081 455 1179 493 quies
1191 456 1224 484 in
1238 456 1329 486 coelis.
1345 457 1469 488 Coelum
1483 459 1571 489 enim
1584 460 1720 498 quadam

284 501 365 530 sima
377 522 388 539 ,
403 499 435 529 et
454 498 581 530 deliciis
595 498 745 528 affluens.

324 546 356 576 7.
374 545 446 575 Jam
460 552 538 574 vero
557 544 597 573 de
612 541 800 572 reverentia
814 539 987 578 Orationis,

284 591 318 620 in
333 598 371 621 eo
384 589 469 628 quod
489 589 612 618 lectum
633 588 681 617 est
706 587 740 616 in
754 586 899 624 Capitulo
912 607 921 623 ,
937 586 988 624 ip-

284 636 350 666 sius
358 634 489 672 Regulae
502 641 558 662 vos
570 632 663 661 modo
674 631 863 661 sollicitavit
877 631 989 661 aucto-

283 679 374 717 ritas,
390 686 432 707 ex
445 677 538 713 cujus
551 676 718 706 occasione
734 676 842 714 aliqua
857 675 897 706 de
917 684 988 706 ora-

283 725 372 754 tione
391 722 527 753 dicenda
542 721 669 760 putavi.
687 722 771 751 Illud
785 722 896 751 tamen
912 721 989 752 bre—

284 769 369 798 viter
399 767 472 797 dico
483 789 492 804 ,
526 766 700 796 nonnullos
736 765 793 805 (ut
822 765 984 805 arbitror)

235 837 239 840 .
283 813 427 851 experiri
442 812 608 842 interdum
629 812 664 841 in
678 812 823 842 oratione
849 811 987 842 aridita-

281 860 361 897 tem,
374 859 407 888 et
415 858 654 888 hebetudinem
666 858 838 897 quamdam
850 858 985 888 mentis:

283 906 318 935 ut
342 905 418 934 solis
433 904 562 934 orantes
576 904 673 933 labiis
686 925 696 940 ,
711 911 774 933 non
790 904 868 934 satis
883 904 988 934 atten-

282 950 361 980 dant
379 957 487 988 neque
502 949 581 987 quid
603 948 729 986 dicant,
749 956 857 987 neque
873 949 988 979 03110-

282 995 442 1033 quantur,
461 1003 519 1033 pro
535 1002 572 1024 eo
588 994 675 1032 quod
689 994 782 1024 velut
797 1002 839 1023 ex
853 1002 987 1025 consue-

280 1039 396 1069 tudine
411 1039 562 1076 quadam,
578 1046 652 1067 cum
662 1038 771 1068 minus
783 1039 878 1076 digna
894 1047 987 1069 reve-

280 1085 385 1114 rentia
398 1087 431 1114 et
443 1082 662 1113 sollicitudine
675 1085 891 1114 accesserunt.
902 1085 985 1121 Quid

282 1130 372 1159 enim
389 1130 478 1159 aliud
489 1129 629 1166 cogitare
643 1129 739 1158 debet
751 1129 850 1158 trater
863 1129 986 1159 intrans

281 1175 322 1205 ad
331 1175 523 1212 orationem,
535 1182 632 1213 quam
641 1174 869 1212 propheticum
884 1175 983 1204 illud:

280 1222 442 1259 lnqrediczr
466 1222 497 1251 in
519 1222 619 1250 loc-um
643 1220 836 1250 tabernaculi
849 1221 986 1251 adnm-cz-

283 1267 370 1303 bilis,
382 1276 476 1305 usque
497 1267 537 1296 acl
551 1267 675 1296 domum
694 1265 769 1295 Dei?
785 1265 924 1295 Omnino
950 1267 986 1295 §i-

281 1312 417 1351 quidem
433 1313 560 1351 oportet
580 1320 639 1341 nos
661 1311 817 1341 orationis
837 1312 982 1349 tempore

282 1359 406 1388 curiam
423 1358 544 1388 intrare
560 1358 727 1388 coelestem
738 1379 747 1394 ,
766 1356 856 1386 illam
871 1358 983 1395 utique

281 1404 406 1433 curiam
419 1426 427 1441 ,
458 1405 493 1433 13
516 1412 580 1442 (133
621 1404 694 1433 Rex
719 1411 832 1439 regum
859 1403 985 1432 stellato

281 1449 375 1480 sedet
389 1450 469 1479 solio
482 1471 491 1487 ,
516 1449 737 1479 circumdante
754 1449 984 1478 innumerabili

281 1495 316 1524 et
330 1495 489 1524 ineffabili
509 1495 680 1524 beatorum
701 1494 875 1532 spirituum
890 1502 986 1525 exer-

280 1540 360 1570 citu.
384 1541 478 1570 Unde
502 1541 536 1570 et
560 1541 629 1578 ipse
650 1540 707 1578 qui
736 1540 880 1577 viderat,
908 1542 983 1578 quia

278 1587 436 1624 majorem
447 1594 619 1616 1131301331
631 1594 695 1615 non
706 1585 832 1615 invenit
847 1594 855 1614 ε
872 1587 982 1623 Miltia,

279 1631 345 1669 ait,
373 1632 503 1661 millium
523 1631 743 1661 ministrabant
769 1631 813 1667 ci,
839 1632 867 1660 et
890 1631 984 1661 decies

279 1679 406 1707 centena
419 1678 518 1706 millia
529 1676 757 1707 assistebantei.
769 1676 895 1712 Quanta
909 1684 983 1714 ergo

279 1730 354 1752 cum
369 1722 571 1759 reverentia,
584 1722 706 1760 quanto
720 1721 852 1759 timore,
865 1723 983 1759 quanta

278 1767 357 1797 illuc
369 1767 556 1797 humilitate
566 1766 721 1796 accedere
730 1766 827 1795 debet
837 1774 854 1795 a
865 1767 983 1803 palude

279 1820 336 1842 sua
350 1812 530 1850 procedens
548 1814 580 1841 et
599 1820 718 1849 repens
734 1812 914 1840 ranuncula
933 1812 982 1840 vi-

277 1858 340 1888 lis?
353 1859 456 1895 Quam
468 1858 712 1895 tremebundus,
721 1865 818 1895 quam
830 1858 981 1895 supplex,

278 1912 375 1941 quam
390 1904 538 1941 humilis,
550 1912 647 1942 quam
659 1903 797 1941 denique
811 1903 981 1941 sollicitus,

279 1950 313 1979 et
327 1950 393 1978 toto
405 1948 550 1979 intentus
565 1949 672 1978 animo
683 1948 848 1985 majestati
859 1948 981 1986 gloriae,

277 1993 312 2023 111
338 1994 510 2031 praesentia
537 1994 732 2032 Angelorum
745 2015 754 2030 ,
784 1993 819 2022 in
846 1993 981 2023 concilio

280 2040 442 2077 justorum
465 2047 499 2069 et
523 2039 772 2077 congregatione
795 2039 979 2069 sanctorum

279 2085 427 2115 assistere
448 2085 570 2124 poterit
589 2085 688 2114 miser
703 2084 900 2114 homuncio?

320 2130 351 2160 8.
367 2131 402 2159 In
418 2131 541 2160 cunctis
557 2130 657 2169 igitur
669 2130 852 2159 actionibus
866 2130 982 2160 nostris

279 2176 380 2205 multa
404 2184 484 2213 opus
508 2177 560 2205 est
585 2175 686 2205 animi
708 2175 898 2214 vigilantia,
926 2176 982 2206 sed

279 2222 444 2258 praecipue
459 2221 494 2250 111
508 2222 667 2250 oratione.
685 2222 813 2250 Etenim
825 2243 833 2258 ,
849 2221 932 2251 sicut
949 2222 980 2251 in

281 2266 406 2303 Regula
422 2266 530 2295 nostra
542 2267 693 2304 legimus,
707 2266 785 2296 licet
800 2267 877 2295 hora
894 2268 979 2296 omni

280 2311 314 2340 et
327 2310 414 2340 omni
436 2311 507 2340 loco
529 2312 615 2340 oculi
639 2312 771 2341 Domini
793 2321 850 2341 nos
866 2321 982 2350 specu-

278 2356 401 2394 lentur,
409 2357 551 2386 maxime
561 2358 670 2386 tamen
681 2357 715 2386 iu
723 2358 878 2387 oratione.
892 2359 981 2388 Licet

279 2402 366 2431 enim
377 2410 504 2440 semper
521 2402 704 2439 videamur,
724 2402 781 2432 sed
793 2404 868 2432 tunc
884 2404 980 2433 etiam

279 2447 510 2484 praesentamus
527 2447 559 2476 et
575 2447 772 2477 ostendimus
796 2456 870 2485 nos,
891 2450 980 2486 quasi

270 2490 363 2522 vfacie
388 2493 428 2522 ad
453 2492 571 2522 faciem
600 2501 674 2522 cum
700 2494 767 2522 Deo
793 2493 975 2531 loquentes.

279 2537 376 2567 Porro
387 2537 533 2575 quamvis
546 2538 669 2576 ubique
685 2539 728 2568 sit
742 2540 838 2577 Deus,
853 2540 887 2568 in
901 2541 980 2569 cmlo

282 2582 394 2612 tamen
418 2583 556 2613 orandus
585 2584 655 2621 est,
688 2582 799 2622 ibique
828 2584 980 2615 orationis

283 2627 427 2665 tempore
452 2628 640 2667 cogitandus
662 2637 670 2658 :
695 2629 734 2658 ut
753 2637 845 2658 mens
872 2630 980 2659 nostra

1021 499 1234 538 praerogativa
1256 501 1356 531 etiam
1376 503 1469 533 sedes
1494 505 1563 535 sive
1586 505 1722 536 thronus

1021 545 1081 574 Dei
1096 546 1231 575 vocatur
1247 555 1254 575 :
1271 547 1348 585 quia
1363 548 1403 578 ad
1418 557 1489 578 eam
1504 551 1723 589 comparatio·

1020 598 1115 628 nem,
1130 600 1194 630 qua
1213 593 1318 623 Deum
1334 593 1370 623 13
1387 594 1478 624 000115
1490 595 1602 634 Angeli
1617 597 1721 628 sancti

1022 637 1055 666 et
1067 637 1252 667 Electorum
1267 639 1385 670 animae
1395 639 1519 679 vident,
1535 649 1593 672 305
1606 642 1720 673 1315011

1021 681 1056 711 et
1079 683 1242 720 peregrini
1267 692 1365 721 super
1392 684 1514 714 terram
1539 686 1597 716 vix
1617 688 1720 717 solum

1020 735 1138 757 nomen
1152 728 1273 758 11311010
1287 730 1449 760 videmur.
1465 730 1517 760 Sic
1538 731 1637 769 igitur
1651 734 1722 763 oret

1021 773 1076 810 qui
1091 774 1178 812 orat,
1194 774 1359 812 tamquam
1382 777 1564 814 assumptus
1585 778 1618 807 et
1637 787 1721 816 11130-

1020 818 1163 848 scutatus
1178 819 1229 857 ei,
1250 820 1308 857 qui
1323 820 1416 851 sedet
1439 830 1537 860 super
1554 824 1721 853 excelsum

1020 864 1173 894 thronum
1194 865 1229 894 13
1240 865 1382 904 Angelis,
1399 867 1455 904 qui
1474 868 1610 898 minime
1634 869 1722 899 ceci-

1021 908 1137 939 derunt
1148 918 1157 947 3
1171 910 1204 941 et
1217 910 1381 941 elevatum
1393 911 1428 941 iu
1439 912 1634 951 hominibus,
1643 922 1723 952 quos

1020 956 1189 986 suscitavit
1204 956 1245 987 de
1259 957 1397 995 pulvere
1411 958 1547 997 inopes,
1564 960 1597 989 et
1613 960 1722 990 erexit

1020 1000 1059 1030 de
1075 1002 1216 1031 stercore
1232 1010 1404 1040 pauperes.
1421 1003 1494 1042 Sic,
1511 1004 1655 1043 inquam,
1669 1014 1722 1036 se-

1020 1046 1194 1084 metipsum
1217 1048 1400 1078 consideret
1425 1050 1458 1079 et
1488 1049 1536 1079 sic
1557 1050 1720 1087 attendat,

1020 1092 1182 1130 tamquam
1197 1094 1431 1130 praesentatum
1444 1094 1583 1125 Domino
1601 1096 1720 1132 majes-

1020 1137 1113 1174 tatis,
1129 1138 1166 1166 ut
1188 1138 1276 1168 dicat
1300 1146 1374 1167 cum
1393 1139 1554 1169 Abraham
1571 1149 1579 1169 :
1595 1141 1722 1178 Loquar

1020 1184 1059 1212 ad
1073 1185 1242 1214 Dominum
1263 1193 1383 1222 meum,
1401 1194 1469 1215 cum
1485 1188 1542 1216 sim
1561 1187 1656 1225 pulvis
1667 1208 1677 1223 ‚
1694 1189 1722 1217 oe

1020 1231 1105 1259 cinis.
1118 1230 1155 1259 Et
1167 1230 1244 1267 quia
1253 1230 1309 1260 tuo
1320 1230 1485 1268 praecepto
1495 1232 1719 1267 commonitus,

1018 1274 1075 1303 tua
1086 1275 1293 1305 institutione
1310 1275 1483 1316 formatus,
1499 1276 1534 1306 id
1545 1285 1717 1315 praesumo,

1019 1320 1158 1351 Domine
1174 1319 1245 1350 fons
1259 1320 1406 1359 pietatis.

1334 1398 1418 1405 ——‹

1197 1449 1366 1484 5133310
1395 1451 1539 1493 xva.

1018 1531 1057 1555 De
1071 1531 1215 1555 voluntate
1232 1535 1327 1556 nostra
1348 1532 1452 1592 diginae
1469 1533 1609 1558 voluntati
1625 1534 1717 1565 subji-

1316 1575 1376 1592 c1en
1399 1576 1422 1594 a.

1058 1629 1086 1657 1.
1107 1629 1264 1659 Acnlsrrs
1283 1638 1370 1659 nunc
1394 1638 1436 1660 ex
1450 1630 1574 1669 Regula
1591 1631 1698 1661 nostra
1709 1654 1717 1669 ,

1016 1675 1153 1712 Fratres,
1163 1675 1203 1704 de
1215 1674 1402 1705 humilitate
1411 1676 1606 1705 sententiam
1614 1676 1718 1706 Chris.-

1017 1720 1041 1749 ti
1059 1729 1066 1749 :
1084 1720 1135 1750 cui
1153 1721 1366 1758 ego,quoties
1382 1721 1515 1759 legitur,
1526 1722 1593 1750 toto
1610 1722 1717 1750 anima

1017 1766 1157 1795 intentos
1180 1774 1237 1794 vos
1263 1774 1332 1796 esse
1357 1767 1444 1796 volo.
1471 1767 1639 1796 INSIPIENS
1669 1770 1718 1796 est

1017 1811 1105 1840 enim
1129 1812 1163 1840 et
1184 1810 1335 1848 insanus,
1364 1810 1561 1848 quicumque
1586 1810 1621 1839 in
1645 1811 1718 1840 aliis

1017 1855 1092 1885 vitae
1112 1855 1256 1893 meritis,
1282 1855 1481 1893 quicumque
1498 1855 1532 1884 in
1556 1855 1619 1884 alia
1638 1857 1718 1885 reli-

1016 1901 1110 1938 gione
1125 1910 1183 1931 seu
1198 1901 1358 1938 sapientia
1371 1923 1380 1938 ,
1396 1901 1461 1930 nisi
1476 1901 1510 1929 in
1527 1901 1592 1930 5013
1607 1900 1716 1930 humi«

1017 1946 1108 1976 litate
1121 1946 1263 1975 confidit.
1274 1946 1367 1984 Apud
1382 1945 1567 1983 Dominum,
1577 1945 1714 1979 Fratres,

1013 1991 1064 2027 jus
1079 1991 1198 2020 habere
1221 1999 1285 2020 non
1310 1999 1497 2029 possumus,
1514 1990 1666 2028 quoniam
1681 1991 1716 2020 111

1016 2036 1125 2066 multis
1141 2036 1334 2066 offendimus
1349 2044 1471 2066 omnes.
1493 2035 1556 2066 Sed
1572 2044 1634 2065 nec
1656 2036 1716 2066 sal-

1015 2083 1083 2111 1010
1100 2089 1192 2119 eum3
1218 2082 1286 2119 ipse
1304 2082 1392 2111 enim
1416 2081 1508 2111 novit
1529 2080 1716 2111 abscondita

1016 2128 1119 2158 cordis
1134 2136 1142 2156 ε
1162 2128 1282 2165 quanto
1294 2127 1396 2165 magis
1412 2135 1510 2166 opera
1524 2126 1716 2156 manifesta?

1016 2175 1127 2212 utique
1142 2182 1204 2204 nee
1226 2174 1378 2204 resistere
1402 2173 1546 2208 viribus,
1562 2173 1714 2210 quoniam

1016 2220 1219 2258 omnipotens
1235 2220 1294 2249 est.
1314 2219 1397 2256 Quid
1419 2227 1493 2257 ergo
1514 2219 1636 2254 restat,
1652 2218 1714 2248 nifi

1016 2267 1055 2296 ad
1067 2266 1264 2295 humilitatis
1278 2265 1424 2295 remedia
1439 2266 1507 2295 tota
1517 2265 1627 2294 mente
1640 2273 1715 2294 con-

1016 2312 1139 2350 fugere,
1152 2313 1185 2341 et
1199 2311 1354 2350 quicquid
1365 2311 1399 2340 in
1413 2311 1485 2340 aliis
1496 2310 1603 2340 minus
1614 2310 1714 2339 habe-

1015 2367 1103 2396 mus,
1130 2358 1169 2387 (10
1186 2366 1221 2387 03
1238 2356 1408 2395 supplere?
1423 2356 1503 2393 Sed,
1519 2364 1537 2386 ο
1552 2356 1636 2385 13113
1656 2364 1714 2385 va-

1015 2404 1114 2433 nitas!
1140 2412 1157 2433 0
1185 2403 1268 2432 mira
1298 2402 1428 2432 fatuitas
1456 2402 1559 2432 cordis
1587 2401 1688 2431 nostri
1705 2401 1713 2430 !

1016 2449 1106 2486 cujus
1132 2449 1305 2478 elationem
1332 2448 1478 2486 perfecte
1509 2447 1688 2486 reprimere
1701 2467 1712 2483 ,

1015 2496 1105 2532 quus
1115 2494 1293 2525 cervicosos
1308 2496 1413 2525 motus
1428 2493 1557 2524 omnino
1568 2493 1712 2528 domare,

1016 2540 1208 2569 humilitatis
1227 2540 1364 2569 materia
1380 2540 1470 2569 tanta
1494 2545 1557 2567 non
1573 2536 1710 2574 sufficit,

1014 2586 1092 2624 quin
1106 2585 1274 2624 superbiat
1289 2585 1394 2614 adhuc
1408 2585 1494 2613 terra
1508 2583 1543 2612 et
1556 2582 1648 2612 cinis.

1053 2631 1084 2659 2.
1099 2632 1194 2660 Porro
1210 2631 1310 2660 totius
1324 2628 1516 2659 humilitatis
1531 2635 1653 2658 summa
1675 2626 1710 2656 in

281 2680 345 2702 11011
356 2672 490 2704 Oratorii
504 2674 600 2714 tecto,
614 2682 677 2707 non
689 2673 773 2705 aeris
786 2675 900 2714 spatio,
917 2684 978 2705 11011
993 2692 996 2706 .
1015 2684 1051 2705 eo
1063 2676 1193 2706 videtur
1205 2676 1392 2714 consistere,
1409 2674 1434 2705 si
1447 2675 1595 2707 voluntas
1602 2675 1710 2707 nostra
