1830 3073
251 247 292 278 {8

249 309 312 334 mae
325 298 386 334 sub
410 302 645 334 Patrefamilias
666 311 779 342 agere,
803 303 950 342 quaedam

245 348 311 378 sub
332 348 490 386 Domino,
520 348 667 387 quaedam
694 348 755 378 sub
782 349 949 386 Magistro,

249 393 395 432 quaedam
408 401 537 433 quoque
551 393 610 424 sub
631 393 741 430 Patre,
760 394 794 423 et
810 394 950 423 nonnul-

242 437 289 469 ssae
303 445 378 468 cum
392 438 514 478 Sponso
530 447 538 468 :
555 438 592 468 ut
610 446 683 468 cum
705 438 950 476 proficientibus

247 483 425 522 proficere,
451 492 525 514 cum
556 483 734 514 immutatis
754 484 874 513 mutari
902 484 950 515 vi-

248 528 365 559 deatur
389 530 423 560 et
447 529 536 568 ipse,
559 528 616 567 qui
635 528 731 566 juxta
755 528 949 567 Prophetam

248 574 352 605 mutat
365 574 498 613 quidem
517 574 680 605 creaturas
691 595 700 611 ,
727 573 760 603 et
774 575 950 604 mutabun-

247 620 413 658 tur‚1icet
436 621 523 650 idem
544 621 614 658 ipse
630 620 690 657 sit,
716 620 750 650 et
775 621 853 650 anni
878 621 949 658 ejus

246 670 312 695 non
341 665 504 696 deficiant.
538 665 685 703 Denique
714 665 795 703 quid
824 666 858 696 in
885 667 948 697 alio

244 710 370 748 psalmo
397 711 484 740 idem
507 710 667 748 Propheta
698 710 738 740 ad
768 711 872 749 ipsum
901 712 949 742 lo-

246 756 364 793 quatur
397 754 538 786 attende.
561 757 640 785 Cum
668 758 794 794 sancto,
827 756 946 796 inquit,

245 803 369 831 sanctus
383 802 454 837 eris,
469 802 497 830 et
511 809 581 830 cum
595 802 662 831 viro
688 803 845 833 innocente
860 804 948 833 inno—

244 853 314 876 cens
325 847 395 882 eris,
409 848 515 875 etcum
530 847 621 876 electo
637 848 811 878 electnseris
823 857 834 878 .·
850 850 946 887 atque

244 890 283 920 ut
297 890 397 928 magis
412 890 582 927 miremur,
597 893 626 921 ct
641 901 711 922 cum
730 902 881 930 perverso,
896 893 948 923 in-

244 936 332 973 quit,
347 937 540 973 perverteris.
556 937 594 966 Et
608 938 879 974 quemadmodum
901 938 947 968 sic

244 981 404 1017 mutetur,
419 980 518 1010 immo
544 981 588 1011 sie
607 983 712 1013 mutet
734 982 947 1014 immutabilis

243 1026 323 1064 ipse,
340 1026 471 1057 secutus
482 1027 628 1066 adjungit
644 1036 652 1056 z
674 1029 826 1066 Quoniam
843 1031 875 1058 tu
891 1038 947 1067 po—

238 1072 344 1109 pulum
360 1072 506 1102 humilem
529 1073 649 1102 salvum
668 1074 779 1111 lactes,
795 1075 823 1104 et
845 1075 947 1105 oculos

239 1116 442 1154 superborum
456 1117 646 1148 humiliabis.

280 1161 311 1190 2.
327 1162 369 1191 At
391 1170 469 1193 vero
484 1163 637 1201 quoniam
657 1171 722 1193 non
746 1163 837 1202 prius
860 1163 945 1203 quod

240 1206 436 1246 spirituale,
466 1209 524 1239 sed
555 1209 645 1247 prius
672 1209 757 1247 quod
784 1210 944 1248 animale,

240 1252 360 1284 deinde
376 1254 463 1293 quod
484 1254 676 1293 spirituale:
693 1256 846 1286 videntur
862 1257 944 1286 mihi

239 1299 380 1336 quatuor
402 1300 569 1331 interdum
597 1302 844 1332 conversionem
871 1311 961 1336 nos-,

238 1345 322 1375 tram
337 1347 522 1385 praecedere
539 1347 658 1384 status3
674 1356 758 1378 unus
779 1348 839 1378 sub
853 1349 946 1379 nobis

239 1390 331 1430 ipsis,
347 1392 416 1422 tres
441 1392 501 1422 sub
523 1392 672 1431 principe
694 1392 807 1422 mundi
833 1392 943 1430 hujus.

239 1437 293 1466 Est
309 1437 397 1467 enim
411 1438 519 1468 anima
542 1438 602 1468 sub
625 1438 750 1476 seipsa,
775 1447 849 1468 cum
873 1448 945 1477 pro-

239 1481 344 1519 priam
372 1484 523 1522 sequitur
549 1484 770 1522 voluntatem,
793 1485 944 1516 libertate

235 1528 422 1565 perniciosa
445 1530 600 1567 gaudens.
624 1530 683 1559 Hic
711 1530 762 1560 est
785 1530 872 1561 filius
887 1531 944 1561 ille

238 1574 403 1613 prodigus,
421 1576 477 1613 qui
490 1575 675 1613 portionem
697 1576 840 1612 paternae
869 1578 945 1606 sub-

237 1619 384 1658 stantiae,
399 1628 471 1658 quae
493 1628 528 1650 se
551 1619 776 1658 contingebat,
793 1621 943 1658 accepit:

238 1666 409 1703 ingenium
419 1666 558 1704 scilicet,
567 1666 769 1704 memoriam,
779 1667 864 1697 vires
877 1676 946 1697 cor-

237 1713 344 1749 poris,
360 1711 541 1750 caeteraque
561 1711 681 1742 similia
697 1712 780 1742 bona
792 1713 917 1743 naturae
934 1722 943 1743 z

238 1756 355 1794 quibus
369 1765 433 1788 non
455 1758 496 1787 ad
522 1757 688 1795 divinam,
710 1758 767 1788 sed
788 1758 829 1788 ad
853 1767 943 1789 suam

236 1803 386 1833 uteretur
394 1804 606 1840 voluntatem,
618 1804 768 1841 essetque
778 1804 943 1842 tamquam

237 1848 306 1878 sine
323 1850 390 1879 Deo
405 1849 440 1879 in
454 1849 515 1879 hoc
532 1849 662 1879 saeculo.
682 1850 737 1879 Est
757 1850 867 1880 autem
892 1850 945 1880 in-

236 1894 334 1923 terim
348 1894 444 1924 homo
459 1894 521 1925 sub
539 1902 586 1932 se,
602 1902 676 1924 cum
692 1895 831 1932 propriae
849 1896 944 1926 satis-

236 1938 360 1970 faciens
376 1939 558 1977 voluntati,
583 1939 724 1969 necdum
739 1940 848 1969 tamen
868 1949 942 1978 pos-

237 1984 362 2015 sidetur
382 1993 401 2015 a
422 1985 512 2015 vitiis
532 1985 566 2015 et
590 1984 731 2024 peccatis
753 1993 762 2014 t
787 1987 941 2024 quoniam

236 2030 292 2067 qui
315 2030 392 2061 facit
406 2032 598 2070 peccatum,
611 2030 678 2067 jam
692 2039 758 2061 non
774 2031 824 2060 sui
840 2031 942 2070 ,ipsius

236 2082 349 2106 servus
362 2078 424 2114 est,
439 2077 496 2107 sed
520 2077 659 2115 peccati.
678 2078 748 2107 Jam
770 2077 847 2108 hinc
864 2087 941 2109 vero

236 2120 451 2157 proficiscitur
472 2122 507 2151 in
528 2122 695 2161 regionem
716 2123 940 2163 longinquam,

237 2165 292 2203 qui
314 2166 404 2203 prius
425 2167 557 2205 quidem
580 2169 748 2207 separatus
770 2170 857 2207 erat,
885 2171 941 2200 sed

237 2212 376 2241 necdum
391 2213 557 2250 elongatus
578 2223 596 2243 a
617 2215 721 2252 patre.
742 2215 881 2254 Accepta
898 2217 940 2246 si-

236 2256 368 2294 quidem
384 2259 531 2296 portione
548 2260 750 2297 substantiae,
772 2260 877 2291 factus
892 2263 941 2292 est

234 2301 379 2340 suijuris
393 2312 401 2332 τ
419 2305 452 2334 et
467 2305 616 2342 quamvis
630 2305 803 2335 recesserit
814 2306 853 2335 ab
865 2315 941 2336 auc-

234 2346 318 2386 tore,
334 2348 500 2386 proximus
513 2351 622 2380 tamen
641 2349 715 2388 fuit,
731 2350 886 2388 quamdiu
901 2352 940 2381 ab

236 2400 335 2431 opere
351 2401 415 2423 non
431 2395 577 2424 recessit.
600 2396 667 2425 Hoc
687 2396 796 2426 autem
817 2397 940 2427 tamdiu

235 2437 290 2475 fit,
311 2438 388 2468 dum
401 2437 491 2469 licita
506 2439 658 2477 quidem,
679 2440 736 2470 sed
756 2448 821 2470 non
839 2449 940 2479 expe-

236 2482 361 2514 dientia
380 2492 438 2522 pro
459 2492 517 2514 sua
537 2487 686 2523 sequitur
705 2486 884 2516 voluntate.
900 2488 939 2517 At

235 2529 406 2567 postquam
420 2530 593 2560 recesserit
605 2530 638 2560 et
657 2538 676 2560 a
697 2530 820 2569 seipso,
837 2530 939 2560 decli—

234 2581 317 2604 nans
331 2574 460 2606 scilicet
472 2575 505 2605 in
521 2576 710 2614 peccatum,
726 2577 802 2606 tunc
817 2575 883 2613 Jam
906 2577 938 2605 in

235 2619 449 2659 longinquam
481 2629 559 2652 vere
587 2621 801 2660 proficiscitur
831 2621 940 2660 regio-

239 2673 334 2696 nemt
349 2667 500 2706 quoniam
516 2668 555 2697 ab
569 2676 606 2698 co
621 2667 676 2707 qui
688 2676 810 2698 summe
825 2668 856 2698 ct
873 2668 937 2697 fin-
953 2688 955 2691 .

703 251 732 278 S.
753 250 987 280 BERNARDI
1007 252 1200 280 ABnATls

984 304 1142 342 gulariter
1149 306 1209 344 est,
1217 306 1435 347 nihillongius
1449 316 1486 340 eo
1499 305 1585 349 quod
1595 306 1683 340 nullo

984 349 1079 380 modo
1093 351 1143 380 est
1158 359 1166 380 :
1182 351 1330 391 nihilque
1350 355 1510 385 remotum
1524 354 1625 392 magis
1644 354 1683 384 ab

984 402 1042 431 eo,
1057 402 1075 423 3
1094 403 1170 433 quo,
1187 397 1220 426 et
1234 405 1294 435 per
1307 407 1419 437 quem,
1434 400 1468 431 et
1483 400 1517 429 in
1534 408 1597 438 quo
1609 400 1685 429 sunt

983 439 1106 478 omnia,
1121 449 1219 478 quam
1229 443 1402 480 peecatum
1413 467 1423 483 ,
1436 444 1523 483 quod
1537 444 1622 476 nihil
1635 445 1684 474 cst

984 482 1071 513 inter
1085 486 1204 516 omnia.

1021 529 1052 559 3.
1068 530 1164 561 Porro
1177 530 1302 568 justum
1317 531 1437 564 divinae
1448 533 1585 564 ultionis
1597 532 1685 570 judl-

983 573 1070 604 cium
1091 577 1158 614 est,
1184 578 1222 606 ut
1246 577 1426 616 fugitivum
1453 580 1553 617 patris
1580 579 1685 609 filium

982 620 1064 650 alter
1083 622 1146 652 sibi
1166 624 1304 661 usurpet
1325 624 1360 653 in
1376 632 1519 655 servum.
1535 625 1626 655 Unde
1651 626 1685 655 ot

981 666 1144 703 profectus
1156 668 1191 697 in
1205 669 1373 707 regionem
1388 669 1615 707 longinquam,
1626 669 1685 699 uni

981 711 1102 741 civium
1123 713 1245 752 legItur
1271 714 1442 745 adhaesisse
1466 723 1473 743 :
1501 723 1599 753 quern
1625 722 1685 752 ego

981 764 1044 785 11011
1059 758 1172 796 alium,
1182 767 1279 797 quam
1289 768 1391 790 unum
1407 768 1449 790 ex
1460 759 1611 797 malignis
1621 758 1686 797 spi·

981 802 1097 833 ritibus
1109 804 1360 842 intelligendum
1371 806 1468 844 puto,
1487 806 1543 843 qui
1564 813 1621 843 pro
1644 812 1684 834 eo

980 848 1065 884 quod
1079 849 1297 880 obstinatione
1313 851 1517 888 irreparabili
1533 850 1682 888 peccant,

980 894 1012 922 et
1033 894 1234 925 transierunt
1258 896 1293 925 111
1316 896 1471 926 affectum
1491 896 1624 925 malitiae
1649 894 1684 925 et

980 939 1148 978 nequitiae,
1162 941 1226 977 jam
1248 950 1312 971 non
1334 942 1409 972 sunt
1424 941 1567 980 hospites
1578 941 1611 971 et
1625 940 1683 970 ad-

979 992 1089 1023 venae,
1107 987 1164 1016 sed
1181 987 1272 1025 quasi
1288 988 1376 1018 cives
1399 988 1431 1017 et
1446 987 1682 1017 inhabitatores

978 1031 1116 1066 peccati.
1132 1032 1217 1069 Quid
1232 1034 1280 1063 est
1294 1034 1422 1070 autem,
1444 1033 1529 1071 quod
1548 1032 1611 1062 civi
1632 1032 1682 1061 di-

978 1074 1062 1105 citur
1082 1077 1254 1107 adhaesisse
1283 1086 1407 1116 pauper
1434 1077 1622 1107 adolescens
1648 1077 1682 1107 et

979 1122 1185 1159 peregrinus,
1203 1122 1265 1152 nisi
1283 1124 1368 1161 quod
1385 1123 1487 1152 sactus
1503 1123 1553 1152 est
1570 1122 1681 1151 subdi-

978 1167 1029 1195 tus
1050 1166 1124 1196 illi?
1138 1168 1285 1206 Denique
1307 1168 1466 1206 quomodo
1488 1167 1680 1204 adhaeserit‚

977 1212 1147 1249 sequentia
1162 1213 1382 1243 manifestant.
1399 1213 1452 1242 Sic
1461 1213 1548 1242 enim
1558 1211 1677 1241 habes:

976 1257 1111 1288 Adhaesit
1125 1260 1182 1288 uni
1195 1260 1304 1288 civium
1318 1259 1448 1296 169101115-
1462 1258 1560 1293 illius,
1576 1258 1604 1286 ct
1621 1257 1680 1285 ἠιῑ-

975 1304 1013 1332 sit
1024 1312 1093 1332 eum
1108 1305 1140 1333 in
1154 1305 1259 1334 villam
1273 1313 1363 1334 suam
1371 1313 1494 1342 pascere
1506 1311 1625 1341 porcos.
1640 1302 1680 1332 Et

976 1348 1070 1386 nota,
1089 1349 1174 1386 quod
1195 1349 1290 1379 famis
1312 1349 1506 1379 necessitate
1523 1347 1586 1378 civi
1608 1355 1679 1376 ma-

976 1392 1064 1431 ligno
1092 1394 1213 1424 dicitur
1241 1394 1413 1424 adhaesisse
1429 1415 1438 1430 ,
1466 1393 1552 1423 sicut
1579 1392 1679 1422 Israel

976 1440 1122 1477 tempore
1147 1440 1242 1470 famis
1267 1440 1472 1470 descendisse
1500 1438 1620 1477 legitur
1643 1440 1678 1470 in

976 1485 1157 1522 AEgyptum.
1185 1485 1370 1515 Periculosa
1389 1485 1486 1523 plane
1506 1486 1541 1515 'et
1565 1487 1678 1523 perni-

977 1530 1061 1559 ciosa
1078 1530 1203 1561 esuries
1215 1553 1224 1569 ,
1243 1540 1314 1568 quae
1328 1531 1448 1560 liberos
1471 1530 1598 1560 addicat
1614 1533 1678 1561 1111-

976 1583 1055 1605 56136.
1068 1576 1232 1613 servituti,
1242 1576 1393 1613 subjiciat
1405 1576 1557 1614 operibus
1569 1577 1629 1606 luti
1645 1578 1679 1607 et:

976 1620 1104 1659 lateris,
1117 1623 1222 1659 porcis
1238 1622 1392 1658 associet,
1406 1622 1505 1651 immo
1522 1623 1555 1651 et
1568 1631 1678 1653 servos

976 1666 1073 1696 faciat
1088 1676 1157 1697 esse
1170 1676 1353 1706 porcorum.
1363 1667 1454 1697 Unde
1465 1668 1573 1697 autem
1587 1676 1678 1707 eges-

975 1713 1022 1741 tas
1037 1713 1126 1742 tanta
1138 1713 1168 1743 ei
1184 1713 1240 1751 qui
1255 1713 1346 1743 dives
1361 1713 1548 1752 advenerat,
1562 1715 1677 1745 collec-

976 1758 1016 1787 tis
1037 1758 1194 1788 nimirum
1212 1760 1374 1796 omnibus,
1399 1767 1470 1796 quae
1486 1758 1526 1788 de
1542 1760 1676 1797 paterna

975 1803 1155 1834 substantia
1178 1804 1213 1833 in
1237 1812 1327 1834 suam
1355 1803 1526 1841 acceperat
1555 1805 1677 1842 portio-

974 1857 1049 1879 nem
1061 1849 1129 1879 ?Ex
1144 1858 1182 1880 eo
1194 1851 1263 1880 sine
1274 1849 1371 1880 dubio
1380 1848 1464 1887 quod
1474 1851 1676 1887 praemissum

975 1895 1040 1932 est,
1057 1895 1228 1933 dissipasse
1246 1903 1321 1924 eum
1339 1895 1422 1923 bona
1446 1902 1520 1931 sua,
1536 1894 1676 1926 vivendo

974 1941 1140 1971 luxuriose
1150 1949 1223 1970 cum
1239 1939 1466 1970 meretricibus
1477 1941 1675 1979 :Propterca,

974 1986 1094 2024 inquit,
1111 1987 1198 2025 coepe't
1209 1995 1305 2024 effere.

1012 2031 1044 2060 [ι.
1056 2032 1153 2061 Porro
1182 2030 1374 2060 meretrices
1401 2030 1478 2061 istas
1506 2032 1677 2070 concupis-

974 2077 1098 2107 centias
1125 2076 1231 2107 carnis
1256 2075 1403 2114 intellige
1414 2098 1423 2114 ,
1451 2084 1525 2105 cum
1557 2077 1677 2114 quibus

974 2122 1139 2152 luxuriose
1147 2120 1289 2151 vivendo
1303 2120 1438 2159 dissipat
1445 2120 1528 2150 bona
1538 2122 1676 2160 naturae,

973 2167 1050 2197 dum
1067 2168 1112 2197 eis
1129 2167 1274 2197 abutitur
1288 2167 1330 2196 ad
1344 2167 1558 2205 voluptatem.
1573 2167 1674 2205 Hinc,

972 2214 1008 2243 ut
1026 2213 1092 2249 jam
1106 2213 1267 2249 diximus,
1290 2213 1414 2250 egestas
1433 2212 1577 2242 succedit
1600 2221 1676 2250 per-

972 2258 1106 2295 niciosa,
1123 2259 1205 2288 teste
1215 2257 1392 2295 Scriptura,
1408 2257 1492 2295 quod
1507 2265 1571 2287 non
1580 2258 1676 2288 satie·

972 2304 1024 2333 tur
1036 2304 1146 2334 oculus
1155 2303 1238 2340 visu,
1253 2311 1313 2332 nec
1330 2303 1417 2332 auris
1433 2303 1607 2340 impleatur
1618 2311 1675 2334 au—

972 2349 1054 2379 ditu.
1071 2349 1209 2379 Mittitur
1221 2356 1295 2386 ergo
1309 2355 1442 2386 pascere
1460 2356 1572 2386 porcos
1582 2370 1591 2386 ,
1605 2357 1676 2377 cor-

971 2403 1084 2433 poreos
1096 2394 1222 2425 scilicet
1233 2401 1356 2430 sensus,
1371 2393 1604 2431 quivolutabro
1613 2393 1675 2424 luti

972 2443 1005 2471 et
1033 2441 1198 2479 spurcitiis
1219 2440 1435 2470 oblectantur.
1464 2439 1503 2468 Et
1530 2438 1605 2469 vide
1630 2447 1673 2468 ne

972 2487 1053 2517 forte
1062 2487 1169 2517 hisint
1181 2486 1282 2523 porci,
1295 2494 1374 2523 quos
1382 2485 1479 2521 ejecti
1489 2484 1528 2514 ab
1541 2484 1673 2513 homine

972 2532 1103 2569 maligni
1120 2531 1253 2569 spiritus
1272 2531 1406 2560 intrant.
1424 2530 1568 2566 Ejectum
1584 2529 1673 2559 enim

972 2585 989 2606 a
1003 2576 1152 2606 rationali
1169 2576 1292 2614 nostro,
1308 2576 1342 2605 id
1358 2577 1406 2605 est
1422 2583 1439 2604 a
1454 2574 1576 2612 mente,
1594 2582 1677 2612 pcc-

972 2622 1078 2651 catum
1087 2622 1233 2652 sensibus
1243 2621 1382 2659 corporis
1394 2619 1506 2657 haeret,
1522 2619 1672 2657 Apostolo

971 2668 1051 2698 teste
1086 2667 1171 2706 quod
1190 2668 1298 2697 mente
1315 2665 1494 2696 consentiat
1512 2665 1574 2704 legi
1590 2665 1670 2704 Dei,
