1846 3078
548 224 591 251 IN
615 220 813 251 CANTch
836 219 985 248 SERMO
1014 221 1080 248 XL.

103 281 165 314 que
180 272 249 307 sine
274 275 370 307 dubio
389 279 497 312 causa,
512 283 723 312 quaecumque
743 273 798 303 illa

103 321 156 359 sit,
169 330 226 352 cur
238 320 407 360 pluraliter
414 327 511 358 genas
525 320 689 357 maluerit,
704 327 800 357 quam

103 366 311 405 singulariter
326 365 442 395 faciem
454 365 575 394 dicere.
590 366 626 394 Et
641 365 667 395 si
684 366 719 394 tu
734 373 801 394 me-

101 412 164 442 lius
178 420 242 442 uon
260 411 379 449 habes,
398 419 456 449 ego
471 411 557 450 quod
571 411 654 441 mihi
670 410 800 442 videtur

101 457 224 495 aperio.

139 500 170 529 2.
187 501 256 530 Duo
272 499 419 537 quaedam
439 499 473 529 in
488 497 685 536 Intentione‚
702 507 797 537 quam

101 544 216 575 faciem
232 545 347 574 animae
359 553 427 574 esse
444 544 601 582 diximus,
617 544 797 574 necessario

100 589 328 627 requiruntur,
341 591 405 619 Res
419 590 451 619 et
465 590 562 619 Causa
572 611 580 627 ‚
605 589 637 618 id
656 588 704 621 est
720 588 798 626 quid

102 634 262 672 intendas,
278 636 311 665 et
326 636 456 673 propter
466 634 554 672 quid.
568 635 605 664 Et
613 643 652 663 ex
663 634 713 664 his
721 641 796 663 sane

101 679 224 709 duobus
239 680 353 710 animae
363 681 414 710 vel
428 680 535 717 decor,
543 680 597 710 vel
609 679 796 709 deformitas

97 723 272 762 judicatur,
284 726 321 755 ut
337 723 448 763 (verbi
463 724 580 762 causa)
597 724 796 762 anima,quae

100 769 193 798 ambo
209 769 268 799 ista
284 770 372 799 recta
393 770 489 806 atque
503 768 620 806 pudIca
634 768 793 806 habuerit,

99 814 148 843 illi
164 814 279 843 merito
307 814 532 852 veraciterque
547 813 672 843 dicatur
689 822 696 842 ε
718 815 796 843 Pul-

100 868 158 889 crae
182 861 253 889 sunt
268 867 350 897 qenoe
365 861 442 896 tuce,
466 860 544 889 sicut
563 861 701 889 turturis.
717 859 795 896 Quae

98 912 176 935 vcro
191 905 293 934 altero
302 904 418 934 horum
433 904 586 942 caruerit,
598 912 661 934 non
676 904 795 942 poterit

99 947 164 978 dici
180 947 221 978 de
236 956 286 986 ea,
305 948 390 986 quod
403 948 526 986 pulcrae
542 948 608 978 sint
621 956 709 986 genae
726 948 795 985 ejus

98 993 183 1023 sicut
195 993 342 1031 turturis,
358 994 490 1032 propter
505 1001 588 1032 eam,
604 1003 675 1032 quae
690 994 795 1024 adhuc

99 1046 143 1068 ex
156 1039 248 1077 parte
263 1039 345 1076 erit,
360 1039 610 1069 deformitatem.
626 1040 724 1069 Multo
739 1047 796 1069 an-

97 1084 166 1113 tem
185 1083 293 1114 minus
318 1084 366 1113 illi
381 1084 441 1113 hoc
458 1084 578 1123 poterit
601 1085 794 1123 convenire,

99 1137 170 1167 quae
184 1130 336 1160 neutrum
356 1130 470 1160 horum
489 1130 609 1160 habere
632 1130 794 1161 laudabile

99 1174 280 1205 invenitur.
299 1175 339 1205 At
354 1175 387 1205 id
406 1175 510 1205 totum
531 1175 588 1206 fiet
610 1176 737 1215 planius
760 1177 795 1206 in

100 1221 271 1258 exemplis.
298 1221 330 1250 Si
355 1220 366 1259 (
380 1221 472 1251 verbi
500 1229 593 1251 causa
609 1220 620 1260 )
647 1221 795 1253 intendat

97 1265 170 1303 quis
181 1265 323 1295 animum
336 1261 534 1304 inquirendae
544 1266 686 1305 veritati,
699 1269 793 1306 atque

97 1309 133 1341 id
147 1311 214 1341 solo
234 1311 381 1342 veritatis
397 1320 522 1350 amoreg
548 1321 655 1343 nonne
683 1313 710 1343 is
733 1314 794 1344 tibi

97 1355 228 1385 videtur
242 1356 275 1385 et
288 1363 370 1392 rem,
387 1356 421 1385 et
445 1364 572 1386 causam
594 1357 713 1388 habere
737 1358 795 1388 ho-

100 1402 223 1431 nestam
234 1422 244 1438 ,
257 1401 439 1439 meritoque
454 1402 517 1431 sibi
531 1403 696 1432 vindicare
711 1404 795 1442 quod

97 1445 216 1476 dicitur
228 1454 237 1475 τ
249 1448 370 1477 Ριιῑενω
379 1449 450 1477 sunt
464 1456 546 1485 qenoe
558 1450 629 1485 luce,
644 1450 720 1479 ssent
731 1451 796 1480 tnr-

97 1492 201 1523 turis?
221 1492 340 1530 quippe
369 1493 421 1522 cui
443 1492 477 1521 in
501 1493 616 1523 neutra
641 1503 794 1532 genarum

97 1544 208 1567 naevus
232 1537 491 1574 reprehensionis
515 1540 679 1576 appareat.
704 1541 795 1577 Quod

98 1580 126 1610 si
146 1581 281 1611 minime
304 1581 437 1619 quidem
452 1583 599 1613 veritatis
615 1584 792 1624 desiderio,

97 1626 155 1656 sed
166 1628 221 1657 aut
234 1627 339 1657 inanis
354 1628 475 1666 gloriae,
492 1630 549 1658 aut
567 1630 699 1660 alterius
716 1640 794 1669 qua-

95 1671 275 1711 liscumque
291 1673 449 1703 commodi
461 1675 646 1712 temporalis
660 1676 794 1707 obtentu

98 1716 133 1746 in
144 1718 317 1747 veritatem
332 1719 529 1748 intenderit:
545 1719 611 1755 jam
627 1721 686 1750 etsi
698 1730 793 1751 unam

97 1771 251 1801 genarum
279 1763 428 1793 videatur
456 1764 577 1794 habere
605 1765 792 1806 formosam3

96 1815 161 1837 non
177 1809 297 1846 tamen,
310 1810 346 1839 ut
359 1809 515 1847 arbitror,
532 1810 694 1841 dubitabis
706 1813 794 1850 judi-

95 1860 167 1882 care
184 1854 237 1882 vel
252 1861 293 1883 ex
309 1854 398 1891 parte
412 1854 600 1893 deformem,
611 1856 700 1893 cujus
715 1858 794 1888 alte-

94 1906 162 1928 ram
177 1898 293 1929 facicm
309 1908 411 1929 causae
429 1899 594 1938 turpitudo
610 1901 791 1933 soedaverit.

93 1943 128 1973 Si
154 1945 264 1974 autem
288 1945 411 1975 videris
435 1945 601 1976 hominem
622 1948 720 1978 nullis
734 1949 793 1979 ho-

93 1990 194 2020 nestis
208 1990 324 2021 studiis
342 1991 587 2030 intendentem,
612 1993 668 2022 sed
688 1996 792 2025 carnis

92 2035 256 2065 illecebris
284 2036 458 2073 irretitum,
473 2037 581 2067 ventri
600 2039 633 2068 et
654 2039 791 2071 luxuriae

93 2080 238 2110 deditum
253 2081 366 2118 quales
391 2081 466 2111 sunt
480 2081 528 2110 illi
540 2103 548 2118 ‚
565 2092 695 2120 quornm
710 2086 791 2115 Deus

93 2128 198 2156 venter
211 2127 264 2162 est,
280 2127 309 2156 et
323 2127 421 2164 {floria
435 2128 467 2156 in
483 2127 657 2164 confusione
672 2138 789 2165 eorum,

93 2172 146 2209 qui
160 2173 281 2201 terrena
295 2173 417 2209 sapiunt
432 2181 442 2200 .·
459 2172 536 2209 quid
549 2172 669 2202 istum?
684 2182 789 2204 nonne

93 2223 136 2245 ex
150 2217 283 2254 utraque
298 2217 388 2254 parte
401 2216 609 2247 foedissimum
616 2218 788 2258 judicabis,

92 2261 126 2290 in
152 2262 244 2298 cujus
268 2262 382 2300 utique
402 2262 583 2293 intentione
605 2264 638 2294 et
661 2272 730 2304 res,
757 2266 790 2296 et

92 2314 186 2337 causa
200 2307 335 2344 reproba
356 2307 523 2337 invenitur
537 2308 549 2337 ἓ

130 2351 162 2380 5.
178 2352 257 2388 Ergo
271 2351 445 2381 intendere
460 2360 522 2382 non
538 2353 572 2382 in
588 2354 712 2391 Deum,
733 2356 789 2385 sed

91 2396 126 2426 in
148 2397 315 2433 saeculum,
328 2396 491 2426 saecularis
515 2398 631 2428 animae
647 2400 714 2438 est,
729 2408 788 2430 nec

91 2442 192 2472 ullam
211 2450 340 2480 prorsus
358 2449 513 2480 genarum
531 2444 709 2480 speciosam
731 2445 789 2475 ha-

91 2486 211 2529 bentis
225 2487 397 2517 intendere
407 2487 517 2517 autem
527 2488 616 2525 quasi
626 2488 659 2518 in
671 2489 787 2529 Deum,

92 2531 148 2562 sed
162 2540 226 2564 non
235 2532 366 2571 propter
374 2533 491 2570 Deum,
504 2533 681 2572 hypocritae
692 2535 787 2572 plane

89 2577 205 2610 animae
220 2579 287 2609 est:
304 2577 396 2615 cujus
412 2577 473 2608 etsi
484 2586 549 2608 una
562 2578 660 2610 facies
672 2579 786 2610 decora

92 2621 233 2659 videtur,
251 2623 335 2661 quod
365 2622 402 2652 ad
432 2623 537 2653 Deum
562 2624 788 2663 qualicumque

1472 222 1530 251 2:³55

836 270 1014 301 intentione
1029 269 1199 308 respiciat;
1216 268 1283 306 ipsa
1304 269 1409 300 tamen
1433 271 1531 301 simu-

834 316 911 346 latio
926 324 1020 345 omne
1036 316 1069 344 in
1085 323 1122 344 ea
1142 314 1293 343 decorum
1313 314 1527 353 exterminat,

835 362 867 391 et
884 361 984 399 magis
1004 369 1064 399 per
1077 360 1181 390 totum
1203 358 1321 396 ingerit
1337 358 1527 390 foeditatem.

833 406 866 435 Si
895 408 1005 436 autem
1034 406 1088 435 vel
1108 405 1230 440 solum,
1247 404 1300 433 vel
1316 403 1474 441 maxime,
1490 406 1529 433 oh

832 450 907 481 vitae
922 449 1278 489 praesentisnecessaria
1294 448 1333 478 ad
1344 449 1445 477 Deum
1455 457 1530 478 cona

832 496 970 526 verterit
982 495 1197 525 intentionem
1208 502 1217 533 3
1233 501 1297 523 non
1312 494 1444 531 quidem
1455 494 1530 523 faece

833 540 1011 578 hypocrisis
1043 540 1209 578 putidam,
1253 538 1530 577 pusillanimitatisv

831 586 940 615 tamen
955 585 1035 615 vitio
1066 586 1204 614 dicimus
1229 584 1471 621 subobscuram,
1499 586 1531 614 et

830 629 936 660 minus
951 632 1129 668 acceptam.
1144 631 1240 659 Porro
1261 638 1278 659 c
1298 628 1456 659 contrario
1479 629 1530 658 in-

831 675 964 704 tendere
979 675 1014 704 in
1026 675 1113 704 aliud
1128 683 1223 713 quam
1239 675 1272 704 in
1284 676 1386 704 Deum
1398 697 1406 712 ,
1421 675 1530 703 tamen

830 721 962 758 propter
977 721 1100 757 Deum3
1117 728 1180 750 non
1195 720 1297 750 otium
1320 720 1426 750 Mariae
1438 741 1447 757 ,
1472 720 1530 749 sed

828 766 959 795 Marthae
984 765 1150 803 negotium
1177 766 1236 795 est.
1253 765 1343 795 Absit
1369 766 1477 795 autem
1493 767 1529 795 ut

829 819 899 848 quae
929 810 1113 848 hujusmodi
1145 811 1212 848 est,
1239 811 1412 849 quicquam
1440 811 1529 839 illam

829 856 969 886 dixerim
984 856 1104 886 habere
1121 855 1276 886 deforme.
1292 857 1356 886 Nec
1371 858 1479 886 tamen
1489 855 1529 885 ad

828 901 1008 939 perfectum
1024 901 1252 931 affirmaverim
1264 901 1451 940 pervenisse
1472 901 1530 931 de-

829 946 911 976 coris
925 955 933 975 :
950 947 1070 984 quippe
1099 955 1171 984 quae
1195 947 1300 976 adhuc
1325 946 1461 976 sollicita
1480 946 1529 976 est

830 992 862 1021 et
876 991 1023 1022 turbatur
1035 1000 1108 1030 erga
1120 991 1259 1030 plurima
1270 1013 1279 1029 ,
1296 991 1329 1021 et
1344 1000 1408 1021 non
1423 991 1529 1029 potest

829 1037 1031 1067 terrenorum
1053 1039 1183 1067 actuum
1201 1038 1256 1067 vel
1275 1037 1368 1068 tenui
1390 1038 1527 1075 pulvere

828 1090 893 1111 non
913 1082 1069 1121 respergi.
1087 1083 1191 1119 Quem
1209 1082 1319 1112 tamen
1338 1083 1400 1112 cito
1418 1082 1528 1111 facile-

829 1135 891 1164 que
906 1127 1053 1165 deterget
1067 1128 1121 1156 vel
1136 1127 1171 1156 in
1185 1126 1263 1156 hora
1277 1128 1393 1157 sanctae
1409 1127 1528 1157 dormi-

828 1173 928 1202 tionis
943 1174 1028 1202 casta
1043 1172 1195 1209 intentio,
1211 1172 1243 1202 et
1254 1172 1345 1202 bonae
1359 1173 1528 1202 conscien-

830 1217 882 1247 tiae
898 1217 1104 1255 iuterrogatio
1126 1217 1161 1246 in
1180 1218 1296 1247 Deum.
1320 1219 1400 1256 Ergo
1423 1218 1526 1247 solum

830 1262 992 1301 inquirere
1008 1265 1113 1293 Deum
1139 1264 1269 1301 propter
1284 1263 1390 1301 ipsum
1405 1264 1505 1293 solum
1517 1284 1526 1300 ,

829 1307 888 1338 hoc
901 1311 994 1346 plane
1005 1310 1054 1339 est
1066 1310 1233 1346 utramque
1246 1309 1406 1347 bipertitae
1417 1309 1527 1339 Inten-

829 1353 924 1384 tionis
946 1355 1063 1385 faciem
1088 1355 1210 1385 habere
1236 1355 1486 1392 pulcherrimam
1515 1364 1524 1383 :

829 1399 926 1437 atque
942 1401 976 1430 id
991 1402 1157 1439 proprium
1176 1408 1211 1430 ac
1227 1400 1366 1438 speciale
1383 1409 1504 1438 sponsae.
1515 1423 1524 1438 ‚

829 1445 879 1474 cui
894 1446 1009 1476 merito
1025 1445 1179 1484 singulari
1190 1446 1399 1485 praerogativa
1414 1446 1525 1476 audire

829 1492 997 1521 conveniat
1012 1501 1020 1521 :
1034 1493 1154 1523 Pulcrae
1171 1493 1243 1524 sunt
1257 1500 1340 1531 yeme
1354 1493 1432 1529 tuae,
1447 1493 1524 1522 sicut

829 1538 968 1567 turturis.

867 1581 898 1611 [ι.
927 1584 988 1612 Cur
1020 1590 1096 1612 vero
1122 1583 1198 1613 sicut
1224 1581 1376 1614 turturis?
1404 1582 1523 1613 Pudica

829 1627 956 1658 avicula
980 1629 1050 1666 est,
1080 1629 1113 1658 et
1131 1630 1332 1658 conversatio
1362 1628 1431 1665 ejus
1459 1637 1523 1658 non

829 1681 901 1702 cum
917 1674 1026 1703 multis
1036 1695 1044 1711 ,
1057 1674 1114 1703 sed
1129 1675 1193 1703 solo
1206 1674 1322 1712 degere
1336 1674 1436 1704 fertur
1447 1682 1525 1703 con—

830 1718 916 1747 tenta
928 1726 1076 1756 compare
1091 1727 1099 1748 :
1116 1719 1160 1748 ita
1172 1720 1207 1749 ut
1219 1720 1244 1749 si
1262 1720 1351 1749 illum
1367 1719 1523 1757 amiserit,

828 1764 964 1793 alterum
975 1772 1039 1793 non
1051 1765 1208 1803 requirat,
1221 1765 1276 1794 sed
1288 1766 1352 1794 sola
1370 1765 1523 1803 deinceps

828 1810 1046 1839 conversetur.
1066 1810 1112 1838 Tu
1126 1817 1198 1847 ergo
1211 1809 1267 1847 qui
1282 1809 1349 1838 haec
1364 1809 1473 1847 audis,
1487 1810 1524 1839 ut

827 1862 902 1884 sane
923 1863 988 1884 non
1003 1855 1103 1885 otiose
1125 1856 1237 1885 audias
1255 1863 1293 1884 ea
1313 1863 1384 1893 quae
1405 1855 1523 1893 scripta

827 1901 900 1929 sunt
924 1902 1056 1939 propter
1076 1902 1126 1938 te,
1149 1901 1182 1930 et
1222 1909 1307 1930 nuuc
1332 1901 1464 1938 propter
1488 1900 1522 1930 te

826 1947 994 1975 versantur
1010 1946 1042 1976 et
1058 1945 1260 1984 disputantur
1274 1954 1282 1974 :
1297 1946 1349 1983 tu,
1372 1946 1500 1983 inquam
1511 1966 1521 1982 ,

825 1991 852 2020 si
868 1991 907 2020 ad
922 1991 1100 2021 istiusmodi
1123 1991 1260 2029 Spirilus
1281 1991 1383 2021 sancti
1406 1991 1523 2021 incita-

827 2036 934 2065 menta
949 2037 1107 2075 moveris,
1121 2038 1153 2066 et
1168 2036 1342 2066 inardescis
1357 2036 1432 2065 dare
1445 2044 1523 2073 ope-

824 2089 890 2110 ram
903 2104 912 2119 ,
940 2083 1099 2120 quomodo
1128 2082 1269 2111 animam
1301 2083 1389 2111 tuam
1425 2081 1523 2112 facias

824 2135 971 2165 sponsam
984 2128 1058 2165 Dei;
1072 2127 1163 2157 stude
1176 2128 1284 2157 ambas
1296 2128 1523 2165 speciosasha-

824 2172 900 2202 here
915 2173 973 2202 has
987 2181 1083 2210 genas
1098 2174 1162 2202 tuae
1174 2172 1366 2202 Intentionis
1377 2194 1386 2209 ,
1398 2173 1436 2202 ut
1450 2172 1523 2202 imi-

824 2218 906 2247 tator
933 2218 1118 2248 castissimae
1143 2218 1304 2255 volucris‚
1330 2218 1442 2248 sedeas
1469 2226 1521 2248 se-

823 2263 962 2293 cundum
975 2263 1168 2301 Prophetam
1179 2264 1334 2293 solitarius
1341 2285 1351 2300 ‚
1369 2263 1521 2301 quoniam

823 2309 937 2338 levasti
951 2310 983 2339 te
995 2317 1088 2347 supra
1099 2309 1143 2338 te.
1160 2308 1296 2338 Omnino
1308 2317 1402 2347 supra
1414 2310 1447 2338 te
1460 2310 1520 2346 est,

824 2353 1015 2391 Angelorum
1030 2352 1168 2382 Domino
1184 2353 1381 2391 desponsari.
1396 2354 1442 2382 An
1454 2361 1518 2382 non

822 2406 918 2436 supra
938 2398 971 2427 te
985 2420 994 2436 ,
1021 2398 1186 2427 adhaerere
1208 2399 1274 2427 Deo
1297 2399 1392 2436 atque
1418 2406 1518 2427 unum

822 2443 973 2480 spiritum
985 2451 1055 2473 esse
1071 2451 1144 2473 cum
1157 2443 1214 2473 eo?
1227 2443 1308 2473 Sede
1321 2444 1430 2481 itaque
1446 2442 1518 2471 soli-

822 2489 942 2526 tarius,
958 2489 1041 2519 sicut
1055 2490 1171 2519 turtur.
1185 2489 1270 2519 Nihil
1283 2489 1343 2518 tibi
1359 2490 1390 2518 et
1403 2487 1516 2523 turbis,

822 2533 905 2563 nihil
936 2542 1010 2563 cuin
1048 2534 1258 2564 multitudine
1288 2534 1474 2563 caeterorum
1505 2539 1513 2559 :

824 2580 987 2618 etiamque
1015 2580 1122 2619 ipsum
1147 2580 1338 2609 obliviscere
1362 2576 1516 2614 populum

824 2626 915 2656 tuum
927 2647 937 2663 ‚
953 2626 986 2656 et
1007 2626 1135 2656 domum
1151 2625 1250 2663 patris
1265 2624 1330 2659 tui,
1352 2623 1385 2651 ct
1402 2629 1518 2651 concu-
