1846 3078
286 233 346 263 562

288 297 375 319 cessa
391 288 453 320 fuit
476 290 617 329 potestas
633 291 900 321 circumducendi
915 299 986 319 mu-

289 337 396 367 lieres.
413 336 490 366 Vale
502 336 536 366 in
553 337 700 366 Domino.
718 349 735 362 »

475 455 643 488 SEmIO
683 454 800 487 LXV.

285 529 324 552 De
338 529 513 553 clandestinis
525 529 677 557 haereticis,
691 535 818 558 quorum
831 530 984 559 praeposte-

325 572 386 588 ram
411 565 576 595 religionem
609 566 635 586 et
664 563 791 586 studium
823 563 985 587 occultandi

323 601 455 630 mysteria
465 606 514 622 sua
523 616 530 625 ,
544 604 651 620 nei-non
663 597 856 621 scandalosum
869 598 985 621 femina-

325 641 392 658 rum
406 633 629 657 contubernium
642 632 824 663 praestringit.

326 698 353 725 1.
370 696 462 725 Duos
477 693 570 723 vobis
584 701 682 731 super
693 701 757 723 uno
768 693 910 732 capitulo
920 692 984 724 dis—

284 742 395 781 putavi
408 747 570 770 sermones
585 748 593 767 :
618 739 749 769 tertium
771 747 849 777 paro
860 761 869 777 ,
885 739 911 768 si
927 747 984 768 au-

284 789 351 817 dire
367 794 431 816 non
454 785 584 815 taedeat.
604 786 644 815 Et
657 786 880 815 necessarium
896 793 982 814 reor.

284 835 360 863 Nam
381 831 467 870 quod
482 831 522 861 ad
540 832 683 861 nostram
708 831 841 870 quidem
859 832 984 870 spectat

282 878 490 908 domesticam
502 877 644 914 vineam,
656 885 728 915 quae
743 885 800 906 vos
810 877 898 914 estis,
907 877 984 907 satis

282 933 332 954 me
349 924 487 953 arbitror
503 923 538 951 in
554 922 679 952 duobus
695 922 809 952 fecisse
825 923 984 952 sermoni-

280 971 340 999 bus
361 977 418 1007 pro
433 968 636 998 munimento
658 968 709 997 illi
731 968 886 998 adversus
906 968 984 998 insi-

280 1015 348 1045 dias
377 1015 535 1053 tripertiti
563 1014 692 1051 generis
723 1014 890 1052 vulpium,
927 1013 982 1052 qui

279 1063 353 1092 >unt
369 1061 570 1097 adulatores,
584 1060 800 1098 detractores,
816 1068 852 1089 ac
867 1059 983 1090 seduc-

279 1108 353 1137 torii
377 1107 510 1145 quidam
532 1106 684 1145 spiritus,
707 1106 798 1144 gnari
815 1107 848 1136 et
862 1105 982 1136 assueti

280 1154 364 1182 mala
377 1153 436 1183 sub
459 1153 568 1191 specie
584 1153 661 1182 boni
677 1152 845 1183 inducere.
860 1153 981 1182 Verum

278 1198 447 1228 dominicae
463 1198 570 1227 vineae
586 1205 651 1227 11011
667 1198 723 1227 ita.
741 1198 832 1227 Illam
847 1199 960 1237 loquor
972 1219 981 1236 ,

278 1253 350 1282 quae
365 1243 516 1281 implevit
530 1243 650 1273 terram
661 1265 670 1281 ,
688 1243 779 1280 cujus
795 1244 828 1273 et
839 1252 896 1274 nos
906 1252 982 1282 por-

277 1291 324 1320 tio
351 1298 463 1320 sumus
493 1298 501 1318 :
526 1289 658 1318 vineam
684 1289 838 1326 grandem
863 1290 981 1327 nimis,

279 1336 409 1366 Domini
438 1335 618 1374 plantatam
644 1343 760 1373 manu,
781 1335 980 1374 redemptam

279 1381 435 1419 sanguine
449 1403 458 1418 ,
474 1380 611 1418 rigatam
633 1380 752 1418 verbo,
774 1382 980 1419 propagatam

279 1427 401 1464 gratia,
420 1426 637 1456 foecundatam
662 1426 792 1464 spiritu.
813 1428 894 1465 Ergo
909 1428 982 1465 plus

277 1472 400 1510 proprii
429 1479 539 1500 curam
567 1480 700 1509 gerens,
738 1472 771 1500 in
810 1480 980 1502 commune

278 1518 388 1547 minus
404 1516 522 1555 profui.
540 1517 646 1546 Movet
661 1525 713 1546 me
724 1517 832 1546 autem
842 1526 900 1555 pro
912 1518 980 1555 ipsa

279 1563 454 1592 multitudo
481 1562 728 1592 demolientium
750 1570 841 1600 eam,
867 1562 981 1592 defen—

277 1609 420 1638 santium
435 1609 600 1646 paucitas,
623 1608 981 1639 difficultasslesensio-

278 1654 340 1683 nis.
355 1654 588 1683 Disticultatem
599 1654 776 1683 occultatio
796 1653 886 1684 facit.
902 1656 980 1684 Nam

276 1707 349 1728 cum
364 1699 506 1728 Ecclesia
522 1706 651 1736 semper
668 1698 708 1727 ab
723 1699 820 1728 initio
839 1699 888 1728 sui
910 1700 982 1729 vul-

277 1753 334 1781 pes
347 1745 518 1782 habuerit,
535 1744 599 1774 cito
621 1752 732 1774 omnes
757 1746 933 1782 compertae
949 1746 982 1775 et

277 1791 379 1827 captae
395 1791 481 1819 sunt.
506 1789 703 1827 Conssigebat
726 1790 900 1820 haereticus
924 1799 982 1828 pa—

276 1835 359 1872 lam,
382 1834 392 1874 (
415 1843 490 1865 nam
514 1835 590 1865 inde
617 1835 792 1865 haereticus
815 1836 980 1873 maxime,

277 1882 363 1919 quod
379 1882 486 1919 palam
500 1881 635 1911 vincere
651 1881 805 1919 cupiebat
824 1880 835 1920 )
861 1883 895 1911 et
909 1890 981 1912 suc-

276 1928 460 1957 cumbebat.
486 1927 534 1956 Ita
556 1935 632 1965 ergo
660 1926 757 1956 facile
785 1927 850 1957 illae
873 1928 981 1965 capie-

278 1973 394 2002 bantur
421 1972 550 2010 vulpes.
567 1972 651 2009 Quid
677 1973 766 2002 enim
785 1973 812 2002 si
828 1974 932 2010 posita
947 1973 981 2002 in

277 2018 383 2047 lucem
400 2018 541 2047 veritate
558 2017 733 2048 haereticus
744 2017 780 2047 in
792 2026 857 2048 suae
879 2019 982 2056 perti-

277 2064 378 2093 naciae
394 2063 541 2093 tenebris
567 2071 762 2101 remanens,
792 2065 879 2094 solus
904 2064 982 2094 foris

276 2110 430 2146 religatus
449 2108 631 2139 aresceret?
650 2109 868 2140 Nihilominus
888 2111 981 2147 capta

277 2155 489 2192 reputabatur
518 2156 653 2193 vulpes,
683 2155 896 2186 condemnata
920 2157 982 2185 im-

276 2200 418 2238 pietate,
434 2202 468 2231 et
488 2201 590 2239 impio
606 2201 691 2231 foras
705 2202 822 2239 misso,
839 2202 981 2232 ostentui

276 2246 389 2283 utique
415 2246 479 2283 jam
504 2247 651 2285 victuro,
677 2256 742 2277 non
770 2248 904 2277 fructui.
935 2249 981 2277 Ex

277 2292 338 2320 ltoc
349 2313 357 2328 ,
372 2291 466 2328 juxta
479 2293 672 2331 Prophetam
683 2315 691 2331 ,
709 2293 801 2323 erant
814 2294 863 2323 illi
880 2293 981 2323 ubera

277 2337 420 2374 arentia,
440 2338 473 2366 et
498 2340 617 2368 venter
638 2339 759 2369 sterilis
786 2349 795 2368 τ
815 2340 891 2377 quia
917 2347 980 2369 non

276 2382 454 2419 repullulat
475 2389 563 2411 error
579 2384 711 2421 publice
725 2384 931 2422 confutatus,
949 2385 982 2414 et

277 2427 399 2456 falsitas
424 2427 536 2464 aperta
550 2435 613 2457 non
629 2429 800 2466 germinat.

322 2473 353 2502 2.
378 2472 464 2509 Quid
483 2472 641 2502 faciemus
662 2475 714 2503 his
743 2475 983 2514 malignissimis

278 2518 453 2556 vulpibus,
472 2519 510 2548 ut
532 2519 602 2557 capi
619 2521 758 2557 queant,
778 2530 849 2558 quae
865 2530 981 2551 nocere

279 2572 378 2601 quam
392 2564 525 2594 vincere
549 2565 693 2601 malunt,
720 2567 753 2594 et
767 2573 808 2594 ne
824 2574 980 2603 apparere

280 2609 414 2646 quidem
435 2609 567 2647 volunt,
586 2609 643 2639 sed
662 2609 811 2647 serpere?
827 2610 982 2641 Ommutts

280 2663 343 2685 una
358 2654 497 2685 intentio
509 2655 672 2684 haereticis
690 2663 816 2689 semper
833 2655 892 2684 fuit
909 2664 983 2693 eap-

747 238 777 265 S.
801 237 1042 265 BERNARDI
1063 237 1260 266 ABBATIS

1021 290 1090 320 tare
1105 292 1240 329 gloriam
1256 293 1296 323 de
1317 292 1540 332 singularitate
1561 293 1719 326 scientiae.

1020 336 1092 365 Sola
1120 337 1180 367 ista
1201 338 1371 377 malignior
1393 340 1521 370 caeteris
1545 342 1720 371 versutior·

1020 389 1082 417 que
1099 383 1288 422 haeresibus,
1301 384 1426 415 damnis
1437 385 1580 423 pascitur
1591 385 1719 423 alienis,

1020 428 1157 465 propriae
1173 429 1282 466 gloriae
1296 431 1472 468 negligens.
1486 431 1597 468 Docta,
1611 431 1719 466 credo,

1020 474 1180 512 exemplis
1200 475 1348 505 veterum
1361 497 1370 513 ,
1391 485 1463 514 quae
1488 477 1623 515 proditae
1643 484 1720 506 eva-

1020 517 1096 547 dere
1112 521 1346 558 nonvalebant,
1357 521 1414 550 sed
1428 521 1597 551 confestiin
1611 521 1720 559 capie-

1020 561 1147 601 bantur,
1163 566 1258 595 cauta
1273 566 1322 595 est
1335 573 1419 596 novo
1433 567 1584 596 maleficii
1600 574 1719 604 genere

1019 611 1144 645 operari
1157 611 1349 649 mysterium
1361 611 1554 650 iniquitatis,
1566 620 1604 641 eo
1618 613 1722 641 licen-

1019 653 1101 692 tius,
1125 664 1188 693 quo
1210 657 1377 686 latentius.
1401 657 1550 695 Denique
1569 657 1719 686 indixere

1020 697 1074 736 (ut
1091 699 1230 738 dicitur)
1247 701 1386 731 latebras
1408 701 1470 731 sibi
1481 723 1491 739 ,
1507 701 1721 731 firmaverunt

1018 743 1079 774 sibi
1092 753 1273 776 sermonem
1289 754 1442 785 nequam.
1457 747 1546 784 Jura,
1561 746 1692 784 perjura
1708 753 1718 775 x

1017 792 1180 821 secretum
1203 792 1341 830 prodere
1355 792 1434 822 noli.
1453 793 1625 823 Enimvero
1640 792 1720 822 alias

1017 844 1058 865 ne
1070 837 1214 867 tenuiter
1224 838 1357 876 quidem
1367 838 1477 875 jurare
1489 839 1652 868 ullatenus
1667 845 1719 867 ac·

1017 883 1203 921 quiescunt,
1218 884 1349 922 propter
1366 883 1448 913 illud
1463 883 1502 914 de
1518 883 1691 921 Evangelio
1707 891 1716 912 :

1017 929 1087 957 Non
1096 929 1220 966 jurare,
1231 939 1328 968 neque
1347 939 1403 967 per
1413 930 1521 960 caelum
1530 951 1540 966 ‚
1555 939 1650 968 neque
1662 938 1719 968 per

1019 974 1134 1002 terram
1147 994 1157 1010 ‚
1173 976 1228 1003 etc.
1247 973 1270 1002 O
1287 974 1379 1004 stulti
1394 975 1427 1003 et
1441 974 1525 1004 tardi
1542 974 1649 1011 corde,
1665 982 1718 1003 re-

1017 1018 1097 1055 pleti
1113 1019 1209 1057 plane
1221 1019 1403 1057 pharisaico
1414 1019 1543 1057 spiritu,
1553 1019 1718 1057 liquantes

1018 1064 1169 1102 culicem,
1182 1065 1384 1094 etcamelum
1399 1064 1587 1103 glutientes.
1604 1064 1716 1094 Jurare

1016 1116 1081 1138 non
1096 1109 1194 1147 licet,
1211 1110 1245 1139 et
1259 1109 1407 1148 pejerare
1423 1108 1525 1139 licet?
1546 1110 1593 1139 An
1608 1109 1642 1138 in
1657 1110 1718 1139 hoc

1017 1155 1082 1185 solo
1101 1156 1275 1193 utrumque
1297 1155 1395 1186 licet?
1419 1156 1466 1185 De
1484 1163 1622 1194 quonam
1637 1155 1718 1185 mihi

1017 1201 1344 1239 Evangeliorumloco
1359 1201 1536 1240 producitis
1552 1201 1646 1231 istam
1662 1209 1719 1230 ex-

1017 1248 1212 1284 ceptionem,
1222 1247 1278 1285 qui
1293 1256 1334 1277 ne
1354 1248 1419 1277 iota
1434 1247 1566 1285 quidem
1581 1245 1630 1285 (ut
1639 1246 1718 1276 falso

1016 1292 1219 1332 gloriamini)
1230 1293 1404 1331 praeteritis
1416 1293 1427 1322 ἒ
1440 1294 1532 1322 Patet
1547 1301 1603 1322 vos
1618 1292 1651 1321 et
1666 1300 1718 1321 su-

1016 1338 1199 1375 perstitiose
1217 1338 1387 1367 observare
1403 1337 1442 1366 de
1462 1337 1646 1374 juramento
1660 1358 1669 1373 ,
1686 1336 1719 1365 et

1016 1383 1171 1420 flagitiose
1183 1391 1379 1422 praesumere
1389 1382 1429 1411 de
1442 1381 1596 1420 perjurio.
1607 1381 1630 1410 O
1644 1389 1719 1419 per-

1016 1429 1222 1459 versitatem!
1240 1428 1332 1466 Quod
1354 1427 1394 1456 ad
1415 1427 1575 1456 cautelam
1590 1426 1719 1455 consul-

1017 1476 1085 1504 tum
1101 1476 1160 1512 est,
1177 1475 1352 1510 videlicet,
1370 1482 1432 1503 11011
1440 1473 1572 1511 jurare,-
1589 1473 1649 1502 hoc
1665 1472 1718 1501 isti

1015 1521 1156 1549 mandati
1165 1521 1236 1551 vice
1246 1522 1311 1549 tam
1320 1519 1518 1557 contentiose
1527 1519 1697 1549 observant
1709 1528 1718 1546 τ

1016 1566 1049 1594 et
1073 1565 1158 1603 quod
1185 1565 1345 1595 immobili
1366 1565 1440 1601 jure
1461 1564 1621 1593 sancitum
1647 1565 1716 1601 est,

1016 1618 1079 1639 non
1094 1610 1309 1647 pejerandum
1325 1610 1463 1646 scilicet,
1480 1609 1540 1638 hoc
1552 1609 1716 1647 tamquam

1016 1655 1210 1685 indifferens
1232 1663 1290 1692 pro
1315 1663 1373 1684 sua
1393 1654 1562 1685 voluntate
1585 1653 1716 1692 dispen-

1015 1702 1097 1730 sant.
1114 1701 1181 1730 Non
1193 1722 1202 1738 ,
1219 1700 1389 1737 inquiunt,
1405 1699 1514 1729 sedne
1527 1700 1718 1737 mysterIum

1016 1746 1231 1783 publicemus.
1258 1745 1355 1782 Quasi
1386 1744 1487 1782 gloria
1509 1744 1570 1774 Dei
1590 1752 1654 1774 non
1676 1745 1718 1775 sit

1015 1791 1163 1821 revelare
1189 1798 1384 1820 sermonem.
1412 1790 1460 1819 An
1486 1790 1547 1819 Dei
1569 1789 1720 1820 invident

1016 1835 1148 1873 gloriae?
1162 1835 1225 1865 Sed
1246 1835 1348 1874 magis
1365 1835 1460 1865 credo
1476 1834 1563 1873 quod
1576 1835 1718 1873 pandere

1017 1881 1227 1918 erubescant,
1253 1880 1394 1911 seientes
1421 1880 1610 1918 inglorium.
1640 1880 1717 1909 Nam

1016 1925 1154 1955 nefanda
1169 1927 1202 1955 et
1223 1926 1373 1955 obseoena
1390 1925 1546 1955 dicuntur
1563 1932 1659 1963 agere
1685 1925 1718 1954 in

1016 1971 1153 2009 secreto,
1166 1970 1328 2009 siquidem
1340 1971 1372 2000 et
1380 1970 1527 2008 vulpium
1540 1971 1719 2008 posteriora

1016 2016 1146 2047 foetent.

1056 2062 1086 2092 5.
1110 2062 1173 2092 Sed
1191 2062 1283 2092 taceo
1304 2070 1374 2100 quae
1394 2061 1575 2100 negarent:
1592 2060 1632 2090 ad
1654 2069 1721 2090 ma-

1014 2108 1133 2138 nifesta
1151 2108 1380 2146 respondeant.
1399 2108 1447 2137 An
1465 2107 1562 2144 juxta
1577 2107 1720 2146 Evange-

1016 2153 1096 2183 lium
1119 2154 1236 2184 cavent
1255 2153 1400 2183 sanctum
1417 2153 1494 2183 dare
1518 2152 1669 2189 canibus,
1687 2153 1720 2181 et

1016 2200 1204 2238 margaritas
1224 2198 1350 2238 porcis?
1372 2199 1413 2228 At
1436 2198 1523 2228 istud
1544 2198 1654 2237 aperte
1671 2197 1720 2227 sa-

1017 2246 1079 2275 teri
1102 2246 1170 2283 est,
1187 2253 1221 2275 se
1241 2253 1308 2274 non
1333 2252 1404 2274 esse
1420 2243 1460 2274 de
1481 2244 1624 2274 Ecclesia
1637 2265 1646 2281 ,
1662 2244 1718 2282 qui

1016 2300 1127 2322 omnes
1142 2291 1198 2330 qui
1213 2291 1253 2321 de
1269 2291 1412 2320 Ecclesia
1426 2290 1519 2328 sunt,
1535 2298 1631 2320 canes
1645 2298 1719 2319 cen-

1016 2338 1088 2367 sent
1110 2337 1142 2367 et
1167 2345 1291 2376 porcos.
1316 2336 1392 2365 Sine
1415 2336 1610 2374 exceptione
1630 2335 1721 2365 enim

1016 2383 1165 2413 omnibus
1189 2382 1246 2421 qui
1274 2382 1315 2411 de
1337 2390 1395 2412 sua
1420 2382 1509 2411 secta
1534 2389 1598 2411 non
1625 2382 1718 2418 sunt;

1015 2437 1109 2458 suum
1122 2428 1215 2466 illud,
1224 2427 1381 2467 quicquid
1392 2427 1452 2464 est,
1461 2427 1718 2457 subtrahendum

1018 2475 1217 2505 existimant.
1235 2474 1393 2503 Caeterum
1408 2473 1470 2503 hoc
1486 2473 1547 2503 etsi
1563 2473 1719 2509 sentiant,

1017 2529 1080 2550 11011
1095 2520 1354 2559 respondebunt,
1377 2527 1419 2549 ne
1441 2518 1604 2549 manifesti
1621 2518 1717 2555 fiant,

1017 2574 1135 2604 nempe
1158 2566 1245 2604 quod
1261 2565 1349 2595 omni
1370 2565 1463 2595 modo
1485 2564 1635 2603 fugiunt,
1660 2563 1720 2592 sed

1018 2620 1081 2640 11011
1096 2611 1262 2648 effugient.
1282 2611 1452 2649 Responde
1467 2610 1561 2646 milii,
1578 2616 1595 2638 ο
1607 2608 1715 2644 homo,

1018 2657 1072 2693 qui
1100 2657 1171 2693 plus
1197 2664 1293 2694 quain
1318 2655 1444 2693 oportet
1470 2654 1572 2692 sapis,
1589 2655 1621 2683 et
1644 2654 1717 2692 plus
