1810 3073
541 212 586 240 m
613 207 813 240 CANTICA
834 208 984 237 SERMO
1013 208 1068 235 vl.

82 277 228 312 tuorum,
250 272 310 302 hoc
335 269 402 307 est,
422 267 525 299 donee
548 274 661 298 omnes
674 264 729 304 qui
748 264 781 294 te

82 317 311 354 contemnunt,
327 316 392 346 tuae
406 313 567 345 voluntati
593 311 780 348 subjiciam,

83 367 153 397 sive
168 364 287 395 invitos
299 362 332 392 et
345 361 491 397 miseros,
501 360 570 390 sive
585 356 781 389 voluntarios

80 412 116 441 et
130 410 250 440 beatos.
266 409 377 445 ltaque
390 407 450 436 hoc
462 414 543 444 opus
552 404 691 443 Spiritus
706 401 780 440 quia

79 464 153 486 caro
170 463 232 484 non
247 452 469 492 percipiebat,
487 451 497 491 (
510 451 662 482 Animalz's
675 449 781 488 quippe

81 502 170 532 homo
186 509 249 530 non
268 500 395 538 percipit
418 508 455 528 ea
475 506 542 536 quae
560 497 630 527 sunt
651 495 781 533 Spiritus

79 548 155 585 Dei3
170 544 181 585 )
198 554 280 584 opus
306 545 367 574 suit
384 544 419 573 ut
443 541 665 581 corporalibus
686 538 780 577 pedi-

80 593 139 622 bus
155 591 365 629 corporaliter
390 590 545 619 incubans
556 609 565 625 ,
581 588 615 618 et
636 593 780 623 corpora-

79 638 170 668 libus
192 638 287 667 labiis
302 636 403 675 pedes
419 635 548 664 eosdem
567 632 758 663 deosculans
770 652 778 668 ,

80 685 210 713 veniam
225 685 429 721 peccatorum
447 679 617 709 peccatrix
630 677 780 716 percipe-

79 730 150 759 ret:
167 729 275 767 sicque
286 729 338 757 illa
347 726 482 757 mutatio
491 725 636 755 dexterae
644 724 778 762 excelsi,

78 783 141 813 qua
155 773 352 804 mirabiliter
367 793 376 809 ,
392 772 447 801 sed
460 771 674 801 invisibiliter
685 769 780 807 justi·

78 819 153 850 {icat
168 819 327 857 impium,
353 817 454 847 etiam
480 816 663 846 carnalibus
685 816 779 846 inno-

76 865 228 895 tesceret.

117 909 149 940 6.
164 911 284 940 Verum
299 909 373 940 illos
384 908 572 948 spirituales
587 907 687 946 pedes
697 907 777 945 Dei,

74 964 155 995 quos
176 956 282 994 primo
308 955 378 985 loco
403 955 617 993 spiritualiter
641 953 778 983 osculari

76 1002 293 1041 poenitentem
309 1001 448 1039 oportet,
464 1000 632 1039 praeterire
647 1008 700 1029 me
715 1007 778 1028 non

76 1048 216 1086 oportet.
233 1047 313 1078 Novi
327 1055 385 1085 ego
395 1047 615 1076 curiositatem
624 1046 778 1082 vestram,

75 1103 148 1133 quae
163 1095 211 1124 nil
225 1103 282 1124 sua
303 1094 471 1123 voluntate
486 1092 699 1122 inscrutatum
714 1100 779 1120 om-

77 1141 155 1170 nino
184 1140 369 1178 praetereat.
396 1140 461 1168 Nec
487 1146 565 1168 vero
594 1137 778 1167 ducendum

77 1185 302 1224 contemptui,
321 1193 414 1214 nosse
428 1206 438 1221 ,
467 1184 585 1222 quibus
612 1183 777 1221 Scriptura

77 1231 216 1269 pedibus
232 1232 296 1261 tam
316 1230 504 1268 frequenter
518 1230 622 1258 Deum
640 1236 779 1258 comine-

77 1278 198 1314 morat,
230 1284 317 1306 nunc
342 1275 477 1313 quidem
506 1274 609 1310 stare,
640 1274 679 1302 nt
709 1273 754 1303 ibi
770 1296 777 1311 ,

77 1323 283 1354 Adorabimus
313 1324 342 1352 ιή
361 1323 424 1352 loeo
450 1321 505 1351 ubi
532 1321 677 1350 steterunt
692 1321 779 1358 perles

76 1369 160 1407 ejus‚·
187 1376 274 1398 nunc
288 1376 366 1397 vero
388 1367 573 1403 ambulare,
590 1365 626 1395 ut
648 1365 693 1394 ihi
707 1387 716 1403 ,
738 1367 778 1395 Et

78 1414 223 1444 habitabo
239 1415 271 1444 in
285 1414 361 1450 illis,
377 1415 404 1443 et
429 1411 630 1442 deambulabo
654 1413 686 1441 in
715 1413 778 1450 eis,-

77 1460 271 1490 nuncetiam
287 1468 430 1496 currere,
442 1458 536 1496 juxta
547 1458 626 1487 illud
640 1466 647 1487 :
662 1459 778 1488 Exsul—

78 1507 150 1536 tavz't
179 1508 212 1536 ut
242 1507 325 1544 qiqas
350 1507 389 1535 ad
409 1505 592 1534 currendam
619 1506 714 1534 viam.
746 1504 775 1533 Si

78 1552 167 1581 recte
183 1552 332 1589 Apostolo
354 1551 460 1580 visum
476 1551 525 1580 est
547 1550 644 1588 capnt
661 1550 777 1580 Christi

76 1598 200 1627 reterre
216 1597 256 1626 ad
268 1597 444 1633 deitatem3
462 1596 539 1633 puto
557 1596 591 1625 et
605 1596 698 1625 nobis
714 1604 776 1625 non

77 1643 256 1681 incongrue
279 1643 385 1672 videri
416 1642 516 1680 pedes
543 1642 583 1671 ad
612 1641 776 1671 hominem

77 1690 263 1726 pertinere:
281 1697 418 1727 quorum
438 1688 576 1717 alterum
598 1688 779 1718 Misericor-

76 1734 180 1772 diam,
202 1736 342 1765 alterum
370 1734 536 1763 Judicium
561 1734 777 1764 nominemus.

76 1780 153 1810 Nota
169 1782 245 1811 sunt
263 1781 355 1810 vobis
380 1780 441 1809 duo
465 1780 526 1809 ista
548 1780 724 1817 vocabula3
748 1781 780 1810 et

76 1827 117 1857 de
132 1828 296 1865 plerisque
312 1826 485 1864 Scriptura»
501 1825 578 1854 locis
591 1825 684 1854 ambo
696 1826 780 1863 pari-

75 1873 145 1910 ter,
171 1873 196 1901 si
214 1872 379 1909 cogitatis,
396 1871 581 1900 occurrunt.
605 1870 686 1907 Quia
701 1879 779 1901 vero

76 1918 302 1948 Misericordiae
317 1917 434 1955 pedem
451 1918 537 1946 Deus
550 1917 582 1945 in
599 1925 713 1954 carne,
727 1918 779 1947 cui

77 1971 110 1993 se
123 1964 250 2000 univit,
275 1962 505 2001 assumpserit,
528 1962 622 1991 docet
643 1962 779 2000 epistola

77 2009 117 2039 ad
142 2010 312 2047 Hebraeos,
335 2009 494 2038 tentatum
523 2008 700 2046 perhibens
721 2017 780 2046 per

77 2056 184 2084 omnia
193 2055 352 2084 Christum
363 2063 420 2092 pro
433 2053 646 2084 similitudine
658 2055 778 2092 absque

75 2101 267 2139 peccat0,ut
275 2101 456 2130 misericors
469 2099 571 2130 tieret.
584 2099 669 2136 Quid
684 2100 778 2130 illum

78 2146 217 2176 alterum
227 2169 235 2183 ,
245 2146 302 2184 qui
316 2146 480 2175 ludicium
490 2146 695 2183 nuncupatus
711 2146 775 2183 est,

77 2199 182 2221 nonne
209 2192 249 2221 ad
266 2192 433 2221 hominem
456 2200 550 2230 oeque
578 2193 778 2230 assumptum

78 2238 111 2267 et
134 2237 238 2275 ipsum
267 2238 435 2275 pertinere
468 2237 537 2275 ipse
566 2238 653 2267 Deus
683 2238 778 2268 homo

78 2286 190 2320 aperte
203 2283 381 2321 significat,
398 2283 455 2312 ubi
467 2283 574 2312 datam
590 2283 651 2313 sibi
668 2283 779 2321 perhi-

77 2327 134 2357 bet
148 2336 163 2356 a
180 2329 272 2358 Patre
285 2330 477 2366 potestatem
487 2328 646 2365 judicium
657 2329 778 2368 facere,

77 2374 154 2412 quia
171 2374 270 2403 Filius
282 2374 421 2403 hominis
431 2375 479 2404 est
494 2374 506 2402 ἓ

119 2420 149 2448 7.
168 2420 223 2449 llis
236 2419 359 2448 duobus
377 2428 452 2457 ergo
467 2420 604 2458 pedibus
629 2420 703 2459 apte
720 2420 778 2451 sub

77 2473 143 2495 uno
162 2465 344 2494 divinitatis
359 2466 464 2504 capite
491 2468 776 2505 concurrentibus,

77 2512 171 2540 natus
186 2519 227 2540 ex
244 2511 398 2548 muliere,
414 2512 516 2542 iaetus
531 2512 590 2542 sul)
609 2513 679 2551 lege
697 2513 779 2544 invi-

77 2555 181 2584 sibilis
195 2555 400 2593 Emmanuel,
418 2555 451 2584 in
464 2556 558 2586 terris
572 2557 659 2587 visus
672 2561 732 2596 est,
745 2560 778 2589 et

78 2607 151 2629 cum
178 2600 363 2631 hominibus
391 2603 600 2632 conversatus
629 2604 688 2633 est.
720 2605 777 2634 His

78 2646 164 2674 certe
181 2645 355 2683 pertransit
370 2646 403 2676 et
420 2654 504 2677 nunc
515 2668 525 2685 ,
538 2647 777 2680 benefaciendo

1457 210 1515 241 {63

817 261 849 292 et
864 261 1006 292 sanando
1020 268 1133 292 omnes
1147 269 1317 300 oppressos
1334 270 1352 294 a
1367 264 1492 296 diabolo
1505 289 1515 305 ,

815 307 872 337 sed
884 307 1119 345 spiritualiter,
1131 308 1189 337 sed
1203 308 1427 340 invisibiliter.
1444 312 1515 350 His,

815 352 964 392 inquam,
989 353 1131 392 pedibus
1155 353 1288 383 devotas
1312 356 1518 392 perambulat

814 399 960 436 mentes,
976 399 1176 429 incessanter
1184 398 1340 436 lustrans,
1354 402 1517 432 scrutans-

814 452 876 482 que
891 444 986 474 eorda
998 444 1031 474 et
1045 452 1139 474 renes
1151 444 1396 474 fidelium.Vide
1409 446 1518 475 autem

813 498 854 520 ne
868 490 950 520 forte
963 491 1032 520 haec
1048 490 1102 520 illa
1117 490 1182 520 sint
1199 490 1305 529 sponsi
1322 498 1433 528 crura,
1445 499 1516 529 quae

814 545 929 574 sponsa
954 537 1020 566 tam
1049 536 1219 574 magnifiee
1250 536 1455 566 commendat
1483 537 1518 566 in

814 581 1106 621 consequentibus,
1124 590 1312 620 comparans
1324 590 1361 612 ea
1377 580 1388 621 (
1405 582 1440 611 ni
1457 581 1520 611 fal-

814 626 874 667 lor)
886 627 1045 657 columnis
1057 627 1259 664 marmoreis,
1272 627 1411 656 fundatis
1421 635 1519 665 super

814 674 906 704 bases
921 682 1046 703 aureas.
1062 674 1176 703 Pulcre
1190 674 1321 703 omnino
1338 682 1346 702 z
1365 674 1518 712 quoniam

813 720 945 758 quidem
958 720 991 749 in
1004 720 1171 749 incarnata
1183 719 1242 749 Dei
1258 719 1435 757 Sapientia,
1445 727 1519 757 quae

813 777 891 798 auro
906 768 1104 806 designatur,
1119 767 1343 798 misericordia
1356 767 1389 797 et
1398 767 1519 797 veritas

813 817 1028 847 obviaverunt
1054 815 1117 846 sibi
1147 824 1156 845 :
1188 816 1332 855 denique
1354 815 1519 847 universae

812 866 873 896 viae
888 865 1019 895 Domini
1030 864 1255 895 misericordia
1272 865 1305 895 et
1321 864 1456 895 veritas.

851 912 883 942 8.
905 912 999 941 Felix
1018 919 1128 949 menS,
1155 911 1210 941 cui
1231 911 1333 941 semel
1358 909 1520 941 Dominus

811 958 903 988 Jesus
931 957 1107 995 utrumque
1139 956 1287 986 infixerit
1315 956 1436 994 pedem
1461 954 1470 985 t
1493 956 1519 984 A

812 1004 937 1034 duobus
952 1004 1052 1041 signis
1071 1002 1257 1042 cognoscite
1274 1011 1345 1032 eam
1365 1010 1437 1040 quae
1456 1001 1520 1031 hu-

810 1049 949 1086 jusmodi
966 1050 1031 1087 est,
1044 1058 1115 1087 quae
1130 1057 1241 1079 secum
1254 1056 1387 1078 necesse
1402 1047 1451 1077 est
1465 1056 1519 1077 rc-

812 1095 896 1125 serat
922 1094 1044 1125 divinis
1065 1095 1223 1132 impressa
1255 1093 1416 1131 vestigiis.
1442 1094 1519 1131 Ipsa

812 1141 887 1170 sunt
910 1141 1019 1170 Timor
1035 1141 1067 1170 et
1083 1140 1162 1178 Spes
1184 1149 1192 1169 :
1219 1139 1275 1169 ille
1294 1139 1434 1178 judicii,
1456 1139 1519 1170 ista

812 1186 1042 1215 misericordiae
1065 1186 1300 1223 repraesentans
1327 1185 1516 1224 imaginem.

812 1232 925 1262 Merito
940 1232 1184 1270 beneplacitum
1200 1231 1249 1261 est
1270 1231 1337 1260 Deo
1353 1239 1452 1269 super
1475 1230 1519 1260 ti—

812 1278 937 1307 mentes
953 1286 1046 1315 eum,
1073 1278 1106 1307 et
1121 1278 1156 1306 in
1172 1277 1219 1306 eis
1233 1275 1290 1314 qui
1312 1277 1443 1314 sperant
1465 1284 1519 1306 su—

812 1331 870 1360 per
885 1323 1106 1353 misericordia
1123 1322 1193 1359 ejus
1211 1331 1220 1351 :
1244 1330 1319 1352 cum
1343 1322 1440 1351 timor
1456 1321 1520 1351 ini-

813 1369 892 1398 tium
921 1369 963 1399 sit
987 1369 1177 1407 sapientiae3
1211 1375 1302 1406 spes,
1338 1366 1517 1405 profectus.

811 1415 889 1443 Nam
901 1414 1213 1444 consummationem
1230 1412 1293 1443 sibi
1310 1413 1427 1447 caritas
1445 1413 1520 1443 vin-

812 1460 910 1491 dicat.
932 1461 1011 1498 Quae
1035 1469 1107 1490 cum
1129 1460 1176 1490 ita
1201 1460 1284 1498 sint,
1310 1468 1376 1490 non
1398 1467 1520 1498 parvus

812 1507 934 1537 fructus
955 1507 1004 1537 est
1020 1506 1054 1536 in
1070 1506 1176 1544 primo
1198 1507 1257 1536 hoe
1283 1506 1394 1536 osculo
1406 1528 1414 1543 ‚
1431 1505 1519 1544 quod

811 1552 850 1581 ad
865 1552 964 1590 pedes
979 1551 1159 1590 accipitur:
1183 1551 1313 1581 tantum
1336 1552 1446 1581 curato
1457 1572 1466 1589 ,
1482 1551 1521 1580 ut

811 1598 926 1628 neutro
942 1598 1100 1628 frauderis
1115 1597 1257 1627 illorum.
1274 1598 1371 1626 Porro
1386 1596 1475 1626 enim
1490 1596 1522 1626 si

809 1642 876 1679 jam
901 1644 1011 1674 dolore
1028 1643 1172 1682 peccati,
1199 1643 1232 1673 et
1252 1642 1369 1680 judicii
1399 1642 1520 1673 timore

812 1690 1056 1727 compungeris,
1078 1689 1228 1718 veritatis
1245 1688 1429 1726 judiciique
1444 1696 1521 1718 ves-

812 1734 890 1772 tigio
902 1735 987 1764 labia
1001 1735 1208 1772 impressisti.
1225 1734 1350 1772 Quodsi
1367 1734 1519 1764 timorem

813 1780 1019 1818 doloremque
1032 1780 1150 1810 divinae
1163 1780 1287 1810 intuitu
1297 1780 1470 1816 honitatis,
1485 1779 1520 1809 et

812 1833 869 1863 spe
894 1825 1130 1864 consequendae
1156 1825 1370 1862 indulgentia}
1390 1824 1520 1862 tempe*

813 1880 879 1908 ras,
916 1871 1016 1901 etiam
1042 1870 1274 1900 misericordiae
1302 1869 1421 1908 pedem
1450 1877 1520 1898 am-

813 1916 956 1954 plectite
972 1915 1113 1945 noveris.
1129 1915 1280 1953 Alioquin
1296 1915 1435 1944 alterum
1448 1914 1519 1944 sine

813 1963 912 1992 altero
937 1962 1076 1992 osculari
1105 1969 1171 1991 non
1197 1960 1357 1998 expedit:
1384 1960 1461 1998 quia
1485 1961 1520 1991 et

814 2008 992 2038 recordatio
1022 2007 1121 2037 solius
1142 2006 1260 2044 judicii
1289 2005 1325 2035 in
1350 2006 1518 2035 baratrum

812 2053 1048 2092 desperationis
1063 2052 1265 2091 praecipitat,
1281 2052 1315 2081 et
1330 2051 1518 2081 misericor-

812 2100 873 2130 diae
889 2100 989 2129 fallax
1004 2098 1178 2130 assentatio
1190 2098 1365 2137 pessimam
1380 2096 1520 2135 generat

811 2145 1034 2175 securitatem.

851 2191 882 2222 9.
909 2191 1027 2221 Datum
1052 2189 1102 2220 est
1121 2189 1154 2219 et
1178 2188 1261 2219 mihi
1288 2188 1408 2219 misero
1434 2196 1518 2218 non-

812 2245 990 2276 numquam
1014 2237 1128 2267 sedere
1149 2244 1243 2266 secus
1268 2235 1369 2274 pedes
1386 2234 1519 2265 Domini

810 2284 909 2321 Jesu3
927 2285 960 2314 et
982 2283 1077 2313 modo
1094 2283 1198 2320 hunc,
1224 2282 1318 2311 modo
1334 2281 1428 2311 illum
1449 2281 1516 2311 tota

811 2328 985 2359 devotione
1001 2327 1194 2366 complecti,
1222 2328 1255 2357 in
1280 2327 1438 2365 quantum
1464 2334 1518 2356 me

811 2383 868 2405 sua
891 2374 1076 2413 benignitas
1108 2373 1305 2412 dignabatur
1331 2372 1516 2403 admittere.

810 2421 850 2451 At
869 2421 895 2451 si
911 2420 1040 2459 quando
1065 2419 1284 2450 miserationis
1304 2419 1440 2456 oblitus,
1457 2417 1517 2448 sti-

810 2468 955 2497 mulante
964 2466 1180 2504 conscIentia,
1195 2465 1318 2503 judicio
1335 2465 1430 2503 paulo
1443 2464 1518 2493 diu-

810 2513 876 2543 tius
890 2513 1103 2550 inhaererem,
1118 2521 1196 2542 mox
1216 2511 1305 2541 metu
1328 2508 1515 2539 incredibili

810 2567 847 2589 ae
874 2558 1054 2589 miserabili
1082 2557 1270 2593 confusione
1297 2555 1458 2592 dejectus,
1482 2554 1517 2583 et

810 2603 982 2633 tenebroso
1009 2603 1225 2633 circumfusus
1259 2601 1390 2629 horrore
1407 2620 1416 2636 ,
1453 2598 1514 2628 hoc

810 2650 913 2680 solum
921 2649 1081 2688 palpitans
1091 2648 1130 2679 de
1141 2644 1512 2707 profundislcllamabam:
