1810 3073
311 189 372 219 446

306 244 537 276 consideranda
552 246 695 276 continet
711 247 857 277 :scilicet
873 247 1006 276 formam

305 290 515 328 humilitatis,
531 293 777 329 probamentum
801 292 985 321 dilectionis
997 312 1005 327 ,

303 337 539 366 sacramentum
579 337 824 374 redemptionis.
859 337 1004 365 Formam

304 379 496 411 humilitatis
512 381 709 411 demonstrat
724 382 848 419 vagitus
863 381 1003 418 parvuli,

304 425 392 455 locus
403 426 589 464 diversorii,
605 427 774 455 reclinatio
786 426 818 455 in
833 426 1002 464 praesepio,

302 478 481 507 pannorum
503 472 672 501 involutio.
688 471 938 500 Probamentum
954 470 1004 499 di-

304 515 468 553 lectionis,
485 517 537 554 pia
560 524 645 545 mors
661 523 670 544 t
684 524 759 553 quia
775 517 924 553 majorem
953 525 1002 545 ca-

301 562 423 590 ritatem
441 570 526 590 nemo
551 561 662 596 habet,
691 569 784 598 qustm
808 562 842 590 ut
864 562 1001 589 ane'mam

301 614 391 634 suam
414 607 509 643 ponat
532 607 597 643 quis
611 614 665 643 pro
681 607 787 635 amicis
807 606 880 635 suis.
894 605 1003 634 Sacra-

302 652 449 679 mentum
487 650 720 688 redemptionis
752 650 915 688 triplicem
951 659 1002 680 os-

300 694 405 724 tendit
425 695 604 732 potentiam
631 695 770 725 Deitatis
789 703 797 724 :
819 696 942 726 scilicet
960 697 998 726 (le

299 739 403 769 nihilo
418 740 541 778 aliquid
560 741 656 779 tecit,
671 741 889 771 inveteratum
907 742 1000 772 inno—

299 785 390 815 vavit
399 806 409 823 ‚
422 787 599 825 temporale
615 787 836 826 perpetuavit.

493 903 660 937 SEmIO
685 905 803 938 CXX.

338 976 572 1006 thsrfimum
616 976 838 1006 ministrorum
879 977 996 1007 Christi

297 1021 417 1059 triplex
435 1022 481 1051 est
494 1029 503 1050 :
518 1021 702 1060 servitutis,
717 1022 878 1061 caritatis,
892 1023 999 1060 digni-

297 1067 386 1096 tatis.
407 1066 623 1096 ministerium
643 1067 828 1106 servitutis,
855 1069 997 1106 corporis

297 1112 463 1149 castigatio
487 1120 495 1141 :
519 1113 679 1151 caritatis,
704 1114 822 1143 mentis
846 1113 996 1152 devoti03

297 1156 480 1195 dignitatis,
498 1158 641 1195 corporis
656 1158 772 1188 Christi
786 1160 995 1189 consecratio.

296 1203 441 1232 Primum
457 1203 491 1233 fit
508 1203 540 1233 in
554 1203 750 1241 afflictione,
765 1205 940 1234 secundum
962 1206 995 1235 in

297 1248 481 1286 hilaritate,
502 1248 636 1278 tertium
657 1249 691 1278 in
709 1249 904 1280 humilitate.
927 1251 997 1280 Pri-

297 1302 387 1324 mum
403 1295 451 1324 est
461 1294 651 1324 sacrificium
665 1295 789 1324 timoris
799 1316 807 1332 ‚
818 1296 996 1326 secundum

296 1339 416 1371 amoris
426 1362 436 1379 ,
448 1339 581 1370 tertium
597 1339 712 1370 laudis.

474 1451 642 1483 SEmlO
673 1451 814 1485 CXXI.

336 1520 375 1548 IN
391 1518 499 1548 schola
514 1517 629 1547 Christi
650 1526 777 1556 sumus,
802 1517 836 1547 in
856 1526 918 1556 qua
934 1518 994 1548 du-

296 1565 375 1604 plici
391 1563 535 1593 doctrina
550 1563 733 1592 erudimurz
747 1563 819 1601 quia
835 1564 922 1593 atiud
936 1572 993 1602 per

295 1611 439 1648 seipsum
455 1609 509 1638 ille
526 1616 607 1638 unus
622 1609 655 1638 et
670 1616 764 1638 verus
775 1609 921 1646 Magister
937 1610 993 1639 do-

298 1657 369 1694 cet,
385 1654 472 1684 aliud
486 1662 545 1692 per
559 1654 732 1684 ministros.
758 1655 818 1683 Per
831 1655 993 1685 ministros

296 1703 466 1737 timore1n3
501 1707 558 1737 per
596 1699 737 1737 seipsum
772 1700 991 1730 dilectionem.

298 1747 388 1778 Unde
401 1745 571 1775 deficiente
583 1746 658 1774 vino
673 1745 820 1783 praecipit
832 1746 994 1788 ministros

296 1793 434 1831 implere
458 1791 586 1829 hydrias
599 1799 679 1828 aqua
693 1799 700 1819 ε
719 1792 751 1820 et
766 1791 870 1821 adhuc
887 1793 995 1830 quoti-

297 1839 351 1869 die
389 1836 617 1875 refrigescente
659 1836 812 1874 caritate,
854 1838 993 1868 ministri

297 1883 414 1915 Christi
438 1882 574 1919 implent
598 1881 729 1920 hydrias
753 1890 855 1920 aqua,
875 1883 906 1912 id
929 1885 993 1922 est,

295 1932 422 1962 mentes
443 1928 609 1958 hominum
628 1928 756 1957 timore.
779 1929 816 1958 Et
841 1928 924 1958 bene
937 1938 995 1966 per

297 1983 412 2014 aquam
440 1974 536 2003 timor
561 1972 755 2010 intelligitur
777 1981 785 2001 z
811 1974 885 2011 quia
912 1974 994 2003 sicut

296 2028 378 2059 aqua
394 2019 520 2057 ignem,
543 2017 588 2047 ita
612 2017 707 2047 timor
723 2018 898 2056 exstinguit
921 2019 995 2048 tihi-

297 2065 426 2096 dinein:
444 2066 477 2094 et
491 2064 574 2093 sicut
589 2071 670 2100 aqua
685 2063 792 2093 sordes
808 2071 993 2103 corporum,

297 2112 341 2141 ita
354 2112 449 2141 timor
463 2109 573 2140 sordes
590 2110 704 2146 purgat
721 2108 914 2138 animorum.
932 2111 995 2138 lin-

295 2157 442 2194 pleamus
458 2163 533 2193 ergo
549 2162 630 2192 aqua
657 2155 715 2183 ista
735 2154 881 2191 hydrias,
900 2155 928 2184 id
947 2157 994 2185 est

296 2204 422 2231 mentes
447 2202 591 2230 nostras:
610 2199 682 2237 quia
709 2199 762 2236 qui
780 2199 890 2237 timet,
912 2201 993 2230 nihil

296 2246 432 2284 neglIgit
447 2254 454 2274 ε
471 2247 503 2275 et
515 2246 597 2274 bene
614 2246 729 2283 plenus
742 2246 806 2283 est,
823 2246 876 2275 uhi
894 2247 995 2284 negli-

297 2291 404 2330 gentia
420 2290 534 2319 cadere
549 2298 611 2318 non
622 2291 739 2327 potest.
751 2290 811 2320 Sed
827 2291 902 2329 quia
915 2299 995 2329 aqua

297 2336 424 2373 gravat,
449 2334 483 2364 id
509 2336 575 2372 est,
599 2335 695 2364 timor
721 2343 847 2372 poenam
879 2337 996 2374 habet3

298 2379 516 2410 accedendum
544 2379 591 2408 est
617 2380 656 2408 ad
679 2388 752 2408 euin
779 2381 833 2418 qui
861 2381 900 2410 de
916 2390 996 2419 aqua

298 2426 411 2455 vinum
424 2424 521 2460 facit,
535 2423 568 2452 id
584 2425 629 2452 cst
642 2446 650 2460 ,
668 2425 815 2454 timorem
837 2427 996 2463 poenalem

296 2472 332 2500 in
358 2477 499 2499 amorem
517 2469 696 2497 convertit:
715 2470 749 2498 ut
766 2471 877 2499 audire
894 2472 997 2509 possi-

297 2525 370 2546 )nus
384 2514 467 2553 quod
480 2514 547 2552 ipse
561 2513 599 2542 de
612 2513 785 2543 dilectione
796 2515 900 2544 docet.
912 2517 998 2547 Dicit:

299 2562 386 2590 enim
403 2570 411 2590 :
426 2562 488 2590 Hoc
502 2561 544 2589 est
558 2560 737 2597 proeceptum
753 2568 849 2588 mcum
861 2581 869 2595 ‚
882 2563 914 2590 ut
929 2562 997 2590 diti-

301 2609 378 2645 qsitz's
393 2608 526 2636 incitem.
542 2604 636 2641 Quasi
661 2603 782 2634 diceret
799 2605 916 2634 :Multa
939 2614 998 2643 per

785 195 816 221 S.
837 192 1070 221 BERNARDI
1089 195 1280 225 ABBATIS

1042 246 1204 277 ministros
1218 249 1389 287 praecipio,
1405 250 1462 281 sed
1477 251 1537 281 hoc
1552 253 1737 291 specialiter

1041 298 1099 327 per
1124 293 1282 331 meipsum
1306 297 1506 326 commendo.
1525 298 1563 328 Et
1588 299 1739 331 alibi:In

1040 335 1094 365 hoc
1107 342 1281 375 coquoscem
1292 349 1413 377 omncs,
1429 344 1501 380 quia
1517 345 1576 373 mei
1589 346 1657 375 estis
1677 347 1737 376 dis-

1040 381 1142 417 cipuli,
1149 383 1176 412 si
1183 384 1366 414 dilectionem
1375 386 1539 418 habueritis
1551 390 1589 418 acl
1600 391 1737 421 invicem.

1041 425 1076 454 Ut
1093 433 1166 464 ergo
1178 428 1324 458 veritatis
1335 437 1391 460 nos
1403 432 1574 470 discipulos
1581 444 1650 464 esse
1664 445 1736 473 pro-

1039 470 1167 509 bemus,
1193 473 1365 511 diligamus
1391 476 1543 508 invicem.
1573 481 1609 509 Et
1626 481 1658 510 in
1675 482 1735 511 hac

1038 515 1210 548 dilectione
1234 519 1355 557 triplici
1381 521 1596 554 sollicitudine
1620 526 1736 564 vigite-

1036 569 1105 591 mus
1122 571 1130 590 :
1147 562 1222 600 quia
1243 566 1326 594 Deus
1350 567 1466 597 caritas
1479 570 1532 597 est.
1554 569 1590 598 Et
1605 579 1734 600 omnem

1034 607 1285 639 sollicitudinem
1311 611 1452 640 nostram
1477 613 1525 641 illi
1552 614 1733 647 debemus:

1034 652 1064 682 id
1083 655 1148 691 est,
1164 655 1199 684 ut
1220 656 1388 694 nascatur,
1409 658 1445 687 ut
1459 660 1601 697 crescat,
1614 661 1650 690 ut
1664 670 1734 692 ser-

1034 700 1139 729 vetur.
1158 701 1316 739 Nascitur,
1326 702 1352 730 si
1369 702 1529 733 cibaveris
1546 704 1732 746 inimicum,

1033 745 1058 773 si
1074 746 1184 782 potum
1206 746 1334 777 dederis
1359 748 1388 777 ei
1406 756 1414 777 :
1431 749 1506 786 quia
1531 750 1591 779 hoc
1613 750 1734 783 faciens

1032 790 1176 821 carbones
1189 793 1265 830 iqui's
1279 801 1420 831 conqeres
1440 803 1531 832 super
1552 798 1642 834 capul
1656 798 1732 835 ejus.

1031 835 1188 866 Carbones
1211 837 1311 876 ignis,
1341 847 1438 876 opera
1463 841 1537 870 sunt
1562 842 1730 873 caritatis:

1031 889 1101 917 quae
1121 883 1336 920 congeruntur
1356 892 1454 921 super
1475 885 1656 925 diabolum,
1673 887 1731 926 qui

1031 926 1079 955 est
1094 927 1190 964 caput
1200 928 1342 957 omnium
1355 929 1559 967 iniquorum:
1572 933 1608 961 ut
1623 933 1730 963 ablato

1031 978 1068 999 eo
1083 973 1231 1001 nascatur
1245 973 1292 1003 eis
1308 976 1405 1012 caput
1418 976 1520 1013 Deus,
1539 978 1595 1015 qui
1612 979 1730 1009 caritas

1030 1016 1089 1045 est.
1115 1016 1252 1056 Crescit,
1278 1019 1304 1048 si
1340 1020 1566 1051 necessitatem
1590 1025 1728 1061 patienti

1029 1061 1276 1101 subveneris,si
1291 1065 1414 1094 volenti
1436 1067 1582 1097 mutuare
1603 1070 1729 1106 praesti-

1030 1107 1106 1136 teris
1115 1128 1124 1144 ,
1135 1108 1162 1137 si
1176 1109 1280 1139 amico
1289 1110 1433 1140 animum
1446 1112 1538 1141 tuum
1551 1115 1726 1151 aperueris.

1029 1152 1199 1192 Servatur,
1225 1154 1252 1185 si
1272 1155 1432 1193 loquendo
1461 1157 1513 1187 vel
1541 1159 1728 1190 exhibendo

1030 1199 1126 1228 etiam
1151 1208 1222 1238 quae
1255 1209 1321 1230 non
1348 1201 1499 1231 videntur
1529 1205 1726 1244 necessaria,

1029 1244 1203 1275 amicorum
1218 1246 1377 1276 voluntati
1393 1247 1596 1279 satisfeceris.
1613 1250 1727 1282 Serva-

1030 1290 1081 1318 tur
1096 1290 1193 1319 etiam
1209 1292 1241 1321 et
1253 1293 1388 1329 augetur
1413 1292 1496 1322 bono
1511 1295 1604 1324 vultu
1615 1316 1624 1332 ,
1637 1297 1725 1327 dulci

1028 1342 1173 1365 sermone
1186 1357 1195 1373 ,
1210 1336 1306 1366 hilari
1329 1338 1516 1375 operatione
1531 1348 1539 1368 ε
1557 1341 1591 1369 ut
1610 1342 1727 1373 carita-

1028 1383 1111 1422 tem,
1128 1393 1223 1422 quam
1246 1386 1355 1415 vultus
1378 1387 1410 1416 et
1429 1396 1533 1418 sermo
1557 1389 1727 1432 indicant,

1028 1428 1079 1465 pia
1097 1429 1129 1458 et
1152 1430 1263 1459 hilaris
1279 1432 1423 1468 operatio
1443 1433 1609 1465 confirmet
1625 1446 1633 1466 ε
1651 1439 1726 1477 quia

1028 1475 1189 1506 exhibitio
1215 1478 1321 1515 operis
1348 1478 1495 1515 probatio
1519 1482 1566 1511 est
1582 1481 1728 1514 dilectio-

1027 1529 1086 1550 nis.

1194 1610 1362 1645 smum
1391 1613 1549 1649 CXXII.

1070 1687 1115 1715 Τιι
1127 1688 1228 1716 autem
1240 1697 1309 1717 cum.
1317 1688 1504 1726 jejunae-eris
1513 1711 1522 1728 ,
1547 1701 1625 1732 unqe
1636 1698 1727 1734 capue

1027 1732 1152 1761 tuamet
1178 1733 1288 1770 faciem
1317 1736 1402 1763 tuam
1426 1735 1506 1765 lava.
1526 1738 1592 1768 Hoc
1614 1743 1724 1770 autem

1028 1775 1112 1806 dixit
1125 1778 1279 1808 Dominus
1293 1780 1426 1816 propter
1447 1780 1569 1819 duplex
1590 1784 1724 1825 vitium,

1028 1830 1117 1852 vanae
1145 1823 1252 1860 gloriae
1281 1825 1427 1863 scilicet,
1443 1827 1476 1856 et
1496 1827 1725 1869 impatientiae,

1028 1868 1112 1905 quod
1136 1869 1218 1898 solet
1239 1868 1423 1906 jejunantes
1447 1872 1648 1905 subvertere.
1665 1877 1726 1907 Per

1030 1914 1088 1943 hoe
1103 1914 1185 1951 quod
1197 1914 1289 1950 jubet
1305 1915 1419 1944 taciem
1434 1916 1562 1956 lavare,
1578 1922 1724 1960 praecipit

1029 1959 1118 1988 nobis
1135 1959 1346 1989 intentionem
1360 1969 1473 1998 puram
1485 1971 1612 1995 servare
1627 1968 1724 2005 :quia

1029 2004 1112 2033 sicut
1133 2005 1228 2034 decor
1243 2006 1385 2043 corporis
1400 2007 1433 2036 in
1449 2007 1530 2038 facie
1541 2030 1550 2046 ‚
1568 2010 1612 2040 ita
1628 2012 1725 2043 decor

1030 2050 1125 2079 totins
1153 2051 1351 2087 operationis
1381 2051 1496 2082 animae
1521 2056 1667 2087 consistit
1691 2057 1724 2088 in

1031 2094 1222 2125 intentione.
1238 2096 1297 2126 Per
1315 2097 1501 2127 unctionem
1516 2100 1646 2140 capitiS,
1662 2111 1724 2141 qua

1029 2141 1112 2177 qnmt
1141 2148 1289 2177 asperum
1319 2143 1387 2171 erat
1412 2142 1549 2184 lenitur,
1578 2148 1726 2186 praecipit

1029 2186 1724 2225 nohislenitateminentisinjejuniotenere.

1032 2232 1110 2260 vura
1137 2231 1198 2261 erit
1224 2231 1359 2261 intentio
1373 2254 1383 2270 ,
1396 2233 1422 2262 si
1439 2233 1473 2262 in
1494 2236 1581 2264 omni
1599 2237 1725 2268 actione

1029 2278 1134 2306 nostra
1148 2277 1203 2306 aut
1219 2277 1373 2307 honorem
1390 2278 1468 2315 Dei,
1481 2280 1536 2309 aut
1550 2281 1725 2315 utilitatem

1030 2321 1188 2360 proximi,
1203 2322 1259 2350 aut
1275 2322 1390 2352 bonam
1410 2324 1639 2355 conscientiam
1654 2335 1727 2357 nos-

1030 2368 1113 2397 tram
1140 2374 1331 2406 quaeramus.

1190 2489 1357 2523 SERMO
1387 2490 1571 2524 CXXIII.

1073 2563 1102 2592 l.
1115 2564 1229 2602 Spiritu
1244 2564 1417 2602 ambulate,
1431 2567 1460 2595 ct
1470 2566 1615 2596 desideria
1628 2566 1728 2595 carnis

1032 2616 1091 2637 non
1102 2610 1270 2646 perficietis.
1284 2610 1365 2640 Sunt
1379 2610 1432 2648 qui
1442 2617 1537 2641 carne
1549 2609 1728 2647 ambulant,
