1846 3078
240 282 375 316 sundere
389 282 522 324 cupiens
531 307 540 323 ‚
552 292 616 316 non
630 285 796 318 inveniret
807 286 862 324 qui
878 293 934 315 cu-

239 331 325 361 raret
339 331 451 362 audire
464 340 472 360 :
488 332 577 362 etsie
591 332 682 370 quasi
694 331 784 361 oneri
799 339 855 360 sua
870 330 933 359 sibi

239 376 373 407 scientia
387 377 476 416 erat,
498 386 596 416 quam
610 376 849 407 communicare
870 382 934 403 non

238 422 375 459 poterat.
401 422 526 460 Plangit
551 423 660 459 itaque
684 421 757 458 pius
783 419 934 448 Ecclesiae

238 466 365 505 doctor,
381 468 448 497 tam
463 467 535 496 illos
550 467 605 504 qui
623 465 707 495 scire
723 465 935 494 contemnunt

236 512 397 549 quomodo
411 512 453 541 sit
464 511 640 541 vivendum
651 531 660 546 ,
675 518 772 547 quam
794 509 866 538 illos
878 508 931 547 qui

237 556 397 595 scientes,
412 556 497 586 male
518 555 732 585 nihilominus
751 554 880 584 vivunt.
897 555 934 584 Et

236 601 298 632 hoc
326 611 383 641 pro
408 610 446 631 eo
467 600 552 638 quod
577 600 728 629 eumdem
754 608 933 630 sermonem

235 647 396 685 Propheta
411 646 541 683 repetit.

275 692 306 721 5.
319 691 510 720 Advertisne
519 689 587 726 jam
595 697 691 727 quam
703 696 817 719 verum
832 690 933 720 sensit

235 737 402 775 Apostolus
414 756 423 772 ,
452 735 529 773 quia
556 736 684 765 scientia
711 734 825 772 inflat?
855 735 933 764 Volo

234 781 372 820 proinde
395 780 534 810 animam
555 780 659 818 primo
684 780 828 810 omnium
850 780 932 810 scire

234 827 373 864 seipsam
382 847 392 863 ,
406 826 492 863 quod
503 825 538 855 id
551 826 693 863 postulet
706 826 788 854 ratio
803 825 834 854 et
846 825 934 855 utili-

233 873 327 906 tatis,
353 872 386 901 et
414 870 548 900 ordinis.
574 871 613 899 Et
637 870 760 900 ordinis
782 870 931 908 quidem,

234 915 385 954 quoniam
405 915 492 953 quod
512 923 570 945 nos
589 923 700 945 sumus
720 915 862 952 primum
885 916 933 944 est

233 960 324 990 nobis
337 969 345 997 3
358 959 509 990 utilitatis
521 968 598 989 vero
608 981 617 997 ,
629 959 705 998 quia
715 959 790 989 talis
798 958 932 988 scientia

233 1013 298 1035 non
322 1005 432 1042 inflat,
455 1005 513 1035 sed
538 1004 708 1042 humiliat,
725 1005 758 1034 et
777 1005 825 1034 est
845 1013 933 1042 quae-

234 1050 306 1080 dam
332 1050 523 1089 praeparatio
547 1050 588 1079 ad
609 1049 844 1079 aedificandum.
866 1049 932 1078 Nisi

234 1096 322 1126 enim
346 1104 445 1134 super
468 1094 664 1125 humilitatis
680 1094 796 1124 stabile
818 1093 933 1123 funda-

233 1142 395 1179 mentum,
407 1141 576 1179 spirituale
585 1140 759 1170 aedificium
773 1140 858 1169 stare
871 1139 932 1168 mi-

233 1187 320 1216 nime
334 1188 451 1225 potest.
466 1187 563 1216 Porro
582 1185 623 1215 ad
643 1193 676 1215 se
695 1184 931 1214 humiliandum

233 1232 317 1261 nihil
342 1233 449 1262 anima
472 1231 621 1261 invenire
638 1230 784 1260 vivacius
807 1238 865 1259 seu
879 1238 933 1259 ac—

235 1278 466 1308 commodatius
480 1277 602 1315 potest,
618 1284 715 1314 quam
735 1275 763 1305 si
778 1284 811 1305 se
828 1276 862 1304 in
877 1284 932 1305 ve-

232 1322 331 1353 ritate
346 1323 511 1353 invenerit
526 1331 534 1351 :
551 1323 678 1352 tantum
702 1329 766 1351 non
781 1321 933 1351 dissimu-

232 1368 296 1406 let,
310 1369 424 1398 nonsit
435 1369 469 1398 in
483 1368 600 1407 spiritu
612 1368 683 1405 ejus
690 1367 782 1397 dolus
791 1389 801 1405 ,
813 1369 931 1399 statuat

233 1421 268 1443 se
282 1415 358 1443 ante
374 1414 491 1443 faciem
509 1422 615 1451 suam,
631 1422 691 1443 nec
706 1422 739 1443 se
756 1421 774 1442 a
788 1421 822 1443 se
838 1422 931 1443 aver-

230 1459 304 1488 1010
329 1459 517 1488 abducatur.
540 1459 650 1488 Nonne
672 1466 705 1487 se
731 1459 776 1487 ita
800 1458 931 1488 intuens

234 1504 321 1533 clara
335 1504 408 1533 luce
423 1503 591 1540 veritatis,
607 1503 754 1533 inveniet
774 1511 807 1532 se
829 1503 863 1532 in
878 1512 931 1533 re·

229 1549 329 1586 igione
363 1548 637 1579 dissimilitudinis
664 1556 672 1576 :
703 1549 736 1578 01
768 1549 931 1586 suspirans

232 1593 368 1631 misera,
393 1602 489 1631 quam
509 1593 576 1629 jam
599 1593 702 1623 latere
723 1601 787 1623 non
812 1594 931 1631 poterit

232 1638 318 1676 quod
330 1647 408 1668 vere
423 1638 539 1668 misera
555 1639 612 1675 sit,
635 1646 744 1667 nonne
762 1647 835 1666 cum
855 1639 931 1667 Pro-

232 1682 331 1720 pheta
344 1682 495 1712 clamabit
504 1682 544 1711 ad
555 1680 744 1711 Dominum:
758 1684 794 1711 ln
808 1684 931 1712 veritate

233 1729 287 1757 ἰιια
307 1728 476 1758 humiliasti
494 1727 562 1757 me?
583 1728 661 1757 Nam
683 1727 840 1765 quomodo
867 1736 930 1757 non

233 1781 310 1803 vere
318 1773 545 1803 humiliabitur
553 1773 586 1802 111
595 1773 654 1802 bac
664 1781 740 1801 vera
749 1773 930 1810 cognitione

232 1819 302 1857 sui,
315 1827 388 1849 cum
401 1827 434 1848 se
446 1819 631 1857 perceperit
642 1819 804 1848 oneratam
817 1828 932 1857 pecca-

232 1864 290 1902 tis,
306 1865 390 1895 mole
404 1865 499 1902 huius
510 1864 652 1894 mortalis
664 1864 805 1902 corporis
820 1873 932 1902 aggra-

232 1910 362 1947 vatam,
382 1910 521 1940 terrenis
541 1909 723 1939 intricatam
744 1909 848 1946 curis,
865 1918 931 1938 car-

231 1956 357 1985 nalium
385 1955 622 1985 desideriorum
651 1954 729 1984 faece
759 1954 929 1993 infectam,

233 2008 368 2038 caecam,
381 2008 510 2030 curvam
522 2022 530 2038 ,
546 2000 719 2037 infirmam,
738 2000 930 2037 implicitam

232 2047 343 2076 multis
353 2046 514 2076 erroribus
524 2068 533 2083 ,
546 2046 727 2084 expositam
739 2046 828 2075 mille
843 2047 931 2083 peri-

233 2091 331 2128 culis,
343 2091 433 2120 mille
450 2091 619 2120 timoribus
633 2090 795 2128 trepidam
809 2112 818 2128 ,
840 2091 929 2120 mille

233 2135 478 2167 difficultatibus
492 2136 643 2173 anxiam,
664 2136 754 2166 mille
774 2136 930 2174 suspicio-

231 2180 329 2210 nibus
357 2182 529 2211 obnoxiam
542 2204 551 2220 ,
573 2181 664 2211 mille
684 2182 930 2211 necessitatibus

232 2233 460 2263 aerumnosam,
476 2226 652 2264 proclivem
665 2227 705 2255 ad
721 2227 821 2263 vitia,
837 2227 930 2255 inva-

231 2270 332 2300 lidam
345 2271 384 2300 ad
394 2271 550 2301 virtutes?
561 2271 650 2301 Unde
661 2271 737 2300 huic
747 2271 813 2308 jam
829 2272 930 2301 extol-

232 2315 336 2345 lentia
359 2316 542 2354 oculorum,
569 2316 654 2346 unde
680 2316 789 2346 levare
811 2316 930 2354 caput?

231 2360 343 2391 Nonne
368 2361 469 2398 magis
494 2362 703 2391 convertetur
729 2362 763 2391 in
787 2370 929 2392 aerumna

231 2414 289 2436 sua
298 2428 307 2445 ,
320 2406 396 2436 dum
405 2406 573 2444 configitur
581 2407 690 2444 spina?
701 2407 928 2444 Convertetur,

231 2450 383 2490 inquam,
409 2451 450 2481 ad
469 2453 643 2489 lacrymas,
665 2453 873 2482 convertetur
891 2453 929 2481 ad

231 2498 380 2537 planctus
408 2497 441 2527 et
467 2497 604 2535 gemitus
615 2518 623 2532 ,
658 2498 865 2527 convertetur
891 2498 928 2527 ad

230 2543 421 2580 Dominum,
443 2543 476 2573 et
496 2542 531 2571 in
552 2541 736 2571 humilitate
751 2542 927 2571 clamabit:

233 2589 320 2619 Sana
337 2590 476 2619 animam
495 2596 614 2625 meam,
634 2587 707 2625 quia
725 2588 847 2625 peccavi
864 2587 928 2616 tibi.

231 2632 327 2664 Porro
354 2641 505 2664 conversa
531 2632 568 2662 ad
596 2631 766 2663 Dominum
792 2631 928 2669 recipiet

713 234 744 262 S.
768 232 1002 262 BERNARD!
1027 233 1217 274 ABBATis

968 286 1234 325 consolationem,
1254 286 1329 326 quia
1350 288 1443 318 Pater
1462 289 1511 319 est
1533 288 1664 321 miserim

968 330 1161 368 cordiarum,
1173 332 1206 361 et
1216 333 1301 363 Deus
1314 334 1410 363 totius
1425 335 1662 367 consolationis.

1007 375 1038 405 6.
1064 377 1127 413 Ego
1151 378 1303 414 quamdiu
1324 378 1358 408 in
1378 387 1430 408 me
1452 380 1609 419 respicio,
1629 382 1664 411 in

968 420 1182 450 amaritudine
1209 424 1350 452 moratur
1369 424 1481 453 oculus
1505 433 1608 454 meus.
1631 425 1665 454 Si

969 466 1077 495 autem
1091 475 1268 504 suspexero
1284 468 1318 497 et
1333 469 1483 499 levavero
1499 472 1608 500 oculos
1623 471 1663 500 ad

969 510 1087 541 divinae
1108 512 1326 541 miserationis
1347 514 1672 553 auxilium3te1npe-

968 556 1053 585 rabit
1073 565 1151 586 mox
1171 565 1313 585 amaram
1327 557 1486 588 visionem
1500 561 1566 590 mei
1582 561 1664 591 visio

968 601 1040 630 laeta
1054 602 1127 639 Dei,
1140 602 1233 631 cuiet
1247 602 1393 632 dicotAd
1406 604 1549 641 meipsum
1557 607 1664 634 anima

969 656 1035 676 mea
1047 647 1229 677 conturbata
1241 649 1297 683 est,
1311 649 1471 685 propterea
1485 657 1601 678 *memor
1612 658 1663 679 ero

968 694 1022 721 tui.
1044 694 1108 722 Nec
1131 692 1303 722 mediocris
1326 692 1386 721 Dei
1407 692 1509 731 visio,
1524 694 1614 731 pium
1631 697 1663 723 et

967 737 1207 775 deprecabilem
1237 737 1380 775 experiri
1397 759 1406 774 ,
1442 738 1526 767 sicut
1551 747 1666 768 revera

968 782 1126 821 benignus
1148 784 1181 813 et
1201 782 1384 812 misericors
1399 782 1466 819 051,
1483 784 1515 812 et
1530 784 1662 821 praesta-

967 828 1042 857 bilis
1052 836 1149 866 super
1159 828 1300 857 malitia:
1314 828 1435 866 quippe
1449 827 1539 864 cujus
1549 830 1661 858 natura

967 872 1109 910 bonitas,
1131 874 1164 903 01
1185 872 1236 902 0111
1258 873 1423 910 proprium
1445 874 1494 903 est
1514 873 1663 903 misereri

967 927 1094 956 semper
1110 919 1143 948 et
1160 926 1305 956 parcere.
1321 918 1388 947 Tali
1404 918 1515 956 itaque
1531 919 1665 956 experi-

968 964 1075 992 mento
1092 963 1124 992 et
1132 963 1189 993 tali
1203 963 1316 992 ordine
1328 962 1502 992 salubriter
1517 963 1663 993 innotes-

967 1008 1012 1037 cit
1026 1008 1113 1038 Deus
1123 1029 1132 1045 ,
1148 1016 1221 1037 cum
1236 1008 1326 1045 prius
1336 1015 1370 1037 se
1382 1007 1478 1036 homo
1493 1009 1619 1038 noverit
1630 1009 1663 1037 111

966 1054 1159 1083 necessitate
1187 1052 1327 1090 positum
1340 1073 1350 1089 ,
1381 1053 1414 1081 01
1443 1051 1596 1081 clamabit
1623 1053 1663 1082 ad

966 1099 1139 1129 Dominum
1150 1120 1159 1136 ,
1177 1099 1209 1128 et
1225 1097 1378 1127 exaudiet
1393 1105 1487 1135 eum,
1501 1099 1534 1127 et
1550 1097 1637 1128 dicet
1657 1106 1666 1127 :

966 1146 1086 1174 Eruam
1111 1147 1159 1181 te,
1185 1146 1212 1173 et
1238 1143 1452 1181 honorificabis
1476 1152 1536 1172 me.
1558 1143 1662 1181 Atque

967 1190 1026 1219 hoc
1042 1190 1135 1220 modo
1156 1190 1219 1219 erit
1239 1189 1354 1227 gradus
1375 1188 1415 1218 ad
1434 1188 1582 1218 notitiam
1603 1189 1664 1219 Dei

967 1235 1106 1273 cognitio
1120 1235 1169 1264 tui
1186 1242 1194 1262 z
1209 1236 1243 1263 et
1255 1242 1297 1263 ex
1308 1234 1448 1271 imagine
1459 1242 1514 1263 sua
1524 1254 1533 1270 ,
1545 1242 1616 1271 quae
1628 1233 1663 1263 in

966 1281 998 1309 te
1021 1280 1210 1317 renovatur,
1233 1280 1301 1317 ipse
1323 1279 1510 1316 videbitur,
1529 1279 1605 1308 dum
1628 1280 1664 1309 tu

965 1325 1097 1363 quidem
1117 1325 1262 1354 revelata
1282 1324 1364 1353 facie
1380 1324 1514 1362 gloriam
1535 1325 1664 1354 Domini

966 1379 1039 1399 cum
1069 1370 1186 1399 fiducia
1213 1370 1408 1408 speculando
1419 1391 1427 1406 ,
1454 1369 1488 1398 in
1517 1370 1664 1399 eamdem

966 1415 1140 1453 imaginem
1161 1414 1398 1444 transformaris
1414 1414 1452 1444 de
1468 1415 1614 1444 claritate
1630 1416 1664 1445 in

966 1461 1161 1497 claritatem,
1176 1461 1340 1497 tamquam
1353 1467 1371 1488 a
1384 1460 1513 1489 Domini
1528 1459 1664 1497 Spiritu.

1005 1506 1034 1535 7.
1049 1505 1112 1534 Sed
1122 1505 1190 1542 jam
1202 1505 1332 1534 demum
1341 1505 1475 1534 adverte
1484 1527 1494 1542 ,
1505 1506 1664 1543 quomodo

965 1551 1100 1588 utraque
1123 1550 1262 1588 cognitio
1288 1550 1329 1579 sit
1344 1550 1405 1579 tibi
1426 1550 1609 1580 necessaria
1624 1551 1664 1579 ad

965 1596 1120 1633 salutem,
1147 1596 1191 1624 ita
1209 1596 1253 1625 ,31
1275 1596 1392 1624 neutra
1420 1603 1528 1624 carere
1554 1596 1662 1624 valeas

966 1649 1038 1670 cuin
1054 1641 1169 1670 salute.
1186 1641 1264 1669 Nam
1276 1640 1301 1669 si
1319 1640 1444 1677 ignoras
1459 1642 1491 1669 te
1502 1661 1511 1675 ,
1525 1648 1591 1669 non
1608 1640 1664 1669 ha-

966 1686 1056 1715 bebis
1067 1686 1217 1715 timorem
1232 1685 1291 1714 Dei
1305 1685 1338 1713 in
1349 1687 1400 1721 te,
1417 1692 1481 1713 non
1497 1684 1664 1714 humilita-

965 1733 1043 1761 tem.
1065 1732 1113 1760 An
1133 1738 1209 1759 vero
1231 1730 1300 1760 sine
1316 1730 1432 1760 timore
1454 1730 1513 1759 Dei
1536 1731 1568 1759 et
1592 1730 1662 1760 sine

966 1776 1149 1806 humilitate
1170 1776 1212 1805 de
1235 1776 1337 1805 salute
1353 1784 1543 1813 praesumas,
1564 1776 1598 1805 tu
1613 1776 1665 1805 vi-

966 1822 1062 1851 deris.
1084 1822 1170 1850 Bene
1189 1821 1310 1851 fecistis
1326 1821 1527 1859 grunniendo
1545 1821 1664 1858 signifi-

966 1876 1054 1904 care,
1071 1866 1155 1904 quod
1175 1866 1310 1896 minime
1333 1867 1378 1895 ita
1400 1866 1549 1904 sapiatis,
1565 1867 1663 1895 immo

966 1912 1048 1950 quod
1063 1920 1129 1941 non
1146 1912 1191 1941 ita
1211 1911 1395 1949 desipiatis,
1411 1919 1452 1940 ne
1474 1911 1508 1940 in
1524 1920 1561 1941 eo
1578 1912 1664 1949 quod

965 1958 1098 1994 planum
1113 1957 1161 1986 est
1182 1956 1402 1985 immoremur.
1424 1956 1487 1985 Sed
1506 1956 1663 1986 attendite

965 2005 1090 2032 caetera.
1107 2002 1154 2030 An
1170 2002 1276 2039 potius
1290 2001 1491 2039 pausandum
1508 2001 1557 2030 est
1570 2001 1663 2030 nobis

965 2048 1096 2085 propter
1109 2045 1344 2076 somnolentos?
1355 2046 1507 2075 Putabam
1527 2054 1579 2075 me
1599 2054 1663 2075 uno

965 2100 1111 2122 sermone
1131 2091 1269 2129 implere
1290 2090 1376 2129 quod
1391 2090 1523 2127 promisi
1544 2090 1583 2120 de
1603 2090 1663 2119 du-

964 2137 1040 2174 plici
1056 2136 1252 2174 ignorantia:
1266 2137 1297 2165 01
1312 2135 1479 2172 fecissem,
1495 2134 1664 2164 1115113511-

965 2183 1060 2212 diosis
1069 2181 1192 2219 longior
1201 2181 1381 2210 videretur.
1392 2179 1553 2216 Quosdam
1563 2179 1664 2216 siqui-

965 2228 1036 2256 dem
1049 2227 1221 2256 oscitantes
1230 2247 1240 2263 ,
1249 2225 1402 2263 quosdam
1411 2225 1443 2254 et
1453 2223 1663 2253 dormitantes

965 2272 1104 2301 intueor.
1122 2271 1183 2299 Nec
1200 2271 1319 2298 mirum
1334 2277 1342 2297 z
1360 2268 1573 2306 praecedentis
1587 2276 1665 2297 noc-

964 2316 1003 2345 tis
1020 2313 1368 2352 x·igilize⁴(longissimae
1379 2313 1499 2351 quippe
1512 2312 1663 2351 fuerunt)

965 2362 1120 2391 excusant
1137 2368 1201 2389 eos.
1216 2360 1335 2388 Verum
1355 2358 1420 2388 illis
1439 2357 1519 2395 quid
1535 2357 1640 2386 dicam
1654 2378 1666 2395 ‚

963 2407 1017 2445 qui
1027 2407 1059 2436 et
1070 2407 1146 2435 tunc
1161 2405 1379 2442 dormierunt,
1392 2404 1425 2433 et
1436 2403 1529 2432 modo
1543 2403 1664 2432 nihilo-

965 2453 1070 2482 minus
1090 2449 1273 2480 dormiunt?
1288 2450 1351 2479 Sed
1374 2456 1439 2479 non
1460 2456 1558 2486 pergo
1576 2455 1661 2476 nunc

964 2497 1099 2527 ulterius
1111 2496 1277 2534 exagitare
1288 2494 1519 2525 verecundiam
1532 2499 1660 2523 eorum:

963 2542 1081 2572 suflicit
1090 2541 1247 2579 tetigisse.
1257 2540 1336 2570 Puto
1345 2539 1430 2578 quod
1440 2537 1557 2568 melius
1568 2535 1663 2565 dein-

965 2595 1039 2624 ceps
1062 2586 1261 2624 vigilabunt,
1284 2585 1400 2614 nostrae
1428 2579 1661 2629 observationis

965 2632 1141 2661 cauterium
1154 2631 1304 2660 verituri.
1321 2631 1355 2659 ln
1371 2629 1430 2658 hac
1443 2634 1499 2664 spe
1517 2632 1662 2663 gemmus
