1810 3073
279 192 340 224 {38

487 257 657 294 SERMO
682 258 768 294 CV.

299 329 340 355 De
350 328 489 362 requisitis
498 329 534 354 ad
542 328 773 360 justificationem
785 328 812 352 et
823 326 953 351 salutem.

316 385 347 416 i.
361 386 437 417 Duo
451 385 526 416 sunt
536 385 568 415 in
579 384 698 424 quibus
713 381 860 413 consistit
870 381 978 411 nostra

276 432 374 471 salus,
387 431 588 470 justificatio,
604 431 637 460 et
649 427 851 468 glorificatio.
867 426 978 457 Altera

276 479 421 516 initium,
439 478 541 509 altera
554 475 715 515 perfectio
729 475 790 504 est.
806 474 845 502 ln
858 473 916 503 illa
930 472 977 502 la-

274 525 352 564 bor,
367 524 402 554 in
418 524 478 554 hac
494 522 606 552 autem
625 519 750 550 fructus
773 517 895 549 laboris
915 517 977 547 est.

275 571 412 602 Etnunc
437 568 569 608 quidem
592 563 783 603 justificatio
802 564 839 594 fit
862 571 922 602 per
940 563 979 592 fi-

273 617 367 648 dem:
383 623 458 645 nam
470 610 659 652 glorificatio
671 611 735 641 erit
748 618 809 649 per
820 609 977 648 speciem.

271 662 398 701 Quanta
409 661 518 691 autem
541 658 585 689 sit
602 657 637 688 in
651 656 761 687 futura
777 655 846 686 vita
861 654 980 694 glorifi-

273 708 356 739 catio
371 706 569 743 sanctorum,
585 703 748 733 humanus
763 701 897 732 interim
913 708 979 731 non

272 753 380 793 potest
405 751 569 789 attingere
596 749 799 779 intellectus.
835 748 883 778 De
921 747 979 776 illa

272 799 362 831 enim
374 797 533 836 seriptum
548 795 610 833 est,
626 794 713 834 quod
733 794 837 825 oculus
855 801 919 824 non
931 794 979 824 ri-

271 847 333 883 dit,
357 853 412 876 nec
424 843 511 874 auris
521 842 656 878 audivit,
669 842 726 872 etc.
742 840 810 870 Hac
826 847 901 878 ergo
925 839 979 869 in-

272 891 369 923 terim
397 890 534 926 omissa‚
557 887 714 926 quoniam
737 886 825 917 vires
854 886 979 916 nostras

272 936 421 975 excedit,
452 935 494 966 de
519 931 751 971 justificatione
782 940 856 970 quae
891 939 979 962 nunc

273 984 391 1023 agitur,
411 980 535 1020 aliquid
559 979 601 1010 ad
625 977 875 1009 aedificationem
902 978 979 1008 Fra-

271 1032 358 1060 trum
372 1028 553 1059 nostrorum
563 1047 572 1064 ,
587 1024 675 1064 quod
688 1023 909 1054 necessarium
928 1024 980 1054 vi-

271 1084 344 1108 sum
359 1075 420 1113 est,
440 1074 626 1111 loquamur.
641 1071 712 1110 Ipsa
728 1071 777 1100 est
791 1069 881 1100 enim
904 1069 978 1108 via,

271 1131 331 1162 per
341 1129 439 1161 quam
448 1119 483 1150 fit
490 1117 644 1149 transitus
652 1116 692 1147 ad
700 1115 978 1155 glorificationem,

271 1170 402 1199 dicente
431 1165 581 1205 Apostolo
599 1173 608 1194 z
635 1164 718 1203 Quos
740 1163 978 1202 pradestinavit,

272 1216 328 1246 Ιιοε
346 1215 376 1244 et
398 1213 540 1250 rocavit3
565 1211 595 1241 et
622 1217 697 1249 quos
711 1209 842 1245 vocavit,
871 1207 928 1239 lios
951 1210 980 1238 et

267 1260 462 1301 justificavit3
479 1266 554 1297 quos
568 1254 868 1293 autemjustficartt,
883 1253 937 1285 hos
951 1256 979 1284 et

271 1306 488 1346 magnificavit.
506 1303 618 1341 Neque
641 1301 729 1331 enim
753 1300 875 1339 poterit
896 1300 980 1330 obti-

271 1353 345 1384 neri
359 1348 591 1388 magnificatio,
607 1346 672 1377 nisi
690 1345 881 1384 J’ustificatio
895 1354 980 1385 prae-

273 1397 429 1430 cesserit:
446 1403 521 1426 cum
534 1394 597 1424 ista
616 1392 792 1430 meritum,
814 1392 872 1422 illa
895 1400 978 1431 prae-

272 1444 374 1475 mium
389 1442 442 1474 sit.
459 1442 527 1471 Hoc
542 1440 576 1470 in
597 1439 773 1477 Evangelio
787 1437 899 1469 docuit
918 1439 979 1470 Do-

273 1490 399 1527 minus,
415 1487 473 1527 qui
493 1493 568 1516 cum
587 1484 763 1523 Discipulis
778 1484 980 1523 evangeliza-

272 1536 324 1568 ret
339 1542 475 1574 regnum
490 1533 565 1570 Dei,
585 1531 730 1571 primum
750 1531 798 1561 eis
812 1531 980 1569 proposuit

270 1583 444 1621 justitiam,
456 1580 589 1610 dicens:
605 1579 690 1609 Nam
700 1578 762 1608 uz‘sz‘
778 1577 979 1608 abundaverit

266 1630 391 1668 justitia
405 1628 508 1658 vestra
530 1626 600 1664 plus
625 1632 720 1663 quam
746 1623 927 1653 Scribarum
950 1626 978 1654 et

273 1676 518 1709 Pharisoeorum‚
543 1679 608 1702 non
622 1669 777 1701 intrabilis
792 1669 825 1700 ἰη
849 1677 979 1708 requam

270 1722 430 1753 coeloram.

313 1767 346 1797 2.
361 1763 544 1795 Notandum
572 1762 696 1799 autem,
725 1759 813 1799 quod
838 1759 922 1796 sicut
944 1759 979 1790 in

272 1812 330 1844 illo
355 1808 571 1841 beatitudinis
594 1814 696 1845 regno
721 1806 918 1845 praesentem
944 1814 978 1837 se

273 1857 388 1890 electis
402 1856 469 1887 suis
488 1853 662 1885 exhibebit
677 1851 834 1883 Dominus
855 1852 896 1882 ad
913 1853 979 1891 glo—

270 1903 508 1939 rificationem,
521 1901 567 1932 ita
582 1900 681 1930 etiam
703 1908 737 1930 se
753 1898 878 1929 eisdem
899 1899 979 1938 ipsis

272 1950 410 1982 exhibet
425 1949 461 1978 in
475 1947 530 1978 via
543 1945 817 1985 peregrinationis
829 1945 869 1975 ad
881 1945 979 1983 justi-

271 1997 457 2028 ficationem
466 2002 475 2032 3
485 1994 523 2024 ut
537 2000 555 2022 a
566 2000 630 2031 quo
642 1991 767 2022 scilicet
778 1991 977 2029 glorificandi

272 2043 349 2073 sunt
363 2049 423 2081 per
443 2038 608 2078 speciem,
632 2037 673 2067 ab
688 2037 758 2075 ipso
773 2036 863 2075 prius
883 2036 979 2074 justi-

272 2089 410 2119 ficentur
423 2094 483 2126 per
495 2084 605 2115 fidem.
617 2084 657 2114 Et
670 2083 803 2122 quidem
816 2083 880 2113 tria
891 2084 977 2122 sunt,

273 2142 292 2164 a
307 2134 424 2172 quibus
449 2131 615 2162 abstinere
638 2130 760 2160 debent
780 2129 978 2169 quicumque

271 2177 444 2218 iustificari
459 2176 659 2208 desiderant.
676 2175 784 2206 Primo
804 2175 918 2214 utique
938 2176 979 2207 ab

274 2225 426 2264 operibus
449 2223 578 2263 pravis,
594 2222 737 2253 secundo
759 2229 778 2252 a
794 2222 979 2253 carnalibus

274 2269 466 2307 desideriis,
484 2268 584 2298 tertio
606 2276 625 2298 a
647 2267 733 2298 curis
754 2267 878 2298 saeculi.
897 2268 979 2298 Item

274 2315 338 2346 tria
349 2314 441 2352 sunt,
456 2313 576 2352 quibus
590 2313 714 2344 debent
728 2313 893 2352 insistere,
908 2321 980 2352 quae

275 2360 375 2391 etiam
389 2359 536 2390 continet
546 2366 651 2389 sermo
665 2359 796 2389 Domini
809 2359 842 2389 in
855 2361 979 2398 monte,

276 2406 496 2444 eleemosyna,
510 2403 688 2443 ieiunium,
703 2405 819 2435 oratio.
829 2405 881 2435 Sic
890 2406 980 2435 enim

276 2450 695 2490 adimpleturjustificati03
714 2450 791 2480 dum
812 2451 853 2481 ab
878 2451 980 2481 inter-

275 2497 469 2528 dictisvitiis
484 2495 662 2533 abstinent,
675 2495 708 2525 et
717 2495 800 2525 hona
812 2505 885 2535 quae
896 2505 980 2535 prae-

278 2544 371 2582 cepta
385 2542 460 2573 sunt
473 2541 616 2572 fideliter
630 2541 798 2571 exercent.
807 2542 980 2580 Opponan-

277 2592 332 2620 tur
347 2596 422 2626 ergo
436 2586 545 2626 pravis
556 2586 711 2625 operibus
733 2593 833 2624 opera
854 2586 981 2616 miseri-

279 2634 408 2673 cordiae,
424 2632 534 2666 contra
550 2631 690 2664 carnalia
708 2630 871 2663 desideria
886 2632 981 2674 adhi-

753 196 783 225 S.
804 195 1041 227 BERNARDI
1060 197 1250 226 ABBATIS

1011 250 1152 280 beantur
1179 251 1324 291 jejunia,
1349 253 1382 284 et
1407 261 1463 292 pro
1493 252 1579 283 curis
1602 251 1713 284 saeculi

1010 297 1163 371 {nec-edat
1178 305 1267 330 amor
1281 298 1365 338 Dei,
1388 300 1422 331 et
1436 298 1622 340 frequentia
1642 306 1715 330 ora-

1025 349 1121 373 ionis.
1640 349 1642 351 ’

1204 439 1374 474 SERMO
1407 442 1509 477 CVI.

1024 516 1066 542 De
1081 515 1175 543 tribus
1188 519 1224 545 ad
1240 517 1382 560 agendam·
1396 521 1587 551 paenitentiam
1607 528 1698 547 neces-

1317 561 1404 580 sarus.

1050 610 1081 641 1.
1097 611 1188 642 TREs
1202 611 1276 643 sunt
1291 612 1393 644 status
1417 612 1534 643 animae
1552 622 1562 644 τ
1586 614 1620 644 in
1645 622 1714 644 cor-

1012 664 1106 696 pore,
1121 658 1227 696 posito
1244 666 1378 697 corpore
1388 681 1398 697 ,
1413 660 1546 698 recepto
1568 667 1713 699 corpore.

1008 703 1136 735 Primus
1150 703 1244 734 datus
1257 704 1307 734 est
1324 704 1356 734 ei
1375 705 1416 735 ad
1436 704 1593 742 agendam
1608 705 1715 744 poeni-

993 749 1159 788 dentiam,
1185 749 1306 789 reliqui
1322 750 1386 780 duo
1409 751 1451 781 ad
1466 750 1649 782 hahendam
1663 759 1716 782 re-

1009 795 1120 833 quiem
1131 795 1185 826 vel
1200 804 1348 835 poenam,
1359 797 1487 828 scilicet
1503 797 1600 836 prout
1614 798 1714 836 gessit

1009 841 1044 871 in
1064 849 1219 880 corpore,
1239 842 1309 872 sive
1323 842 1463 881 honum,
1486 843 1556 873 sive
1576 845 1711 875 malum.

1008 886 1056 917 Ad
1067 887 1224 926 agendam
1235 896 1314 919 vero
1328 889 1554 927 poenitentiam
1565 890 1627 920 tria
1638 891 1714 922 sunt

1008 934 1210 972 necessaria,
1224 934 1372 974 tempus,
1392 943 1525 974 corpus,
1554 936 1589 966 et
1610 936 1711 967 locus.

1008 979 1101 1016 Quod
1131 982 1263 1019 tempus
1296 981 1341 1011 sit
1371 982 1609 1020 necessarium,
1635 982 1715 1014 dicit

1009 1025 1203 1064 Apostolus:
1228 1027 1306 1056 Ecce
1333 1035 1416 1057 nunc
1432 1029 1548 1066 tempus
1575 1031 1715 1067 accepta-

1011 1071 1086 1110 bile,
1106 1080 1171 1102 ecce
1193 1080 1276 1102 nunc
1291 1073 1353 1103 dies
1371 1073 1491 1103 salutis.
1507 1073 1666 1104 Similiter
1681 1076 1715 1105 et

1009 1117 1050 1148 de
1079 1125 1213 1157 corpore
1241 1118 1331 1148 idem
1359 1118 1493 1149 scribit:
1520 1120 1633 1150 Omnes
1658 1129 1715 1152 nos

1010 1165 1127 1202 oportet
1140 1165 1339 1203 manifestari
1351 1166 1422 1195 ante
1438 1165 1713 1204 tribunalfflnristi,

1009 1212 1043 1240 ut
1055 1210 1172 1248 referat
1185 1211 1311 1250 quisque
1332 1211 1460 1250 propria
1475 1213 1611 1250 corporis
1623 1214 1715 1251 prout

1009 1257 1108 1295 qessic.
1119 1255 1184 1286 Sed
1195 1257 1230 1287 et
1244 1256 1285 1287 de
1300 1257 1438 1287 hocloco
1453 1257 1598 1296 loquitur
1605 1258 1714 1296 Scrip-

1009 1303 1094 1342 tura,
1110 1302 1224 1334 dicens
1238 1311 1247 1332 τ
1265 1304 1300 1334 Si
1326 1304 1495 1334 ascenderit
1509 1312 1599 1342 super
1613 1306 1640 1334 te
1655 1306 1715 1343 spi-

1008 1349 1088 1380 ritus
1095 1350 1276 1388 potestatem
1287 1349 1438 1386 habentis,
1454 1349 1555 1379 locum
1569 1351 1657 1380 tuum
1676 1359 1715 1382 ne

1009 1395 1144 1426 deseras.
1155 1395 1253 1425 Porro
1266 1394 1398 1434 tempus
1410 1394 1445 1424 in
1459 1395 1521 1425 tria
1535 1394 1715 1435 dividitur,

1010 1440 1045 1470 in
1058 1441 1274 1480 praeteritum,
1289 1441 1324 1472 in
1333 1440 1537 1479 praesens,‚in
1554 1440 1713 1472 futurum.

1009 1486 1132 1517 Horum
1153 1488 1281 1517 nullum
1305 1486 1432 1525 perdit,
1454 1487 1602 1525 quisquis
1623 1488 1714 1519 recte

1009 1532 1238 1570 poenitentiam
1249 1532 1328 1571 agit.
1339 1532 1419 1562 Nam
1433 1533 1635 1571 praeteritum
1644 1534 1714 1572 qui-

1010 1578 1084 1608 dem
1099 1578 1184 1616 quod
1198 1573 1384 1616 perdiderat
1400 1578 1573 1616 restaurat,
1589 1579 1667 1609 dum
1679 1580 1714 1610 in

1010 1623 1229 1654 amaritudine
1243 1623 1361 1654 animae
1382 1632 1449 1653 suae
1474 1631 1589 1654 omnes
1613 1633 1714 1655 annos

1009 1677 1084 1699 suos
1103 1671 1263 1708 recogitat
1287 1678 1296 1699 τ
1318 1677 1462 1708 praesens
1485 1670 1596 1700 autem
1622 1671 1715 1701 tenet

1007 1714 1074 1752 jam
1094 1723 1155 1753 per
1180 1714 1377 1745 exercitium
1398 1715 1505 1753 operis
1529 1724 1537 1745 τ
1567 1715 1713 1746 futurum

1010 1768 1089 1790 vero
1117 1768 1178 1799 per
1197 1759 1414 1790 constantiam
1438 1759 1515 1789 honi
1542 1761 1713 1799 propositi.

1010 1806 1057 1836 De
1079 1805 1247 1845 praeterito
1264 1806 1410 1845 loquitur
1425 1805 1615 1844 Apostolus,
1639 1814 1715 1837 cum

1010 1852 1112 1883 dicit:
1127 1853 1318 1883 Redimentes
1330 1854 1447 1891 tempas
1454 1872 1466 1889 ‚
1491 1853 1639 1890 quoniam
1653 1852 1716 1884 dies

1009 1899 1088 1929 mali
1109 1900 1193 1930 sunt.
1210 1897 1257 1928 Ad
1271 1895 1443 1937 praesentis
1461 1905 1539 1927 vero
1554 1898 1716 1936 operatio-

1009 1952 1084 1975 nem
1097 1944 1245 1975 hortatur
1259 1951 1329 1982 nos,
1344 1951 1418 1973 cum
1433 1942 1513 1973 dicit
1525 1951 1533 1972 :
1545 1945 1629 1974 Dum
1641 1945 1716 1974 tcm-

1007 2000 1065 2030 pus
1080 1990 1240 2027 habemus,
1256 1998 1416 2029 operemur
1426 1988 1539 2019 bonum
1551 1990 1590 2019 ad
1599 1998 1714 2028 omnes,

1009 2038 1147 2067 maxime
1159 2038 1262 2067 autem
1272 2036 1312 2066 acl
1324 2035 1500 2066 domesticos
1511 2035 1592 2073 fidei.
1602 2036 1715 2066 Futuri

1010 2091 1069 2114 nos
1094 2083 1248 2113 admonet
1275 2081 1444 2119 Dominus,
1468 2089 1542 2111 cum
1557 2081 1603 2111 ait
1624 2091 1632 2111 :
1657 2082 1718 2121 Qui

994 2149 996 2155 ,
1008 2129 1243 2169 perseveraverit
1257 2136 1351 2166 usque
1366 2128 1400 2158 in
1410 2127 1516 2165 linem,
1530 2128 1630 2158 salvus
1645 2128 1713 2158 erit.

1049 2175 1081 2205 2.
1096 2175 1217 2212 Corpus
1232 2180 1361 2212 quoque
1377 2172 1596 2202 necessarium
1612 2173 1661 2202 est
1675 2171 1716 2202 ad

1010 2220 1168 2260 agendam
1176 2219 1418 2258 poenitentiam.
1430 2218 1467 2249 ln
1482 2226 1615 2256 corpore
1624 2218 1716 2257 quip-

1011 2276 1052 2306 pe
1074 2274 1244 2306 possumus
1265 2264 1350 2295 mala
1369 2263 1457 2303 pati,
1477 2264 1512 2294 et
1531 2264 1615 2294 bona
1638 2272 1716 2302 ope-

1011 2313 1087 2344 rari.
1103 2311 1173 2343 Pati
1187 2311 1317 2342 scilieet
1337 2318 1397 2349 pro
1413 2309 1592 2340 commissis
1616 2309 1715 2340 delic·

1012 2359 1066 2397 tis,
1096 2356 1225 2396 operari
1251 2364 1312 2395 pro
1337 2354 1557 2394 adipiscendis
1585 2353 1716 2384 aeternis

1012 2404 1166 2444 praemiis.
1176 2402 1239 2441 Qui
1249 2409 1324 2440 ergo
1337 2409 1471 2440 corpore
1486 2400 1586 2438 caret,
1604 2400 1716 2440 dignos

1012 2449 1213 2490 poenitentiae
1228 2448 1353 2479 fruetus
1366 2446 1475 2478 facere
1489 2445 1649 2486 quomodo
1660 2454 1717 2476 va-

1013 2496 1088 2528 let?
1117 2496 1156 2526 Et
1181 2494 1383 2532 notandum,
1411 2491 1497 2532 quod
1521 2491 1714 2531 poenitentia

1013 2551 1085 2581 quae
1100 2550 1160 2581 per
1185 2549 1301 2580 corpus
1316 2539 1453 2579 geritur,
1478 2538 1589 2569 brevis
1609 2538 1659 2568 est
1682 2537 1716 2567 et

1014 2588 1108 2618 levis.
1124 2586 1255 2624 Brevis,
1271 2586 1347 2624 quia
1370 2584 1511 2623 corporis
1524 2582 1628 2614 morte
1647 2582 1716 2612 ter·-

1015 2632 1183 2664 minatur:
1214 2631 1310 2671 levis,
1338 2629 1414 2670 quia
1439 2636 1498 2670 per
1525 2627 1714 2661 societatem
