1810 3073
296 201 355 233 190

291 253 477 285 distulimus
494 276 504 293 ‚
533 256 567 287 et
593 257 774 287 orationum
812 256 992 286 vostrarum

291 301 433 332 fructum
448 302 678 341 tempestivum
694 302 866 341 percipite.
884 303 930 330 En
946 309 993 329 os—

290 347 390 377 tendo
413 356 550 387 nomen,
567 349 653 387 quod
669 350 740 378 oleo
764 348 881 378 merIto
907 355 993 376 com-

289 394 439 431 paratur3
463 395 495 424 et
520 403 583 433 quo
611 395 748 430 merito,
764 394 879 423 dicam.
896 393 992 421 Multa

289 439 422 477 quidem
456 440 569 478 Sponsi
600 440 756 468 vocabula
790 446 898 476 sparsa
935 446 993 475 per

289 493 417 515 omnem
431 485 575 515 dix-lnam
589 485 738 523 paginam
749 484 875 521 legitis,
891 483 992 512 sedin

287 530 350 560 duo
368 540 405 561 ea
420 531 512 560 vobis
528 531 678 560 universa
695 531 900 567 complectar.
917 529 993 558 Nul-

288 576 373 614 lum,
390 578 425 606 ut
439 577 595 613 arbitror,
617 576 807 613 reperietis,
823 576 909 613 quod
929 583 991 604 non

286 622 343 650 aut
372 622 505 659 pietatis
534 621 670 659 gratiam
686 642 695 656 ,
723 622 778 650 aut
812 621 990 658 potentiam

287 667 466 704 majestatis
478 668 581 697 sonet.
595 666 733 705 Spiritus
745 667 789 695 ita
803 666 881 696 dicit
893 667 990 696 etiam

286 720 346 750 per
361 712 423 741 sibi
439 712 635 741 familiarius
651 720 804 750 organum
822 720 829 740 :
845 714 915 742 Duo
928 712 990 741 lime

286 758 406 793 audiri,
425 759 505 797 Quia
518 759 651 796 potestas
665 759 724 787 Dei
737 759 778 787 est
791 778 800 793 ‚
817 759 844 787 et
860 757 991 794 libano-

286 804 604 840 minc,niisericordia.
621 804 701 840 Ergo
718 803 896 832 secundum
922 811 990 831 ma-

282 848 436 885 jestatem
448 852 589 879 sunctum
601 851 628 878 et
641 848 773 878 terribile
785 857 895 877 nomeu
908 849 989 886 ejus,-

285 894 463 923 secundum
471 894 643 931 pietatem,
653 895 723 923 Non
735 896 778 923 est
790 903 897 923 nomen
908 895 990 923 (iliud

285 940 341 969 sub
366 941 438 969 coelo
453 941 559 969 datum
576 939 767 974 honstnibus,
785 940 887 977 inquo
903 947 991 976 opor-

284 986 346 1014 teat
360 994 416 1015 nos
427 986 524 1015 salros
537 985 616 1021 fieri.
634 984 697 1013 Sed
713 984 873 1022 exemplis
888 984 990 1022 magis

286 1030 495 1068 perspicuum
523 1030 590 1059 fiet.
607 1032 671 1059 Hoc
700 1032 759 1066 est,
788 1030 910 1068 inquit,
936 1039 991 1059 no—

284 1085 352 1105 meu
364 1078 442 1115 quod
454 1077 608 1106 vocabunt
619 1084 701 1111 eum,
711 1077 990 1113 Douninus,jus!us

283 1124 398 1152 noster.
421 1123 544 1152 Nomen
563 1122 719 1160 potentiae
744 1123 804 1151 est.
827 1123 928 1159 Item,
949 1123 990 1152 ΕΙ

285 1168 445 1198 rocabilur
462 1177 573 1198 uomen-
588 1168 652 1206 eju-s
665 1168 870 1205 Emmanuel,
886 1168 989 1205 picta-

284 1216 353 1243 tem
370 1214 527 1244 insinuat.
550 1214 632 1243 Item
654 1214 724 1251 ipse
737 1213 777 1243 de
791 1222 824 1243 se
839 1223 847 1242 ι
863 1215 926 1245 I‘os
939 1224 989 1244 ro-

284 1262 360 1291 ratis
374 1270 440 1296 me,
456 1261 520 1298 ait,
535 1261 701 1298 Magister,
719 1262 746 1289 el
761 1261 904 1290 Domine.
921 1260 989 1289 Pri—

285 1314 374 1336 mum
389 1307 501 1344 gratiae
514 1307 584 1343 est,
599 1306 779 1336 secundum
796 1306 987 1343 majestatis.

281 1353 352 1382 Non
367 1353 456 1382 enim
480 1352 590 1382 minus
607 1352 698 1390 pium
717 1352 766 1381 est
781 1352 898 1382 docere
917 1354 987 1382 ani-

282 1406 374 1428 mum
396 1399 589 1434 scientiam,
605 1407 701 1436 quain
716 1398 865 1436 praebere
881 1406 986 1428 escam

282 1445 423 1482 corpori.
438 1445 579 1474 Rursum
593 1445 755 1482 Propheta
771 1453 779 1472 :
799 1444 985 1481 Vocabitur,

283 1490 407 1528 inquit,
430 1499 542 1520 nomen
557 1490 622 1527 ejus
643 1489 862 1526 Admirabilis,
883 1492 987 1521 Consi-

283 1537 392 1567 liarius
405 1558 414 1573 ‚
436 1538 537 1572 Deus,
560 1537 680 1572 Fortis,
705 1537 800 1565 Pater
818 1536 917 1573 facturi
929 1546 984 1566 sce-

283 1582 362 1617 culi,
378 1583 525 1619 Princeps
540 1582 638 1619 pacis.
652 1581 796 1610 Primum
807 1603 815 1618 ,
831 1581 984 1619 tertIum,

283 1628 451 1665 quartum,
473 1627 679 1663 majestatem
700 1628 835 1663 sonant3
859 1627 985 1665 reliqua

283 1672 452 1709 pietatem.
463 1673 555 1709 Quod
568 1673 684 1702 horum
697 1680 772 1710 ergo
784 1672 987 1703 effunditur?

282 1719 430 1748 Profecto
443 1719 620 1755 maJestatis
633 1727 669 1747 ac
685 1719 842 1756 potentiae
854 1720 984 1755 nomen,

285 1764 319 1793 in
335 1764 370 1793 id
390 1764 477 1802 quod
499 1766 547 1793 est
562 1763 694 1802 pietatis
709 1765 742 1793 et
757 1764 886 1802 gratiae,
908 1773 986 1802 quo-

283 1809 357 1839 dam
370 1809 464 1839 modo
480 1809 718 1839 transfunditur
729 1832 737 1846 ,
754 1809 925 1847 ipsumque
939 1810 984 1839 ef-

283 1855 431 1885 funditur
458 1855 587 1885 abunde
614 1863 674 1893 per
699 1856 808 1884 Jesum
825 1856 984 1886 Christum

283 1902 482 1931 Salvatorem
492 1903 648 1931 nostrum.
659 1902 781 1931 Nomen
795 1900 901 1940 (verbi
913 1909 986 1931 cau-

282 1946 330 1986 sa)
348 1948 433 1985 quod
447 1949 530 1977 Deus
543 1950 608 1984 est,
624 1955 732 1976 nonne
745 1948 779 1976 in
792 1947 825 1976 id
836 1947 921 1985 quod
938 1950 984 1976 est

284 1993 452 2023 Nobiscum
468 1995 568 2029 Deus,
589 1993 650 2022 hoc.
667 1994 715 2022 est
730 1993 764 2022 in
779 1994 984 2029 Etnmanuel,

282 2039 437 2077 liquescit
463 2040 496 2069 et
516 2038 646 2068 deficit?
662 2039 714 2068 Sic
729 2039 930 2069 Azlnzirubilis
953 2039 984 2068 iu

282 2085 317 2114 id
328 2085 414 2123 quod
425 2086 473 2114 est
483 2085 703 2123 Consiliorum,
714 2085 760 2114 sic
771 2086 852 2115 Deus
864 2085 897 2114 et
909 2086 985 2115 For·

285 2132 321 2159 (ἵε
337 2131 369 2159 in
383 2139 420 2159 ea
435 2139 507 2168 quae
522 2131 596 2160 sunt
610 2132 706 2160 Pater
721 2132 822 2168 futuri
834 2132 940 2161 soeculi
955 2134 983 2161 et

286 2177 428 2214 Princeps
438 2178 541 2215 pacis-‚-
557 2178 584 2206 et
600 2178 752 2207 Dominus
767 2178 870 2215 justus
886 2179 986 2207 noster

283 2221 318 2250 in
332 2222 502 2252 Misericors
518 2224 550 2252 et
561 2224 724 2254 miserator
739 2224 901 2253 Dominus.
917 2223 983 2252 Non

283 2266 356 2294 dico
384 2274 504 2296 novum
533 2268 612 2305 quid
634 2277 642 2296 :
664 2268 826 2306 quondam
854 2276 984 2307 quoque

284 2311 499 2341 nihilominus
531 2313 648 2342 Abram
676 2314 710 2343 in
747 2315 908 2344 Abraham
919 2337 928 2353 ,
954 2316 984 2345 et

285 2357 373 2386 Sarai
390 2356 423 2385 in
440 2356 549 2385 saram
563 2358 665 2387 effusa
679 2360 771 2397 sunt3
786 2361 817 2390 et
827 2360 894 2397 jam
906 2361 984 2389 tunc

284 2402 460 2432 salutiferae
476 2402 644 2432 effusionis
660 2405 860 2434 celebratum
880 2406 986 2444 praefi-

286 2449 501 2486 guratumque
517 2456 563 2486 m)
573 2449 708 2478 sterium
723 2451 942 2481 recordamur.

327 2494 358 2523 2.
372 2494 433 2524 L'bi
446 2494 514 2531 jam
528 2494 609 2524 illud
620 2516 628 2531 ,
641 2495 728 2532 quod
739 2496 824 2532 apud
837 2497 984 2534 antiquos

285 2539 352 2570 tam
368 2540 559 2570 terribiliter
569 2562 577 2578 ,
591 2548 686 2578 quam
699 2540 887 2578 frequenter
900 2542 983 2571 into-

284 2592 364 2615 nare
385 2585 509 2616 solebat
525 2594 532 2614 :
550 2587 615 2624 qu
626 2587 794 2622 Dominus,
810 2595 862 2624 eqo
878 2589 984 2617 Domi-

285 2630 368 2661 nus?
383 2631 460 2661 :nihi
476 2631 616 2662 dictatur
631 2631 732 2661 oratio
754 2631 846 2668 cnjus
861 2632 984 2669 princi-

713 206 743 233 S.
768 203 999 232 BERNARDI
1020 202 1216 232 ABBATIS

1027 253 1136 293 pium,
1159 256 1292 286 nomine
1307 255 1401 287 dulce
1416 255 1571 296 paterno,
1587 264 1724 297 sequen-

1028 301 1109 329 tium
1125 301 1377 332 obtinendarum
1391 303 1587 341 petitionum
1601 304 1725 342 praebet

1027 346 1191 376 fiduciam.
1211 347 1304 377 Servi
1323 349 1532 379 nominantur
1556 349 1674 388 amici,
1691 350 1724 380 et

1026 393 1223 422 resurrectio
1244 401 1309 423 non
1323 395 1438 424 saltem
1455 394 1628 433 Discipulis
1640 417 1649 432 ,
1668 395 1724 426 sed

1026 437 1180 468 fratribus
1194 439 1374 468 nuntiatur.
1389 440 1454 469 Nec
1478 440 1577 469 miror
1587 462 1596 477 ,
1613 440 1723 472 sicum

1026 483 1119 513 venit
1130 484 1300 522 plenitudo
1310 486 1482 524 temporis,
1491 485 1576 515 facta
1585 486 1634 516 est
1643 485 1723 516 effu·

1025 529 1072 558 sio
1086 530 1229 559 nominis
1239 551 1248 566 ,
1260 531 1328 560 Deo
1340 531 1462 569 quippe
1478 532 1564 570 quod
1578 538 1637 570 per
1651 532 1724 561 Joe—

1026 574 1090 603 lem
1114 577 1310 613 promiserat
1325 577 1545 614 adimplente,
1563 577 1596 606 et
1617 576 1724 607 effun-

1025 621 1121 651 dente
1133 621 1173 651 de
1187 622 1312 660 Spiritu
1328 631 1384 652 suo
1401 631 1497 661 super
1511 631 1639 652 omnem
1654 631 1725 652 car-

1024 675 1099 696 nem
1110 689 1118 705 ,
1132 676 1207 697 cum
1219 668 1283 698 tale
1296 668 1420 707 aliquid
1432 670 1465 699 et
1477 669 1561 706 apud
1575 669 1724 699 Hebraeos

1023 712 1100 740 olim
1114 713 1285 750 contigisse
1311 714 1428 751 legam.
1448 714 1550 743 Credo
1574 722 1630 743 vos
1644 722 1724 751 pra>

1023 757 1130 786 volare
1141 779 1150 795 ,
1167 759 1200 787 et
1215 758 1297 787 scire
1310 758 1377 795 jam
1393 759 1472 797 quid
1487 759 1596 789 dicere
1612 760 1722 789 velim.

1023 802 1123 838 Quale
1152 804 1238 840 erat,
1255 803 1386 842 inquam
1399 826 1407 841 ,
1433 805 1520 842 quod
1548 804 1724 835 sciscitanti

1023 848 1121 885 Tvloysi
1149 849 1255 886 primo
1279 858 1469 888 responsum
1492 850 1561 880 est:
1576 852 1641 889 qu
1656 859 1725 881 sum

1023 895 1075 931 qui
1087 893 1180 924 sum?
1196 895 1247 932 et,
1264 896 1324 934 Qui
1338 897 1396 932 est,
1410 897 1492 926 misit
1512 905 1559 926 me
1587 897 1626 926 ad
1650 895 1727 926 vos?

1023 939 1135 968 Nescio
1150 947 1190 969 an
1205 941 1260 970 vel
1285 941 1354 978 ipse
1375 942 1499 979 Moyses
1514 942 1645 979 caperet
1659 941 1724 980 sic,

1023 983 1130 1014 sinon
1143 986 1301 1016 videlicet
1322 986 1560 1017 effunderetur.
1588 987 1650 1017 Sed
1672 987 1724 1018 fu-

1022 1037 1092 1058 sum
1109 1030 1178 1068 est,
1196 1031 1229 1061 et
1249 1032 1380 1069 captum
1394 1032 1459 1070 est3
1480 1041 1542 1062 nec
1561 1033 1656 1062 modo
1675 1033 1724 1062 fu-

1023 1083 1092 1103 sum
1106 1096 1114 1112 ,
1127 1075 1184 1105 sed
1196 1076 1228 1105 et
1241 1076 1381 1105 effusum
1395 1085 1402 1105 :
1416 1085 1490 1106 nam
1504 1077 1647 1107 infusum
1657 1077 1723 1115 jam

1023 1121 1102 1150 erat.
1115 1121 1185 1151 Jam
1196 1121 1270 1151 coeli
1286 1122 1450 1152 habebant
1465 1122 1547 1152 illud
1558 1144 1567 1160 ‚
1581 1122 1646 1159 jam
1662 1124 1722 1153 An-

1021 1168 1102 1205 gelis
1118 1167 1315 1197 innotuerat.
1331 1168 1383 1198 Est
1404 1169 1514 1198 autem
1543 1168 1622 1199 foris
1645 1169 1723 1200 mis-

1021 1220 1110 1250 sum;
1123 1214 1156 1242 et
1177 1213 1263 1251 quod
1276 1213 1406 1251 Angelis
1421 1213 1465 1242 ita
1482 1213 1551 1243 erat
1579 1213 1722 1244 infusum

1021 1259 1057 1288 ut
1082 1259 1168 1289 esset
1187 1259 1220 1288 et
1247 1259 1430 1297 privatum,
1460 1259 1603 1289 effusum
1629 1261 1662 1290 et
1687 1260 1721 1290 in

1020 1305 1168 1335 homines
1190 1306 1256 1342 est,
1280 1305 1325 1335 ita
1349 1306 1387 1334 ut
1408 1305 1476 1342 jam
1504 1306 1583 1335 tunc
1608 1305 1722 1336 merito

1020 1351 1216 1381 clamaretur
1231 1351 1271 1381 de
1284 1351 1370 1381 terra
1380 1372 1389 1388 ‚
1403 1352 1509 1382 Oleum
1523 1352 1649 1388 effusum
1668 1361 1722 1382 uo-

1019 1406 1089 1426 men
1102 1399 1187 1427 tuum
1203 1405 1213 1425 .·
1230 1398 1256 1427 si
1274 1405 1339 1427 non
1355 1397 1489 1435 ingratae
1504 1397 1608 1436 plebis
1624 1405 1721 1427 exosa

1019 1443 1204 1480 pervicacia
1229 1443 1418 1472 obstitisset.
1447 1443 1499 1477 Ait
1524 1442 1610 1472 enim
1627 1451 1635 1471 :
1655 1443 1720 1481 1390

1018 1496 1086 1517 sum
1107 1490 1191 1518 Deus
1212 1488 1395 1524 Abraham,
1417 1489 1447 1518 et
1465 1489 1548 1518 Deus
1575 1489 1680 1524 Isaac,
1693 1489 1721 1518 ct

1018 1535 1100 1564 Deus
1113 1534 1222 1563 Jacob.

1057 1580 1088 1609 5.
1105 1580 1228 1609 Currite
1244 1579 1357 1617 gentes
1373 1586 1381 1607 :
1399 1578 1439 1608 ad
1462 1586 1594 1608 manum
1609 1578 1658 1608 est
1671 1586 1722 1608 sa-

1018 1625 1087 1663 lus,
1107 1626 1241 1655 effusum
1257 1625 1306 1654 est
1328 1632 1458 1662 nomen,
1475 1624 1558 1662 quod
1575 1625 1722 1662 quicum-

1018 1681 1082 1710 que
1109 1671 1331 1708 invocaverit,
1346 1671 1454 1700 salvus
1483 1670 1556 1700 erit.
1583 1672 1721 1709 Angelo-

1018 1726 1089 1747 rum
1114 1718 1218 1754 Deus,
1236 1717 1336 1746 etiam
1360 1716 1529 1745 hominum
1553 1717 1657 1746 Deum
1686 1725 1720 1746 se

1018 1764 1174 1793 nominat.
1191 1763 1307 1792 Oleum
1334 1762 1425 1791 misit
1442 1762 1475 1790 in
1489 1762 1605 1799 Jacob,
1622 1762 1655 1791 et
1670 1770 1721 1791 cc-

1019 1810 1098 1840 cidit
1114 1810 1147 1839 in
1170 1809 1278 1839 Israel.
1295 1808 1401 1837 Dicite
1418 1807 1571 1837 fratribus
1583 1809 1718 1838 vestris:

1018 1858 1096 1886 Date
1112 1855 1198 1885 nobis
1217 1856 1250 1884 tle
1265 1855 1328 1883 oleo
1344 1855 1454 1883 vestro.
1472 1853 1504 1882 Si
1520 1853 1651 1890 nolunt,
1668 1861 1720 1883 ro-

1018 1902 1091 1939 gate
1107 1901 1280 1931 Dominum
1296 1899 1359 1929 olei
1370 1921 1378 1936 ,
1394 1899 1430 1928 ut
1446 1899 1554 1929 mittat
1569 1899 1602 1928 et
1617 1899 1717 1929 vobis.

1019 1948 1123 1977 Dicite
1135 1969 1143 1984 ,
1158 1948 1257 1985 Ausci·
1282 1945 1481 1984 opprobrium
1506 1947 1657 1975 nostrum.
1674 1946 1717 1975 Ne

1017 2002 1124 2032 quaeso
1144 1993 1282 2022 insultet
1297 1992 1477 2021 malevolus
1493 1991 1621 2021 dilectae
1635 1992 1716 2029 tuae,

1018 2047 1114 2078 quam
1133 2046 1150 2068 a
1172 2038 1290 2068 finibus
1315 2040 1410 2068 terrae
1433 2045 1569 2068 evocare
1597 2037 1719 2075 placuit

1019 2086 1097 2123 tihi,
1126 2084 1216 2114 tanto
1236 2084 1349 2122 utique
1379 2083 1582 2121 dignantius,
1599 2083 1719 2121 quanto

1019 2131 1124 2161 minus
1155 2131 1296 2169 dignam.
1320 2130 1480 2165 Decetne,
1508 2129 1657 2167 obsecro,
1682 2129 1719 2160 ut

1019 2177 1151 2215 benigni
1168 2175 1409 2215 patrisfamilias
1424 2175 1578 2204 invitatos
1606 2183 1717 2205 servus

1018 2231 1156 2262 nequam
1185 2220 1354 2251 excludat?
1368 2223 1434 2260 qu
1454 2230 1540 2257 sum,
1557 2220 1620 2258 ais,
1637 2223 1718 2251 Deus

1018 2269 1179 2299 Abraham
1192 2290 1201 2306 ,
1217 2269 1245 2298 et
1260 2270 1340 2298 Deus
1351 2269 1457 2303 Isaac,
1474 2268 1502 2296 et
1513 2268 1595 2297 Deus
1610 2266 1716 2296 Jacob.

1018 2315 1055 2344 Et
1081 2322 1146 2344 non
1172 2312 1340 2352 amplius?
1365 2312 1525 2349 Effunde,
1557 2311 1715 2347 effunde3

1018 2360 1108 2398 aperi
1134 2368 1265 2390 manum
1290 2360 1379 2389 tuam
1406 2357 1528 2395 adhuc,
1559 2357 1593 2387 et
1618 2357 1715 2395 imple

1018 2414 1112 2436 omne
1128 2405 1248 2435 animal
1264 2403 1506 2434 benedictione.
1522 2403 1662 2432 Veniant
1676 2402 1715 2432 ab

1017 2452 1148 2482 oriente
1178 2452 1211 2481 et
1238 2449 1429 2486 Occidente,
1461 2450 1494 2479 et
1527 2448 1716 2478 recumbant

1017 2506 1090 2527 cum
1104 2497 1261 2527 Abraham
1271 2519 1280 2534 ,
1296 2497 1400 2534 Isaac,
1413 2495 1445 2525 et
1459 2495 1557 2524 Jacob
1572 2494 1605 2524 in
1619 2501 1714 2532 regno

1018 2542 1351 2580 coelorum.veniant,
1369 2542 1504 2571 veniant
1521 2541 1641 2579 tribus,
1659 2539 1715 2569 tri-

1018 2589 1076 2617 bus
1085 2588 1230 2625 Domini,
1244 2587 1465 2617 testimonium
1481 2587 1577 2616 lsrael
1593 2586 1632 2615 ad
1640 2593 1715 2615 con-

1018 2633 1173 2663 silendum
1202 2633 1324 2663 nomini
1354 2632 1493 2662 Domini.
1518 2631 1656 2661 Veniant
1682 2630 1714 2660 et
