1830 3073
525 231 581 259 DE
604 226 818 258 DIVERSIS
842 225 992 253 SERMO
1017 224 1083 252 XC.

101 292 151 331 qui
166 293 207 322 est
222 292 252 321 in
276 288 366 319 coelz's.
383 286 421 316 Et
435 284 603 324 Apostolus
619 290 692 313 cum
718 288 797 319 prae-

100 337 254 374 misisset,
268 332 353 373 quod
368 332 471 362 oculus
485 339 547 360 uon
559 331 650 365 viclil,
668 329 696 358 et
711 326 796 375 auris

100 390 160 411 non
171 380 297 416 audivit,
306 378 340 408 et
348 377 464 407 caetera
475 384 483 413 3
496 375 606 406 statim
615 369 794 408 subjumsst,

101 426 183 456 uobis
197 426 298 454 aulem
312 422 452 454 revelavit
467 423 548 451 Deus
570 428 625 458 per
649 417 796 456 Spiritmn

97 478 196 501 suum.
209 468 346 498 Videtur
359 475 437 505 crgo
454 473 568 504 sponsa
583 463 718 503 gratiam
737 460 796 490 ha-

97 515 172 545 bere
188 514 327 551 Spiritus
342 512 444 543 sancti
456 533 465 550 ,
481 519 539 550 per
554 517 650 548 quam
666 514 796 557 cognqs·

96 560 147 589 cat
168 560 286 589 Filium
308 558 466 597 aequalem
487 556 583 586 Patri.
609 555 672 584 Nec
699 551 794 602 dicit,

95 605 252 635 osculetur
270 614 318 635 me
340 612 396 634 ore
411 611 486 640 sua,
501 601 587 640 quod
609 599 706 631 solius
720 598 794 627 Filll

95 650 145 679 est
169 650 297 688 dicere,
312 658 377 679 non
405 648 591 685 quusquam
620 644 794 679 creaturae,

95 695 218 733 quippe
246 704 319 733 quae
346 694 437 724 nullo
467 692 561 722 modo
592 690 698 729 potest
725 697 794 719 esse

95 741 227 777 aequalis
242 740 327 770 Patri
343 747 352 768 τ
368 738 424 769 sed
439 738 538 768 osculo
554 738 615 766 oris
629 737 688 767 sui.
700 736 794 764 Porro

95 786 239 815 osculum
256 792 426 815 commune
443 783 492 813 est
507 781 682 812 osculantis
697 781 729 811 et
745 789 796 810 os-

94 830 206 859 culati.
230 830 263 859 Si
292 830 390 868 igitur
404 837 438 860 se
453 829 595 859 invicem
611 826 796 857 osculantur

93 874 186 903 Pater
198 875 230 904 et
241 874 341 904 Filius
350 896 359 912 ,
374 873 451 912 quid
464 873 512 903 est
525 881 635 904 eorum
650 872 794 902 osculum

95 919 157 949 nisi
172 920 310 957 Spiritus
325 919 473 950 sanctus?

133 965 165 994 Ξ.
183 967 248 995 Hoc
262 965 370 1004 itaque
383 965 494 1003 flagrat
508 972 622 1003 sponsa
637 963 774 994 osculari
787 972 794 992 ε

95 1011 309 1041 Osculeturme
319 1033 330 1048 ,
346 1011 514 1050 inquiens,
533 1011 632 1041 osculo
648 1011 709 1040 oris
736 1010 794 1040 sui.

94 1056 160 1086 Hoc
172 1058 317 1087 osculum
332 1057 468 1087 testatur
483 1057 583 1087 etiam
594 1056 711 1086 Paulus
724 1063 794 1085 eam

94 1103 275 1141 accepisse,
304 1111 378 1132 eum
413 1102 494 1132 dicit
514 1111 522 1131 ε
547 1103 700 1141 Quoniam
728 1103 796 1132 estis

89 1148 158 1184 tilii,
172 1150 252 1178 mssit
262 1151 343 1179 Deus
354 1149 500 1186 Spiritum
513 1149 586 1178 Filii
597 1148 646 1178 sui
661 1149 692 1176 in
704 1148 796 1177 corda

92 1194 198 1222 nostra
210 1215 220 1229 ,
245 1195 449 1230 clamantem,
465 1193 572 1229 Abba,
599 1194 706 1222 Pater.
729 1193 794 1222 Hoc

93 1238 237 1267 osculum
254 1239 469 1276 pollicebatur
484 1239 517 1267 et
541 1238 611 1276 ipse
633 1238 793 1275 Salvator,

91 1291 165 1312 cum
180 1284 221 1313 ad
236 1284 422 1314 instantIam
439 1283 592 1314 orationis
605 1283 795 1313 exhortare—

91 1329 145 1357 tur
160 1329 333 1368 discipulos
349 1338 357 1358 ε
373 1331 406 1360 Si
419 1339 490 1366 vos,
508 1329 631 1367 inquit,
644 1338 714 1359 cum
731 1332 794 1360 sitis

92 1375 171 1404 muli
178 1397 188 1411 ,
203 1377 298 1405 nostis
315 1375 394 1405 bona
409 1376 484 1406 datu
498 1376 571 1405 dare
585 1376 654 1412 filiis
669 1376 792 1413 vestrz‘s,

91 1422 206 1457 quanto
230 1422 328 1459 utaqis
351 1423 446 1451 Pater
469 1423 566 1451 vester
591 1422 645 1459 qui
667 1422 699 1451 in
714 1422 793 1452 coelis

91 1467 151 1502 est,
167 1467 251 1497 dabit
268 1468 348 1497 bona
360 1489 369 1504 ,
385 1467 418 1497 id
434 1468 483 1497 est
498 1468 646 1506 Spiritum
662 1467 791 1505 bonum,

87 1512 255 1549 petentibus
275 1512 326 1543 se?
342 1514 388 1542 Ex
414 1514 511 1550 liujus
530 1513 631 1543 osculi
658 1513 792 1552 impres-

89 1556 178 1587 sione
201 1558 335 1597 suscipit
356 1559 463 1588 anima
485 1559 651 1589 rationalis
667 1559 706 1589 ab
722 1559 791 1598 ipso

90 1611 205 1639 sponso
225 1612 282 1633 suo
298 1605 404 1634 Verbo
431 1605 490 1634 Dei
507 1605 723 1643 cognitionem
734 1627 743 1643 ,
759 1608 790 1636 et

89 1656 231 1678 amorem
250 1650 416 1688 veritatis,
431 1659 502 1689 quae
518 1651 580 1681 duo
591 1651 683 1690 quasi
705 1652 790 1682 labia

90 1696 249 1734 imprimit
263 1698 293 1727 ei
312 1698 379 1736 ipsa
400 1699 459 1728 Dei
475 1699 580 1728 virtus
600 1700 633 1729 et
656 1699 717 1729 Dei
744 1708 790 1730 sa-

88 1741 213 1778 pientia
236 1751 244 1771 :
265 1743 427 1782 siquidem
453 1744 612 1781 sapientia
635 1745 790 1782 cognitio-

89 1794 164 1815 nem
177 1808 187 1824 ‚
200 1787 304 1817 virtus
324 1788 450 1818 confert
465 1797 619 1819 amorem.
637 1790 743 1819 Habet
759 1791 791 1820 et

88 1831 157 1868 ipsa
174 1834 280 1862 anima
300 1833 453 1864 similiter
471 1835 535 1864 (luo
555 1835 659 1873 labia,
674 1836 791 1874 quibus

88 1879 252 1908 osculatur
272 1888 424 1917 sponsum
438 1888 532 1909 suum
545 1902 554 1918 ,
573 1880 606 1909 id
627 1882 675 1911 est
692 1882 790 1911 ratio-

86 1930 162 1951 nem
178 1924 211 1952 et
225 1924 437 1954 voluntatem.
459 1925 604 1954 Rationis
623 1927 671 1956 est
685 1928 791 1964 perci-

88 1976 164 2005 pere
186 1969 395 2008 sapientiam,
419 1970 597 2000 voluntatis
618 1971 787 2002 virtutem.

86 2013 119 2042 Si
137 2015 202 2043 sola
223 2015 305 2044 ratio
323 2015 484 2053 percipiat
495 2016 662 2054 sapientiae
679 2018 790 2055 cogni-

86 2058 226 2097 tionem,
243 2060 276 2089 et
299 2060 450 2090 voluntas
465 2069 530 2090 non
545 2061 644 2091 habet
657 2062 789 2093 virtutis

87 2113 246 2144 amorem,
258 2114 322 2136 non
339 2106 387 2136 est
400 2108 532 2145 plenum
547 2110 691 2138 osculum
708 2118 716 2139 ε
733 2111 788 2141 aut

87 2149 113 2178 si
134 2151 199 2179 sola
222 2151 371 2181 voluntas
392 2152 538 2182 obtineat
557 2161 701 2184 amorem
717 2176 727 2194 ,
756 2157 788 2186 et

86 2195 168 2224 ratio
177 2196 313 2226 minime
323 2198 789 2239 percipiateognitionem,ni-

86 2239 261 2270 hilominus
280 2243 328 2272 est
345 2244 576 2280 semiplenum.
594 2245 685 2274 Tunc
710 2254 786 2276 vero

84 2286 219 2322 plenum
242 2287 276 2316 et
299 2288 483 2325 perfectum
514 2290 583 2327 est,
600 2291 728 2328 quando
755 2294 786 2322 et

86 2331 244 2367 sapientia
266 2331 407 2363 illustrat
428 2333 608 2373 rationem,
629 2336 663 2366 et
683 2337 786 2369 virtus

87 2376 186 2406 aflicit
198 2377 409 2409 voluntatem.

387 2442 487 2453 —

294 2487 462 2521 SERMO
493 2490 574 2523 XC.

89 2558 127 2583 De
142 2558 243 2589 triplici
256 2561 403 2589 unguento
412 2577 419 2589 ‚
432 2559 662 2590 Compunctionis
671 2579 677 2591 ‚
691 2562 785 2587 Devo-

318 2593 415 2622 tionis,
434 2593 550 2618 Pietatis.

132 2644 158 2677 1.
175 2644 246 2676 Duo
262 2646 335 2676 suut
349 2645 448 2684 pedes
473 2646 550 2684 Dei,
567 2647 785 2680 misericordia

1472 226 1525 256 121

833 278 866 308 et
878 278 1050 315 judicium.
1067 279 1124 307 llis
1140 277 1256 308 circuit
1277 278 1309 308 et
1329 282 1530 317 perambulat

827 324 951 362 jugiter
966 324 1151 362 spirituales
1163 324 1303 361 mentes,
1316 326 1479 356 exsultans
1494 328 1530 355 ut

830 370 917 407 gigas
945 369 986 400 ad
1014 369 1204 399 currendam
1232 369 1318 399 viam
1335 377 1343 398 τ
1366 370 1393 398 si
1421 371 1530 400 tamen

831 415 912 445 tales
926 415 1019 453 sunt,
1036 416 1076 445 de
1091 415 1207 454 quibus
1223 414 1338 445 merito
1351 414 1451 444 dicat:
1464 418 1531 445 Ha-

831 460 932 491 bitabo
946 462 980 491 iu
995 461 1072 498 illis,
1088 462 1116 491 et
1129 460 1331 490 deambulabo
1346 462 1378 490 in
1393 461 1446 490 eis.
1468 461 1533 490 Hos

830 514 904 545 ergo
919 507 1019 545 pedes
1027 507 1132 545 primo
1142 507 1233 544 ungit
1244 506 1350 536 anima
1364 506 1532 544 peccatrix

829 552 885 582 illo
901 553 1006 591 primo
1017 553 1181 591 unguento
1190 575 1199 590 ,
1214 552 1300 590 quod
1312 552 1433 582 dicitur
1445 559 1533 582 com-

829 598 1025 635 punctionis.
1038 598 1186 637 Denique
1199 598 1314 635 Maria,
1330 606 1402 636 quae
1416 606 1532 636 pecca-

829 643 895 673 trix
912 644 998 683 erat,
1014 644 1112 675 unxit
1122 644 1221 683 pedes
1232 645 1319 674 Jesu.
1332 644 1397 674 Nec
1408 644 1533 674 medio-

829 696 882 718 cre
897 697 973 720 sane
995 691 1199 728 unguentum
1222 690 1282 719 hoc
1302 689 1474 727 videatur,
1491 689 1532 720 de

827 743 891 773 quo
906 735 1063 774 scriptum
1078 736 1126 766 est
1142 745 1150 765 :
1167 737 1208 766 Et
1224 737 1330 766 domus
1345 736 1470 774 impleta
1489 737 1533 765 est

828 789 867 810 ex
895 782 986 811 odore
1008 783 1166 820 unquenti.
1196 783 1260 811 Nee
1286 781 1405 811 mirum
1418 803 1428 819 ,
1456 789 1531 811 011111

829 826 928 856 etiam
952 828 988 857 in
1015 827 1203 857 coelestibus
1234 827 1395 857 sentiatur
1422 825 1533 863 hujus-

829 872 915 902 modi
930 873 1087 910 unguenti
1110 873 1288 911 fragrantia
1298 894 1306 910 ,
1321 872 1468 903 Veritate
1482 873 1532 902 at-

829 917 967 949 testante
989 927 1060 957 qua¹
1078 919 1122 949 ait
1138 927 1146 948 ι
1163 920 1319 949 Gaudium
1343 920 1386 949 est
1409 918 1532 957 Anqelz‘s

827 965 887 993 Del
911 973 1001 1003 super
1029 974 1090 994 uuo
1122 966 1283 1003 peccatore
1320 965 1531 1003 poenitentiam

829 1011 946 1047 aqeute.
972 1011 1094 1040 Verum
1118 1010 1359 1048 quantumlibet
1381 1018 1531 1048 unguen-

829 1053 897 1083 tum
926 1055 986 1085 hoc
1013 1055 1193 1093 pretiosum
1220 1054 1371 1085 videatur
1383 1077 1393 1093 ,
1422 1056 1530 1086 tamen

829 1100 1049 1138 comparatum
1061 1101 1175 1138 alteri,
1188 1101 1273 1139 quod
1282 1100 1465 1139 appellatur
1476 1101 1531 1131 de—

828 1146 985 1185 votionis,
1002 1148 1035 1177 et
1051 1148 1218 1177 conficitur
1241 1155 1283 1177 ex
1304 1147 1460 1176 memoria
1474 1147 1532 1177 be-

827 1192 1016 1222 neficiorum
1042 1193 1243 1231 divinorum,
1259 1201 1322 1231 quo
1345 1193 1378 1222 et
1397 1192 1531 1231 ungitur

828 1238 925 1274 caput
938 1238 1086 1276 Domini,
1103 1239 1168 1268 vile
1185 1240 1218 1269 et
1231 1238 1353 1268 nullius
1368 1238 1466 1276 pretii
1481 1238 1531 1268 in-

828 1282 998 1321 telligitur.
1014 1284 1162 1322 Denique
1182 1284 1221 1313 de
1237 1283 1293 1313 illo
1308 1283 1429 1313 dicitur
1443 1292 1451 1312 :
1469 1285 1529 1314 Cor

827 1329 992 1358 contritum
1006 1331 1036 1359 et
1049 1329 1246 1359 humiliatum
1261 1331 1344 1359 Deus
1358 1337 1419 1358 uon
1434 1330 1529 1367 ‹lespi-

826 1374 893 1403 cies.
909 1375 956 1403 De
969 1374 1031 1404 isto
1045 1383 1122 1404 vero
1136 1383 1143 1403 τ
1162 1375 1353 1412 Sacrificium
1367 1375 1466 1404 laudis
1476 1374 1530 1403 Ιιο-

827 1419 999 1456 ›zorificabil
1019 1429 1078 1449 me.
1096 1420 1198 1458 Caput
1217 1428 1258 1449 ex
1275 1428 1312 1450 eo
1327 1419 1438 1458 ungis,
1455 1428 1527 1449 cum

825 1464 864 1494 (10
887 1465 954 1495 51115
975 1465 1068 1496 (101115
1089 1467 1157 1496 1)00
1185 1465 1305 1504 gratias
1320 1465 1387 1503 agis
1404 1475 1411 1494 :
1428 1466 1528 1504 siqui-

825 1510 898 1540 dem
912 1512 1010 1550 caput
1020 1512 1136 1542 Christi
1148 1534 1157 1550 ,
1170 1513 1269 1542 Deus.
1284 1511 1394 1542 Deitas
1406 1520 1481 1549 ergo
1494 1511 1529 1541 in

825 1556 949 1587 Christo
978 1557 1124 1596 tangitur
1140 1580 1149 1596 ,
1176 1558 1303 1596 quoties
1332 1557 1373 1587 ad
1397 1557 1527 1586 laudem

825 1602 926 1639 ipsius
940 1603 1010 1641 ejus
1024 1604 1430 1634 110110110131110111013111115ε
1444 1603 1530 1632 sicut

823 1648 961 1678 nontam
975 1650 1078 1680 deitas
1090 1658 1186 1688 quam
1198 1650 1383 1679 humanitas
1394 1658 1526 1679 11000550

825 1694 872 1723 est
896 1695 933 1725 ut
957 1695 1135 1734 cogitetur,
1151 1705 1224 1725 cum
1250 1704 1314 1725 non
1340 1695 1409 1732 ejus
1425 1696 1526 1732 dona,

824 1739 879 1769 sed
895 1741 1003 1770 nostra
1018 1742 1151 1779 peccata
1165 1742 1386 1771 recordamur.

862 1785 895 1815 2.
920 1787 998 1815 Nam
1015 1787 1048 1815 in
1065 1787 1169 1816 carnis
1197 1786 1418 1825 assumptione
1447 1787 1526 1816 duos

825 1830 896 1860 illos
917 1831 1017 1870 pedes
1029 1831 1069 1861 ad
1084 1832 1144 1862 1100
1170 1833 1332 1870 accepisse
1361 1832 1526 1869 cognosci-

825 1876 892 1915 tur,
909 1877 943 1907 id
959 1878 1008 1907 est
1023 1877 1278 1908 misericordiam
1295 1879 1327 1908 et
1348 1877 1524 1915 judicium,

825 1922 860 1951 ut
882 1923 1050 1961 peccator,
1076 1924 1132 1961 qui
1154 1924 1195 1953 ad
1219 1925 1333 1962 caput,
1361 1923 1395 1952 id
1411 1924 1461 1953 est
1485 1924 1524 1953 ad

824 1967 976 1998 deitatem
987 1991 995 2006 ,
1024 1977 1190 1998 accessum
1218 1977 1283 1998 non
1310 1968 1469 2006 habehat,
1485 1969 1525 1998 ad

824 2012 939 2050 pedes,
956 2014 989 2043 id
1001 2015 1049 2044 est
1065 2014 1104 2043 ad
1119 2015 1374 2052 humanitatem,
1390 2014 1525 2045 accede—

823 2058 882 2088 ret.
898 2059 965 2088 Nisi
983 2059 1071 2089 enim
1092 2054 1153 2098 pes'
1178 2060 1233 2090 ille
1245 2082 1254 2098 ,
1270 2069 1367 2098 quem
1383 2061 1526 2090 diximus

823 2104 1096 2143 misericordiam,
1117 2106 1157 2135 ad
1183 2106 1350 2136 hominem
1377 2114 1525 2146 assump-

824 2152 890 2180 tum
905 2151 1107 2189 pertineret,
1124 2153 1242 2181 Paulus
1257 2152 1297 2182 de
1323 2153 1379 2182 illo
1393 2161 1460 2183 non
1474 2154 1523 2184 di·

821 2196 933 2226 ceret:
953 2198 1117 2227 Tantalum
1141 2200 1245 2227 aulem
1264 2208 1320 2237 per
1348 2201 1454 2229 omnia
1466 2210 1523 2238 pro

820 2242 1017 2272 similitudine
1029 2243 1141 2281 absque
1151 2246 1273 2281 peccato
1281 2265 1292 2281 ,
1304 2245 1339 2273 ul
1353 2245 1524 2276 mz'scrz'cors·

818 2288 914 2325 fieret.
930 2288 968 2317 Et
988 2288 1051 2318 nisi
1064 2288 1224 2325 judicium
1249 2297 1343 2328 aeque
1363 2289 1403 2319 ad
1418 2290 1525 2320 homi-

822 2341 897 2363 nem
924 2334 1125 2372 pertineret,
1151 2334 1221 2372 ipse
1246 2335 1342 2365 homo
1367 2335 1455 2366 Deus
1482 2337 1522 2366 (le

820 2379 925 2417 seipso
939 2387 1005 2409 non
1021 2379 1158 2410 dixisset
1173 2389 1181 2410 ε
1196 2382 1239 2411 Ec
1251 2383 1430 2419 potestatem
1445 2383 1523 2412 dedic

820 2426 848 2454 ci
862 2424 1010 2462 judicium
1021 2426 1135 2463 facere,
1149 2428 1222 2465 qula
1231 2427 1312 2464 silius
1324 2427 1455 2457 hominis
1467 2430 1521 2457 cs!-

821 2469 931 2507 Itaque
960 2470 1000 2501 ad
1028 2471 1086 2500 hos
1112 2472 1213 2509 pedes
1240 2473 1304 2503 viri
1328 2473 1463 2509 doloris,
1489 2475 1521 2501 ot

821 2515 953 2545 scientis
982 2515 1226 2554 infirmitatem,
1254 2518 1405 2555 peccator
1429 2525 1521 2546 accr—

821 2559 896 2589 dere
921 2569 985 2590 non
1009 2561 1331 2598 dubitans‚fidenter
1353 2562 1494 2600 loquitur
1509 2571 1519 2589 ε

820 2607 909 2635 Nunc
937 2609 1041 2636 aulem
1066 2617 1135 2637 cum
1161 2609 1273 2645 fiducia
1297 2609 1467 2637 accedimus
1481 2609 1519 2635 ml

823 2651 965 2682 thronum
978 2654 1096 2692 qralz‘oe.
1110 2655 1176 2685 Non
1191 2654 1267 2684 enim
1282 2652 1428 2685 habemus
1440 2654 1522 2682 Pou-
