1830 3073
243 238 282 268 ¹4

244 294 305 323 lier
317 316 326 331 ‚
342 292 379 323 ut
392 291 544 330 corripiat
559 297 611 320 me
625 289 729 327 justus
752 289 786 317 in
810 287 937 316 miseri-

244 338 367 376 cordia,
383 338 418 367 et
432 337 577 375 increpet
588 343 640 364 me
649 357 658 372 ,
670 342 765 372 quam
778 334 817 363 ut
830 332 938 361 oleum

243 383 419 423 peccatoris
434 382 618 421 impinguet
636 380 733 418 caput
753 385 880 415 meum,
895 383 954 431 nei

244 431 325 462 forte
351 431 437 460 terra
463 428 627 464 inveniar,
656 433 751 464 quam
778 422 940 462 percutiat

242 477 331 515 virga
352 475 415 506 oris
434 475 503 512 sui,
519 473 643 512 quando
659 477 731 500 vasa
746 469 834 506 figuli
849 468 940 505 virga

242 521 347 552 ferrea
366 521 583 551 conterentur.
604 518 724 546 Bonum
743 514 824 543 mihi
842 522 940 552 prop-

241 566 293 597 ter
306 567 406 596 verba
424 565 582 595 labiorum
604 562 674 599 ejus
691 568 764 590 cum
779 559 939 597 Propheta

242 612 404 643 custodire
432 611 501 641 vIas
534 609 628 638 duras
644 628 653 643 ,
684 613 781 643 quam
815 605 954 642 pariter*

244 666 317 688 cum
346 656 446 696 impio
472 653 614 685 interfici
638 651 757 691 spiritu
780 651 955 693 labiorumi

241 703 324 741 ejus.

281 749 313 779 ¹⁴.
328 749 417 778 Nunc
437 745 546 776 autem
567 742 594 773 si
615 741 694 781 quid
712 740 953 785 amaritudinis}

240 795 344 825 sentio
361 794 393 823 in
405 799 481 822 voce
497 790 586 827 ejus,
600 797 666 818 non
685 788 754 818 sine
769 788 940 819 dulcedine

242 841 292 870 est
307 837 475 876 :quoniam
491 843 565 864 cum
580 834 682 864 iratus
703 833 820 870 fuerit,
842 829 955 863 mise-¹,

241 884 386 915 ricordiae
410 880 659 910 recordabitur:
684 879 784 908 immo
804 887 883 908 vero
908 879 955 922 et]

243 930 310 967 ipsa
332 925 510 964 indignatio
524 932 589 955 non
614 923 765 961 aliunde,
789 932 886 962 quam
901 923 955 953 de*

241 971 461 1003 1ni<eric0rdia
484 971 544 1001 est.
567 970 651 1006 Quos
666 969 755 1004 enim
770 970 874 1007 amat,
889 977 956 999 ει·-1

243 1020 309 1056 gnit
324 1019 356 1047 et
371 1017 522 1055 castigat,
539 1016 573 1046 et
594 1015 736 1054 flagellat
760 1023 889 1045 omnem
903 1016 942 1044 fi-

242 1066 321 1094 lium
346 1071 444 1102 quem
472 1061 613 1099 recipit:
631 1061 765 1091 visitans
793 1061 828 1090 in
851 1062 940 1099 virga

240 1110 430 1148 iniquitates
453 1107 542 1145 ejus,
559 1108 591 1136 et
606 1106 640 1136 in
659 1106 851 1136 verberibus
865 1115 942 1144 pec-

241 1157 309 1185 cata
325 1152 712 1192 ipsiustmisericordiam
727 1152 837 1181 autem
851 1160 941 1181 suam

714 236 745 264 S.
767 233 997 262 BERNARDI
1017 233 1206 263 ABBATIS

969 286 1060 315 ribus
1088 287 1281 326 innitentes,
1306 288 1390 319 sicut
1418 289 1573 327 scriptum
1593 289 1643 320 est
1658 296 1667 318 ι

971 332 1030 369 Qui
1041 333 1149 362 statuit
1174 342 1269 371 supra
1285 337 1405 372 petram
1427 337 1514 374 pedes
1529 344 1626 371 meos,
1641 337 1669 364 ct

969 377 1082 406 direxit
1105 386 1222 415 qressus
1233 387 1323 410 mneos.
1340 380 1391 409 Sic
1408 388 1482 418 ergo
1503 379 1670 410 constituti

971 422 1003 451 et
1014 421 1168 460 stabiliti,
1187 422 1254 460 jam
1279 425 1533 463 contemplemur
1543 447 1553 462 ‚
1567 426 1604 455 ut
1619 425 1670 455 vi-

970 466 1104 497 deamus
1127 468 1206 506 quid
1229 468 1315 499 dicat
1334 471 1445 509 nobis,
1461 472 1495 501 et
1513 471 1591 510 quid
1615 479 1668 500 re—

970 513 1185 550 spondeamus
1200 514 1240 544 ad
1255 516 1443 553 arguentem
1456 524 1527 546 nos.

1009 559 1039 587 5.
1056 559 1180 589 Primus
1195 560 1283 590 enim
1299 560 1580 598 contemplationis
1601 568 1670 598 gra-

970 603 1030 633 dus
1044 604 1105 634 iste
1122 606 1188 644 est,
1205 605 1427 643 dilectissimi,
1447 606 1485 635 ut
1504 606 1671 636 incessan—

970 650 1020 679 ter
1034 651 1273 681 consideremus
1293 651 1373 690 quid
1396 651 1477 682 velit
1494 651 1672 689 DomInus,

970 695 1049 733 quid
1072 697 1200 734 placeat
1223 697 1273 727 ei:
1287 697 1366 735 quid
1380 699 1549 735 acceptum
1564 698 1606 728 sit
1620 707 1672 728 co-

970 749 1038 770 ram
1052 741 1133 780 ipso.
1150 743 1188 771 Et
1201 743 1352 780 quoniam
1367 743 1402 772 in
1414 744 1525 773 multis
1539 744 1673 775 offendi-

971 795 1042 816 mus
1057 795 1186 825 omnes,
1202 789 1236 818 et
1249 788 1402 818 fortitudo
1417 789 1524 818 nostra
1539 789 1574 818 in
1584 789 1673 821 illius

970 827 1201 862 rectitudinem
1225 833 1402 863 voluntatis
1429 834 1577 872 offendit,
1610 843 1673 865 nec

971 878 1121 916 conjungi
1138 879 1169 907 ei
1183 878 1239 908 aut
1256 879 1396 917 coaptari
1417 879 1524 917 potest
1540 888 1548 909 τ
1565 881 1674 910 humi-

971 923 1089 953 liemur
1103 924 1162 954 sub
1177 925 1304 962 potenti
1319 932 1417 954 manu
1432 924 1491 954 Dei
1503 925 1672 963 altissimi,

972 970 1006 999 et
1033 970 1164 999 omnino
1189 970 1320 1001 solliciti
1345 971 1446 1001 simus
1470 971 1673 1001 miserabiles

971 1023 1028 1045 nos
1057 1016 1214 1045 exhibere
1247 1016 1282 1045 in
1310 1016 1411 1045 oculis
1443 1016 1673 1047 misericordiae

973 1061 1042 1098 ejus
1052 1083 1060 1098 ,
1072 1061 1234 1091 dicentes:
1251 1063 1338 1092 Sana
1349 1071 1408 1098 me,
1417 1063 1547 1092 Domine
1556 1083 1567 1098 ‚
1579 1064 1606 1092 et
1620 1071 1673 1092 sa-

972 1106 1091 1136 nabor?
1105 1107 1224 1136 salvum
1246 1116 1294 1136 me
1309 1107 1376 1144 fac,
1392 1109 1420 1136 et
1440 1108 1541 1137 salvus
1557 1117 1620 1137 ero.
1636 1107 1675 1137 Et

973 1152 1216 1188 illudtDomine,
1226 1153 1367 1182 miserere
1375 1153 1444 1188 mei,
1450 1160 1529 1182 sana
1536 1153 1675 1182 animam

242 1209 304 1230 non
318 1200 475 1238 dispergit
489 1199 528 1229 ab
545 1207 595 1228 eo.
610 1199 785 1235 Propterea
797 1197 852 1236 qui
865 1206 942 1236 pru—
973 1207 1074 1228 meam
1088 1199 1162 1236 quia
1182 1198 1304 1235 peccas-2·
1317 1197 1381 1226 tibi.
1398 1198 1568 1235 Postquam
1586 1198 1674 1227 enim

240 1245 353 1275 dentes
367 1246 442 1274 sunt
454 1266 463 1281 ,
477 1251 542 1272 non
554 1242 705 1281 operiunt
717 1242 851 1271 vulnera
866 1250 920 1271 sua
932 1264 941 1279 ,
974 1243 1007 1272 in
1036 1242 1219 1279 hujusmodi
1257 1242 1505 1280 cogitationibus
1537 1243 1676 1272 munda-

241 1290 296 1320 sed
303 1290 457 1328 detegunt
466 1297 475 1327 3
485 1288 943 1326 etconfitenturDomino'quo—
956 1284 958 1325 ᾗ
973 1290 1024 1318 tus
1040 1289 1088 1318 est
1101 1288 1212 1318 oculus
1224 1288 1339 1324 cordiS,
1353 1288 1418 1324 jam
1430 1296 1493 1318 non
1508 1287 1543 1317 in
1557 1288 1675 1325 spiritu

240 1335 327 1365 niam
342 1336 446 1365 bonus
457 1358 465 1373 ‚
489 1334 641 1372 quoniam
664 1334 698 1363 in
713 1334 866 1363 saeculum
881 1332 959 1375 nii-l
975 1335 1082 1364 nostro
1098 1342 1169 1364 cum
1187 1333 1415 1370 amaritudine,
1439 1333 1495 1363 sed
1512 1332 1547 1363 in
1562 1333 1675 1364 divino

241 1381 416 1411 sericordia
428 1380 515 1417 ejus,
532 1380 564 1409 et
578 1378 622 1408 sic
638 1378 750 1407 vinum
764 1378 959 1429 reprehen-3
975 1380 1074 1418 magis
1098 1379 1216 1418 spiritu
1237 1387 1310 1408 cum
1331 1379 1433 1408 multa
1458 1378 1674 1409 delectatione

242 1427 340 1455 sionis
353 1426 514 1463 infundit,
528 1426 566 1454 ut
576 1433 640 1454 non
653 1424 735 1454 desit
747 1424 855 1454 oleum
868 1431 959 1459 con—5
975 1434 1141 1456 versamur
1156 1434 1164 1453 τ
1179 1433 1241 1454 nec
1260 1425 1327 1462 J'am
1350 1424 1589 1454 consideramus
1604 1432 1676 1462 quae

242 1472 418 1501 solationis.
434 1471 625 1509 Propterea,
651 1470 800 1508 iuquam,
815 1470 943 1508 sapiens
956 1462 959 1499 ἶ
975 1472 1016 1501 sit
1030 1471 1178 1501 voluntas
1188 1471 1249 1500 Dei
1262 1471 1295 1500 in
1310 1470 1414 1507 nobis,
1425 1471 1481 1500 sed
1496 1470 1567 1507 (luae
1583 1470 1626 1500 sit
1640 1470 1675 1499 in

242 1517 458 1555 apprehendit
501 1516 705 1554 disciplinam
716 1536 726 1553 ‚
772 1516 943 1554 nequando
956 1504 960 1560 ἶ
974 1516 1089 1554 seipsa.
1106 1516 1180 1545 Vita
1195 1516 1284 1545 enim
1302 1515 1337 1544 in
1351 1515 1517 1545 voluntate
1533 1515 1621 1552 ejus,
1639 1516 1676 1545 ut

242 1562 398 1593 irascatur
418 1562 574 1592 Dominus
587 1583 595 1599 ,
619 1563 652 1591 et
677 1561 742 1598 jam
766 1561 959 1611 secundum}
975 1562 1034 1591 hoc
1050 1562 1143 1590 nobis
1158 1562 1193 1590 in
1210 1561 1358 1590 omnibus
1370 1561 1484 1591 utilius
1501 1561 1598 1598 atque
1610 1569 1677 1590 om-

243 1609 488 1638 multitudinem
505 1608 561 1637 irae
577 1615 642 1637 suae
657 1615 721 1636 non
731 1608 871 1645 quaerat,
887 1607 943 1637 sed
958 1615 959 1637 l
974 1607 1051 1636 nino
1074 1606 1271 1636 commodius
1292 1613 1362 1635 esse
1386 1614 1452 1635 non
1472 1605 1675 1643 dubitemus,

241 1655 372 1684 recedat
387 1655 474 1684 zelus
490 1654 559 1691 ejus
571 1653 610 1682 ab
622 1653 702 1690 ipso.
714 1653 790 1682 Inde
800 1654 847 1682 est
857 1654 943 1683 enim
956 1640 960 1673 ⁹
974 1653 1059 1691 quod
1069 1653 1139 1690 eJ'us
1150 1651 1472 1690 congruitvoluntati.
1483 1652 1522 1680 Et
1531 1652 1679 1689 propter-

241 1699 327 1737 quod
356 1699 510 1737 sapientis
537 1698 681 1734 coi-,ubi
709 1699 842 1726 tristitia
865 1679 961 1727 :cort

242 1753 319 1774 xero
332 1745 501 1774 stultorum
512 1766 520 1781 ,
530 1743 585 1772 ubi
594 1741 707 1772 laetitia
720 1751 728 1770 τ
746 1742 802 1771 sed
813 1742 943 1772 tristitia

242 1789 330 1818 illius
352 1790 561 1818 convertetur
585 1788 619 1817 in
643 1787 809 1825 gaudium,
830 1788 863 1817 et
888 1796 942 1817 ex-

242 1836 346 1864 trema
362 1835 469 1873 gaudii
486 1834 616 1863 illorum
630 1833 738 1862 luctus
760 1834 942 1871 occupabit.

243 1881 324 1909 Audi
341 1881 481 1918 denique
497 1880 623 1909 Abacuc
637 1879 828 1917 prophetam
841 1901 849 1916 ,
866 1865 961 1917 quo-ff

244 1926 337 1955 modo
352 1925 545 1955 dominicam
561 1932 626 1954 non
641 1924 824 1954 dissimulet
839 1913 961 1954 incre-¹

244 1971 423 2008 pationem3
440 1971 496 2001 sed
511 1970 622 2000 sedula
647 1977 683 1999 ac
699 1969 837 1999 sollicita
860 1937 961 2018 circa>

245 2024 315 2045 eam
344 2017 535 2054 cogitatione
561 2016 721 2045 versatur.
753 2015 806 2044 Ait
830 2016 917 2045 enim
933 2024 942 2045 t

245 2063 341 2099 Super
361 2064 529 2092 custodiam
553 2071 655 2092 meam
673 2061 778 2098 stabo,
801 2063 830 2092 et
851 2063 945 2101 fiqam

246 2108 374 2144 qradum
398 2109 427 2136 in
445 2109 645 2138 munitionem
661 2117 670 2137 :
686 2109 718 2137 ut
734 2108 851 2137 videam
875 2110 946 2146 quid

245 2153 325 2181 dicat
351 2153 441 2188 mihi,
467 2156 493 2182 c!
510 2154 581 2191 quid
606 2154 801 2190 respondeam
829 2154 869 2182 ad
893 2163 946 2182 ar-

245 2199 383 2236 qucntcm
406 2207 462 2226 me.
489 2198 526 2226 Et
541 2206 598 2227 nos
619 2206 712 2235 ergo,
730 2198 873 2235 Fratres,
890 2199 945 2228 ob-

246 2250 334 2272 secro
344 2265 352 2280 ,
363 2252 459 2281 super
471 2244 648 2273 custodiam
658 2244 800 2272 nostram
812 2245 945 2282 stemus,

245 2289 398 2325 quoniam
423 2289 551 2326 tempus
583 2288 711 2317 militiae
741 2290 799 2318 est.
825 2290 890 2318 Nec
912 2290 945 2318 in

245 2333 449 2371 sterquilinio
470 2334 566 2370 hujus
580 2334 693 2364 miseri
710 2334 869 2372 corporiS,
891 2335 945 2364 sed

245 2378 280 2407 in
295 2378 409 2415 corde,
424 2378 480 2408 ubi
505 2379 648 2409 Christus
676 2379 818 2417 habitat,
841 2378 875 2409 in
894 2380 947 2417 ju-

246 2423 331 2453 dicio
347 2425 380 2453 et
393 2424 525 2454 consilio
541 2425 672 2454 rationis
688 2425 729 2454 sit
747 2426 946 2456 conversatio

246 2470 353 2498 nostra
370 2477 379 2497 t
397 2469 440 2499 ita
456 2477 531 2499 sane
553 2470 589 2498 ut
604 2477 667 2498 non
687 2469 721 2498 in
742 2470 811 2508 ipsa
826 2470 947 2499 habea-

247 2521 319 2542 mus
330 2513 491 2551 fiduciam,
502 2521 562 2543 nec
577 2513 679 2552 fragili
690 2514 867 2544 innitamur
879 2523 948 2544 cus-

246 2558 361 2596 todiae,
376 2559 433 2588 sed
447 2559 579 2597 figamus
593 2559 727 2597 gradum
743 2560 777 2589 in
792 2560 947 2590 munitio-

246 2611 322 2634 nem
332 2625 341 2642 ‚
356 2604 545 2635 firmissimae
559 2606 659 2644 petra)
669 2605 791 2634 Christo
807 2605 882 2636 totis
897 2605 944 2635 vi-

975 1706 1012 1726 ea
1034 1706 1129 1734 quam
1155 1697 1291 1725 sollicite
1313 1703 1503 1725 conservare
1529 1697 1678 1726 volumus

975 1742 1074 1772 vitam
1083 1742 1197 1771 animae
1208 1742 1335 1778 nostrae,
1343 1741 1409 1770 tam
1421 1740 1550 1771 solliciti
1559 1742 1658 1772 simus
1667 1764 1677 1780 ‚

975 1789 1079 1826 quoad
1104 1795 1272 1826 possumus
1283 1808 1292 1823 ,
1314 1786 1354 1816 ab
1377 1794 1415 1816 ea
1439 1795 1504 1816 non
1531 1787 1675 1817 deviare.

975 1834 1100 1863 Deinde
1117 1842 1191 1863 cum
1203 1833 1270 1870 jam
1285 1833 1321 1862 in
1343 1831 1504 1870 spirituali
1521 1833 1678 1864 exercitio

976 1880 1179 1917 aliquatenus
1207 1878 1440 1916 profecerimus
1450 1898 1460 1914 ,
1485 1877 1601 1907 ducem
1627 1888 1678 1908 se—

976 1925 1112 1962 quentes
1137 1923 1294 1961 Spiritum
1306 1944 1315 1959 ,
1331 1922 1386 1960 qui
1402 1922 1563 1952 scrutatur
1578 1923 1679 1953 etiam

976 1971 1038 1999 alta
1053 1970 1130 2007 Dei3
1146 1969 1321 2006 cogitemus
1331 1975 1426 2006 quam
1433 1967 1540 1998 suavis
1553 1968 1596 1998 sit
1615 1970 1680 1998 Do-

976 2016 1083 2045 minus
1092 2037 1100 2053 ,
1112 2022 1207 2053 quam
1219 2014 1323 2043 bonus
1334 2013 1369 2042 in
1381 2013 1555 2050 semetipso
1565 2034 1574 2050 ,
1588 2022 1680 2043 oran·

978 2063 1025 2091 tes
1038 2068 1112 2089 cum
1125 2060 1284 2097 Propheta
1294 2081 1303 2096 ,
1312 2059 1350 2088 ut
1356 2058 1525 2088 videamus
1533 2059 1680 2088 volunta-

978 2108 1042 2137 tem
1055 2105 1200 2142 Domini,
1224 2105 1257 2135 et
1270 2104 1441 2134 visitemus
1465 2103 1533 2140 jam
1547 2112 1611 2133 non
1627 2112 1681 2133 cor

978 2153 1119 2182 nostrum
1131 2174 1139 2189 ,
1152 2150 1373 2188 sedtemplum
1388 2149 1458 2186 ejus
1470 2149 1521 2185 3et
1536 2157 1610 2179 cum
1625 2158 1681 2179 eo·

978 2201 1050 2231 dem
1062 2197 1440 2237 Prophetanihilominus
1451 2196 1596 2226 dicentes
1612 2206 1620 2224 :
1633 2197 1681 2226 Aa

979 2247 1124 2282 meipsum
1133 2245 1239 2273 anima
1247 2252 1315 2272 mea
1331 2242 1514 2271 conturbata
1528 2243 1582 2277 est,
1589 2250 1682 2280 prop·

978 2292 1059 2320 terea
1071 2296 1245 2318 memorem
1259 2288 1313 2316 tui.
1325 2287 1361 2315 In
1381 2286 1432 2315 his
1449 2286 1536 2315 euim
1558 2286 1681 2315 duobus

978 2336 1044 2365 tota
1073 2332 1252 2372 spiritualis
1281 2330 1533 2362 conversationis
1557 2339 1682 2360 summa

978 2379 1143 2416 versatur,
1170 2379 1208 2407 ut
1231 2377 1265 2406 in
1290 2377 1399 2406 nostra
1425 2375 1681 2405 consideratione

978 2424 1148 2453 turbemur
1165 2423 1198 2462 et
1213 2421 1440 2451 contristemur
1465 2420 1506 2450 ad
1524 2420 1660 2450 salutem
1671 2441 1680 2457 ‚

980 2469 1013 2500 in
1024 2468 1133 2498 divina
1145 2467 1359 2505 respiremus3
1375 2467 1411 2496 ut
1425 2466 1464 2496 de
1481 2465 1597 2503 gaudio
1612 2465 1682 2503 Spi-

978 2515 1059 2544 ritus
1067 2514 1170 2544 sancti
1186 2513 1360 2542 habeamus
1369 2510 1634 2547 consolationem3
1648 2511 1681 2540 et

979 2560 1054 2589 hine
1071 2559 1220 2589 timorem
1229 2559 1262 2588 et
1273 2557 1489 2588 humilitatem
1498 2577 1507 2592 ,
1518 2555 1591 2586 inde
1604 2563 1680 2587 vero

981 2613 1070 2644 spem
1085 2604 1301 2642 concipiamus
1313 2604 1346 2633 et
1359 2601 1537 2632 caritatem.
