1846 3078
252 218 313 250 508

252 273 344 305 fides.
372 275 477 307 Mariae
505 275 709 307 obumbravit
733 277 854 314 proprii
875 276 950 305 Filii

255 329 345 359 caro,
360 321 442 352 mihi
456 322 586 352 Domini
599 322 688 352 fides.
709 323 906 359 Quamquam
917 322 950 351 et

253 366 336 397 mihi
362 374 487 406 quoque
511 367 667 406 quomodo
692 376 757 396 non
781 366 951 395 obumbrat

253 419 345 450 caro,
356 413 413 451 qui
427 413 461 443 in
475 414 627 452 mysterio
643 412 800 442 manduco
813 410 903 440 eam?
914 412 951 440 Et

252 458 363 488 sancta
390 458 601 488 nihilominus
617 458 712 494 Virgo
737 455 812 485 fidei
830 456 861 485 et
882 455 951 492 ipsa

252 505 389 541 experta
405 505 453 534 est
474 505 639 540 umbram,
661 502 713 531 cui
728 501 850 530 dictum
876 503 948 531 est:

253 548 294 579 Et
309 549 397 579 beata
417 558 484 588 quoe
505 548 663 579 credidisti.
687 547 748 577 Sub
764 546 873 576 umbra
887 547 950 584 ejus

253 602 340 631 quem
369 596 606 625 desideraveram
625 594 698 623 sedi.
717 593 753 621 Et
768 592 948 629 Propheta:

249 640 400 676 Spiritus,
426 640 550 676 inquit,
581 640 651 667 ante
679 637 787 674 faciem
812 639 949 666 nostram

250 684 388 713 Clo-{slus
399 685 548 713 Dominus
558 692 568 720 ,-
582 682 736 711 inumbra
749 682 950 719 ejusviremus

248 729 328 758 inter
339 731 446 766 qentes.
456 728 491 756 In
498 727 612 756 umbra
620 727 653 756 in
665 727 827 764 gentibus,
836 727 869 756 in
878 728 948 757 luce

249 782 322 803 cum
337 774 474 811 Angelis.
499 773 534 802 ln
556 774 669 803 umbra
694 782 822 811 sumus,
837 782 950 811 quam-

248 819 305 849 diu
320 828 377 856 per
392 819 486 848 fidem
511 819 731 857 ambulamus,
748 820 781 848 et
807 827 870 848 non
891 828 949 857 per

248 864 389 902 speciem
405 872 411 891 :
429 864 461 892 et
477 863 548 893 ideo
560 863 667 899 justus
691 863 725 892 in
747 863 877 901 umbra,
893 863 948 901 qui

248 916 290 937 ex
306 908 365 937 tide
382 908 475 938 vivit.
491 909 530 937 At
541 909 597 946 qui
612 908 695 937 vivit
711 916 752 937 ex
767 908 946 945 intellectu,

248 953 360 982 beatus
372 955 419 983 est
435 961 443 981 z
460 954 536 991 quia
547 962 611 983 non
625 954 657 983 in
672 953 859 990 umbraJ'am
869 975 878 991 ,
892 954 948 983 sed

246 997 281 1026 in
298 998 431 1028 lumine.
445 999 554 1028 Justus
567 1000 636 1029 erat
646 999 749 1028 David
759 1021 768 1036 ,
785 999 817 1028 et
829 1007 870 1028 ex
885 998 946 1028 fide

245 1044 395 1081 vivebat,
411 1053 484 1074 cum
501 1044 703 1075 dicebatDeo
720 1053 728 1073 ε
744 1046 795 1074 Da
809 1044 885 1074 mihi
899 1046 947 1074 in-

244 1091 412 1126 tellectum,
435 1093 470 1120 ut
497 1091 611 1120 discam
645 1091 795 1119 mandata
820 1091 895 1126 tua,
920 1092 947 1120 et

244 1137 344 1165 viram
358 1146 367 1165 .-
383 1136 488 1165 sciens
503 1143 726 1165 successurum
748 1134 823 1163 fidei
850 1134 947 1164 intel—

244 1180 385 1218 lectum,
402 1180 585 1210 intellectui
609 1179 818 1209 revelandum
834 1179 945 1208 lumen

244 1225 339 1262 vitae,
357 1226 390 1254 et
403 1224 535 1254 luminis
545 1224 658 1254 vitam.
674 1224 766 1253 Prius
779 1224 826 1253 est
834 1224 945 1253 venire

243 1271 284 1300 ad
298 1271 462 1307 umbram,
483 1271 516 1300 et
531 1270 574 1300 ita
591 1269 631 1299 ad
655 1269 707 1306 id,
725 1269 814 1306 cujus
832 1269 945 1298 umbra

243 1317 310 1354 est,
334 1316 552 1354 pertransire:
570 1315 722 1353 quoniam
744 1315 946 1344 misici-edide-

241 1363 328 1398 riHs,
344 1362 407 1398 ait,
419 1370 482 1391 non
496 1362 674 1399 intelliyetis.

721 223 750 250 S.
776 220 1008 251 BERNARDI
1035 221 1230 250 ABBATIS

985 275 1085 313 pheta
1100 283 1172 304 cum
1185 274 1338 315 dixisset,
1349 274 1480 315 Spiritus
1491 274 1560 307 anic
1575 276 1683 314 facicm

985 322 1124 350 nostram
1141 321 1278 351 Christus
1292 323 1441 352 Dominus
1450 344 1460 360 ,
1475 329 1538 351 non
1551 325 1684 352 conten-

985 366 1037 394 tus
1053 364 1115 395 fuit
1129 366 1219 403 sequi
1236 367 1268 395 et
1283 366 1391 397 dicere
1406 377 1414 396 :
1430 369 1465 397 In
1480 367 1594 397 umbra
1615 367 1684 403 ejus

986 418 1112 447 summ,
1130 411 1185 440 scd
1202 412 1231 439 in
1247 412 1374 448 umbra,
1390 412 1495 451 inquit
1508 434 1517 450 ,
1535 413 1598 450 ejus
1612 413 1692 442 vit-i->

985 463 1053 485 mus
1065 456 1142 485 inter
1153 458 1264 493 qentes.
1274 456 1312 485 Et
1326 458 1361 485 tu
1370 465 1444 495 ergo
1456 458 1530 487 vide
1546 459 1582 487 ut
1593 457 1685 486 vivas

987 500 1134 537 exemplo
1160 501 1328 538 Prophetae
1354 501 1388 531 in
1412 503 1525 532 umbra
1547 503 1632 539 ejus,
1648 502 1686 531 ut

985 545 1179 583 quaudoque
1206 547 1238 575 et
1264 555 1378 584 regnes
1399 547 1433 576 in
1460 548 1584 577 lumine
1601 547 1682 584 ejus.

985 590 1048 619 Nec
1065 591 1152 620 enim
1161 593 1286 621 tautum
1298 592 1443 621 umbram
1454 593 1569 630 habet,
1585 592 1684 622 habet

986 637 1018 665 et
1034 636 1152 666 lucem.
1174 637 1245 674 Ipse
1270 646 1328 675 per
1352 645 1481 667 carnem
1507 638 1619 666 umbra
1635 639 1685 667 est

985 682 1080 720 fidei,
1098 683 1165 720 ipse
1181 682 1403 720 intelligentiae
1420 684 1529 713 lumen
1546 691 1604 721 per
1618 682 1684 719 spi-

985 727 1095 757 ritum.
1126 729 1162 758 Et
1191 737 1262 758 caro
1289 730 1337 758 est
1352 729 1455 765 enim,
1481 729 1514 758 et
1539 727 1682 765 spiritus,

984 773 1060 802 Caro
1087 773 1121 802 in
1159 782 1254 803 carne
1289 774 1516 810 manentibus,
1552 772 1684 810 spiritus

984 819 1057 848 ante
1074 818 1188 848 faciem
1202 820 1363 857 nostram,
1380 819 1413 849 id
1429 819 1477 848 est
1498 818 1533 847 in
1548 817 1656 847 futuro
1673 826 1682 847 :

983 863 1009 892 si
1024 864 1133 894 tamen
1157 874 1228 903 quae
1243 866 1328 895 retro
1343 866 1417 894 sunt.
1433 863 1661 893 obliviscentes
1671 884 1681 900 ‚

983 908 1022 937 ad
1039 917 1076 939 ea
1089 918 1159 947 quae
1175 912 1248 940 ante
1259 912 1333 940 sunt
1346 909 1557 947 nosmetipsos
1570 909 1682 938 exten-

983 954 1102 993 dimus,
1126 963 1189 993 quo
1217 955 1447 992 pervenientes
1476 954 1683 992 experiamur

983 998 1022 1028 de
1038 1001 1136 1030 verbo
1157 1000 1241 1038 quod
1254 999 1338 1028 dixit
1354 1008 1362 1028 ε
1380 1001 1459 1030 Caro
1475 1008 1536 1028 non
1562 1000 1682 1037 prodest

982 1046 1164 1083 quicquam,
1189 1046 1311 1083 spiritus
1333 1046 1375 1075 est
1396 1045 1449 1082 qai
1463 1044 1602 1081 vivificat.
1617 1045 1681 1074 Nec

982 1090 1109 1128 ignoro,
1137 1090 1222 1128 quod
1246 1090 1280 1119 in
1305 1097 1400 1119 carne
1425 1089 1529 1118 adhuc
1550 1096 1683 1119 manens

981 1136 1052 1173 quis
1068 1136 1188 1165 dixerit
1204 1145 1212 1163 :
1229 1137 1296 1165 Etsi
1316 1136 1508 1173 coqnovimus
1528 1134 1683 1164 Christum

980 1182 1141 1210 secundnm
1157 1190 1281 1211 carnem
1288 1202 1299 1217 ,
1314 1182 1363 1211 sed
1383 1189 1464 1210 nunc
1471 1179 1539 1216 jam
1552 1189 1612 1209 non
1626 1188 1683 1209 no-

981 1226 1088 1255 vimus.
1101 1227 1140 1256 At
1152 1227 1211 1256 hoc
1220 1227 1296 1256 ille:
1312 1234 1369 1255 nos
1381 1234 1458 1255 vero
1470 1224 1525 1263 qui
1538 1224 1681 1254 nondum

981 1271 1013 1299 in
1030 1272 1230 1309 paradisum,
1245 1272 1385 1301 nondum
1409 1271 1449 1300 ad
1469 1271 1601 1300 tertium
1617 1278 1682 1299 coe·

980 1316 1047 1345 lum
1073 1318 1142 1355 rapi
1171 1318 1350 1347 meruimus
1361 1339 1369 1354 ‚
1399 1316 1514 1346 Christi
1550 1316 1680 1345 interim

981 1369 1075 1391 carne
1096 1370 1281 1400 pascamur,
1306 1362 1460 1400 mysteria
1475 1369 1681 1396 veneremur,

285 1407 316 1436 7.
333 1407 430 1436 Vides
446 1407 541 1436 tidem
555 1408 589 1436 et
603 1407 703 1436 vitam
719 1414 807 1443 esse,
823 1404 856 1435 et
871 1405 946 1435 vitae
960 1399 963 1444 l
982 1408 1132 1445 exempla
1146 1409 1326 1445 sectemur,
1342 1408 1437 1437 fidem
1452 1414 1635 1444 servemus3
1649 1406 1683 1435 et

243 1451 403 1481 umbram.
415 1451 493 1480 Nam
506 1459 523 1480 e
536 1451 669 1488 regione
686 1450 753 1479 vita
768 1450 802 1479 in
820 1449 946 1479 deliciis

242 1504 358 1534 agens,
368 1496 519 1534 quoniam
534 1504 596 1525 non
609 1496 658 1525 est
673 1504 714 1524 ex
726 1495 801 1532 fide,
817 1496 849 1524 et
863 1503 946 1524 mors

242 1542 471 1580 est,etumbra
486 1541 609 1571 mortis.
621 1543 694 1580 Qaae
708 1543 805 1577 enim,
823 1540 945 1578 inquit,

241 1589 336 1618 vidua
347 1589 379 1618 2⁶⁷2
389 1589 499 1618 deliciis
508 1590 563 1624 est,
575 1589 675 1617 vivens
686 1589 809 1616 mortua
817 1588 870 1617 est.
887 1588 947 1616 De-

241 1633 341 1671 nique
356 1635 505 1671 sapientia
519 1634 621 1663 carnis
642 1641 725 1661 mors
753 1633 807 1661 θεῖ’.
837 1632 898 1661 Sed
915 1633 947 1662 et

241 1678 354 1707 mortis
361 1679 408 1708 est
415 1678 545 1714 umbra,
558 1675 645 1706 illius
657 1677 782 1706 scilicet
793 1685 863 1714 quae
876 1686 947 1707 cru-

242 1723 307 1753 ciat
315 1723 349 1753 in
359 1725 526 1753 aeternum.
536 1723 682 1753 Sedjmus
691 1723 723 1752 et
735 1731 792 1752 nos
802 1724 946 1761 aliquan-

239 1768 282 1798 do
292 1769 324 1798 in
336 1769 515 1799 tenebrosis
523 1770 556 1798 et
568 1768 683 1798 umbra
695 1768 819 1806 mortiS,
833 1777 947 1798 carna-

240 1814 318 1844 liter
342 1815 586 1851 conversantes,
613 1815 646 1844 et
661 1822 726 1843 non
749 1822 791 1843 ex
816 1814 879 1844 fide
895 1815 946 1844 vi-

240 1861 378 1898 ventes,
393 1859 511 1889 mortui
523 1859 591 1896 jam
606 1859 739 1897 quidem
758 1859 911 1897 justitiae,
927 1868 944 1890 a

240 1906 345 1935 morte
360 1913 436 1935 vero
451 1904 591 1934 secunda
606 1905 702 1943 paulo
716 1905 822 1934 minus
837 1906 945 1934 absor-

223 1949 352 1996 tbendi.
379 1951 542 1987 Quantum
568 1949 691 1979 etenim
717 1950 829 1979 umbra
845 1959 943 1988 prope

227 1999 229 2005 ¹
242 1996 291 2025 est
306 1996 429 2033 corpori
445 1995 538 2032 cujus
547 1996 595 2025 est
609 1995 723 2024 umbra
733 1996 875 2032 ‚tantum
889 2003 944 2033 pro

227 2030 330 2071 'certo
345 2041 411 2070 vita
427 2041 482 2070 illa
507 2042 615 2071 nostra
629 2040 755 2070 inferno
771 2042 945 2080 appropin-

238 2087 361 2123 quavit.
389 2087 536 2125 Denique
556 2087 616 2117 nisi
639 2089 712 2126 quia
723 2090 875 2119 Dominus
889 2091 946 2119 ad-

234 2131 315 2170 juvit·
328 2141 393 2169 me,
409 2133 514 2170 iuquit
527 2154 535 2170 ,
551 2133 645 2171 paulo
665 2135 766 2164 minus
780 2135 945 2166 habitasset

223 2177 275 2206 ⁴in
290 2177 409 2214 inferno
437 2180 543 2208 anima
566 2187 646 2208 mea.
669 2180 759 2208 Nunc
780 2181 888 2209 autem
905 2181 944 2211 de

240 2221 356 2252 umbra
377 2223 487 2253 mortis
501 2223 540 2252 ad
555 2224 631 2254 vitae
651 2224 858 2255 transivimus
872 2234 944 2255 um-

240 2265 351 2305 bram,
367 2268 468 2305 magis
491 2269 600 2298 autem
614 2271 760 2300 translati
782 2279 889 2300 sumus
904 2271 943 2301 de

241 2313 345 2342 morte
358 2312 395 2342 ad
407 2313 505 2342 vitam
515 2335 523 2350 ,
537 2314 571 2343 in
578 2315 693 2346 Christi
704 2316 818 2345 umbra
829 2317 944 2346 viven-

240 2358 311 2395 tes,
327 2357 354 2387 si
369 2359 478 2387 tamen
491 2359 658 2397 viventes,
683 2363 716 2391 et
730 2369 794 2391 non
810 2362 938 2392 mortui.

240 2402 306 2432 Nec
331 2402 435 2440 enim,
459 2410 548 2440 reor,
575 2405 745 2444 continuo,
760 2407 797 2436 ut
821 2406 892 2444 quis
910 2407 943 2436 in

241 2448 358 2478 umbra
383 2447 452 2485 ejus
475 2446 590 2484 fuerit,
616 2451 701 2487 quod
715 2451 805 2481 vivat
830 2451 864 2481 in
879 2460 941 2481 ea:

241 2494 318 2532 quia
331 2501 396 2523 non
409 2493 506 2532 plane
521 2493 626 2522 omnis
641 2495 697 2532 qui
714 2496 810 2526 fidem
825 2497 941 2535 hahet,

243 2546 286 2568 ex
300 2538 363 2569 fide
387 2538 483 2569 vivit.
500 2539 579 2569 Nam
599 2538 678 2569 fides
699 2540 767 2570 sine
793 2542 943 2579 operibus

242 2584 369 2614 mortua
393 2585 459 2621 est3
481 2592 541 2615 nec
574 2584 683 2624 potest
717 2585 792 2615 dare
821 2587 920 2616 vitam
932 2609 941 2625 ,

242 2635 340 2670 quam
355 2629 489 2661 minime
512 2630 580 2669 ipsa
601 2630 762 2662 habuerit.
780 2631 854 2662 ldeo
869 2633 942 2663 Pro-

981 1452 1138 1490 vivimus,
1150 1454 1294 1491 profecto
1310 1454 1344 1483 in
1358 1453 1485 1483 umbra.

1020 1500 1050 1528 8.
1075 1501 1110 1528 In
1126 1499 1237 1528 umbra
1252 1500 1315 1536 ejus
1331 1507 1419 1536 quem
1443 1498 1682 1528 desideraveram

980 1546 1052 1574 secli.
1060 1545 1214 1574 Fortassis
1226 1544 1351 1573 felicius
1360 1543 1481 1581 aliquid
1495 1543 1554 1571 ista
1567 1550 1682 1580 exper-

982 1592 1046 1619 tam
1061 1599 1094 1620 se
1110 1590 1262 1627 gloriatur
1274 1589 1307 1618 iu
1316 1597 1370 1625 eo,
1384 1588 1468 1626 quod
1481 1587 1559 1617 sein
1569 1588 1681 1617 umbra

982 1635 1077 1673 dicit,
1102 1644 1183 1672 non,
1208 1636 1244 1665 ut
1264 1634 1422 1671 Propheta
1433 1655 1441 1671 ,
1466 1633 1580 1663 vivere
1593 1654 1602 1670 ,
1625 1633 1680 1662 sed

981 1681 1112 1711 sedisse.
1126 1681 1245 1710 Sedere
1255 1680 1342 1710 enim
1357 1679 1524 1717 quiescere
1535 1679 1593 1708 est.
1606 1680 1680 1708 Plus

982 1727 1029 1756 est
1053 1727 1161 1756 autem
1190 1726 1358 1764 quiescere
1380 1725 1413 1753 in
1428 1724 1558 1762 umbra,
1583 1732 1680 1762 quam

980 1772 1093 1802 vivere
1110 1780 1118 1800 ε
1142 1772 1225 1802 sicut
1252 1771 1365 1801 vivere
1393 1770 1464 1808 plus
1488 1770 1554 1808 est,
1583 1778 1680 1808 quam

980 1817 1202 1848 tantummodo
1217 1825 1285 1847 esse
1302 1816 1335 1845 in
1357 1824 1405 1846 ea.
1420 1816 1520 1854 Igitur
1535 1816 1619 1854 quod
1633 1817 1680 1846 est

981 1870 1149 1892 commune
1162 1862 1336 1891 multorum
1344 1861 1504 1898 Propheta
1516 1869 1679 1891 assumens

980 1909 1039 1938 sibi
1050 1931 1059 1945 ,
1089 1910 1126 1938 In
1150 1908 1262 1938 umbra
1289 1907 1353 1944 ejus
1376 1908 1523 1943 vivimus,
1549 1906 1655 1944 inquit
1670 1915 1678 1935 :

980 1962 1094 1991 sponsa
1102 1962 1179 1983 vero
1189 1953 1310 1981 habens
1318 1953 1571 1990 praerogativam,
1581 1952 1679 1981 etiam

981 1999 1064 2037 quod
1077 1999 1136 2029 sub
1147 2006 1184 2028 ea
1199 1997 1406 2034 singulariter
1419 1996 1549 2033 sederit,
1563 1997 1679 2034 gloria-

981 2046 1042 2075 tur.
1057 2045 1125 2074 Nou
1152 2044 1239 2074 enim
1255 2044 1291 2073 ut
1306 2043 1362 2072 ille
1387 2042 1573 2080 pluraliter,
1592 2043 1680 2072 Vivi-

979 2100 1063 2127 mus,
1093 2090 1137 2120 ita
1160 2090 1193 2119 et
1218 2089 1286 2119 haec
1297 2110 1306 2127 ,
1333 2089 1470 2119 Sedimus
1495 2088 1596 2126 dixit3
1622 2089 1679 2120 sed

979 2136 1184 2174 singulariter
1193 2157 1202 2172 ,
1214 2136 1292 2171 sedi,
1309 2135 1346 2164 ut
1359 2142 1509 2172 agnoscas
1522 2142 1679 2172 praeroga-

979 2183 1090 2212 tivam.
1105 2181 1165 2210 Ubi
1191 2180 1300 2218 itaque
1315 2188 1372 2209 nos
1385 2188 1457 2208 cum
1473 2179 1581 2208 labore
1593 2179 1678 2210 vivi-

978 2235 1048 2256 mus
1057 2249 1066 2264 ,
1076 2226 1131 2265 qui
1148 2225 1264 2255 conscii
1277 2224 1482 2263 peccatorum
1493 2224 1551 2253 sub
1563 2224 1677 2255 timore

978 2272 1153 2307 servimus,
1169 2271 1214 2300 ibi
1228 2271 1295 2300 haec
1310 2269 1427 2299 devota
1441 2270 1474 2298 et
1486 2277 1594 2298 amaus
1606 2277 1675 2299 sua-

978 2317 1062 2346 viter
1077 2315 1265 2355 requiescit.
1282 2314 1428 2352 Denique
1441 2313 1538 2343 timor
1550 2322 1677 2352 poenam

978 2362 1095 2399 habet,
1123 2369 1211 2391 amor
1234 2359 1439 2390 suavitatem.
1455 2359 1545 2389 Unde
1567 2360 1612 2389 ait
1629 2360 1680 2390 :et

977 2408 1095 2445 [ructus
1119 2407 1182 2444 ejas
1198 2407 1291 2437 dulcis
1313 2406 1429 2444 qutturi
1441 2413 1527 2441 mea,
1551 2406 1679 2443 gustum

978 2451 1257 2490 contemplationis
1272 2450 1469 2488 significans,
1482 2457 1580 2488 quem
1595 2449 1679 2478 obti-

977 2497 1091 2528 nuerat
1105 2505 1163 2535 per
1178 2504 1319 2526 amorem
1334 2495 1477 2526 suaviter
1498 2494 1675 2524 sublevata.

977 2544 1016 2574 At
1031 2543 1116 2574 istud
1130 2542 1163 2572 in
1177 2542 1309 2579 umbra,
1334 2540 1411 2579 quia
1432 2547 1491 2578 per
1509 2538 1675 2576 speculum

977 2589 1010 2618 et
1023 2588 1057 2617 in
1069 2587 1248 2626 aenigmate.
1265 2586 1331 2616 Erit
1346 2593 1421 2616 cum
1441 2582 1676 2614 declinaverint

978 2633 1102 2663 umbrae
1115 2633 1278 2669 crescente
1290 2630 1414 2662 lumine
1424 2651 1433 2665 ,
1443 2629 1541 2660 immo
1549 2627 1678 2667 penitus
