1830 3073
532 241 587 269 DE
613 237 824 268 DIVERSIS
850 236 1001 264 SERMO
1028 235 1105 262 xil.

106 298 252 328 {eternum
267 304 329 327 non
347 294 496 335 peccabis.
525 295 644 324 Recole
669 293 802 332 primor-

105 343 159 373 dia
172 365 182 381 ,
202 342 332 373 attende
347 341 453 371 media
467 363 477 378 ,
492 348 671 370 memorare
694 338 802 368 novis-

102 389 185 418 ¹sima
199 388 267 417 tua.
283 388 359 418 llaec,
372 386 531 425 pudorem
545 385 726 422 adducunt,
741 383 801 414 ista

106 434 249 464 dolorem
274 430 444 473 ingerunt,
474 432 531 462 illa
559 432 683 461 metum
713 431 803 460 incu-

104 479 202 509 tiunt.
217 479 325 517 Cogita
333 478 418 508 unde
433 477 618 514 veneris,et
627 476 798 506 erubesce:

104 524 163 554 ubi
190 524 252 562 sis,
273 524 307 554 et
332 523 530 561 ingemisce3
547 529 608 560 quo
633 520 731 550 vadas
744 541 753 556 ,
770 520 803 549 et

105 569 329 599 contremisce.
357 569 440 599 Vide
467 576 509 598 ne
540 566 671 604 adjicias
697 565 801 595 adhuc

104 614 270 652 ignorare,
286 622 328 644 ne
341 613 422 644 forte
442 621 541 651 super
555 613 588 642 te
609 610 721 641 veniat
736 611 801 641 ter-

104 659 209 690 ribilis
220 660 275 690 illa
289 658 506 696 comminatio,
522 666 585 696 qua
596 657 741 695 Sponsus
752 656 803 686 in-

104 706 205 743 tonat,
221 705 352 735 dicens:
367 706 532 743 Siiqnoras
544 706 582 740 te,
598 712 615 733 0
624 703 734 742 pulcra
754 703 803 732 in-

105 753 150 781 ter
163 751 320 786 mulieres,
333 751 470 788 eqrcdere
481 771 492 786 ,
507 751 537 779 et
548 749 601 779 abi
611 750 679 787 post
700 757 802 787 qreqes

102 796 254 826 sodalittm
276 797 409 826 tuorum.
424 795 530 824 Primo
551 794 713 833 siquidem
729 801 802 823 cum

103 841 139 869 in
162 841 283 870 honore
305 849 391 871 esses
406 863 416 878 ,
437 848 456 870 0
484 840 598 878 homo,
620 848 686 869 non
708 839 803 869 intel-

104 885 232 915 lexisti:
246 885 332 916 unde
346 886 590 924 etcomparatus
605 885 802 922 esjumentis

103 930 351 968 insipientibus,
368 931 402 961 et
420 930 535 961 similis
548 931 649 960 factus
665 938 699 960 es
724 930 800 959 illis.

104 976 176 1005 Jam
189 976 216 1006 si
230 984 291 1006 nec
306 977 438 1007 vexatio
456 976 660 1007 intellectum
675 975 802 1006 dederit

104 1022 248 1059 auditui,
260 1022 360 1052 etiam
381 1022 452 1061 post
466 1030 578 1060 greges
596 1021 721 1058 abibis,
737 1021 803 1050 illis

104 1067 187 1096 nihil
201 1067 278 1097 mali
290 1067 520 1104 sentientibus,
532 1066 625 1095 malis
637 1066 804 1103 expositus

106 1110 276 1141 universis.
291 1112 431 1149 Agnosce
447 1119 522 1148 ergo
540 1110 715 1148 primordia
730 1111 801 1148 tua,

106 1156 137 1183 .-t
153 1156 308 1186 erubesce
319 1156 538 1194 comparatum
549 1156 582 1184 te
595 1163 663 1185 esse
676 1155 803 1192 jumen-

105 1201 145 1229 tis
162 1208 170 1228 τ
187 1208 366 1230 memorare
387 1200 562 1230 novissima
576 1201 631 1230 tua
642 1221 651 1236 ,
677 1201 710 1229 et
724 1200 802 1230 time

104 1253 146 1274 ne
159 1245 359 1274 abcasetiam
374 1243 445 1282 post
457 1243 616 1279 jumenta.
630 1244 801 1282 Erubesce,

103 1290 245 1327 inquam,
257 1289 342 1328 quod
352 1297 409 1327 pro
422 1288 580 1318 consortio
595 1289 800 1326 Angelorum,

105 1335 299 1365 consortium
322 1334 454 1365 sortitus
481 1341 515 1363 es
538 1341 712 1371 pecorum,
736 1342 801 1363 non

105 1379 198 1409 modo
227 1380 261 1409 in
284 1378 532 1413 necessitatibus
557 1379 716 1416 corporis,
745 1380 802 1409 sed

104 1425 202 1454 etiam
215 1425 248 1454 in
260 1424 436 1455 affectibus
450 1423 567 1454 cordis.
583 1423 660 1453 Cum
670 1424 801 1462 jumen-

102 1470 144 1499 tis
165 1470 294 1508 partiris
316 1470 426 1500 cibum
452 1470 569 1506 terrae,
585 1469 661 1507 quia
683 1478 800 1508 panem

102 1516 302 1553 angelicum,
315 1523 434 1553 panem
454 1514 606 1544 fastidisti
622 1514 799 1545 coelestem.

102 1561 168 1590 Non
184 1562 286 1591 solum
298 1561 406 1590 autem
417 1583 426 1599 ,
443 1561 500 1590 sed
515 1561 614 1590 etiam
624 1582 633 1598 ‚
648 1560 733 1599 quod
743 1569 801 1599 pe-

99 1606 152 1642 jus
167 1607 231 1643 est,
248 1607 282 1636 in
296 1608 383 1636 recto
403 1614 536 1644 corpore
553 1614 651 1636 curva
668 1606 716 1636 est
731 1607 801 1636 ani—

103 1659 153 1679 ma
170 1660 178 1680 :
196 1653 228 1681 et
246 1652 279 1680 in
292 1659 423 1690 corpore
441 1651 551 1681 manet
565 1651 716 1681 humanae
732 1651 802 1680 ani-

102 1702 162 1725 lnae
177 1696 372 1733 similitud03
388 1696 421 1725 ln
436 1696 543 1726 anima
557 1704 634 1726 vero
644 1717 654 1732 ,
669 1696 801 1727 bestiali

102 1742 315 1774 similitudine
330 1742 453 1771 mutata
469 1742 517 1771 est
530 1741 710 1772 similitudo
726 1742 799 1772 Dei.

142 1789 173 1817 2.
191 1788 236 1816 An
251 1794 314 1815 non
330 1786 539 1816 confunderis
560 1794 687 1816 sursum
705 1788 802 1824 eaput

102 1833 236 1867 babere,
249 1832 305 1869 qui
319 1838 445 1860 sursum
460 1838 513 1860 cor
524 1839 588 1860 non
603 1831 722 1860 habes?
734 1840 801 1861 cor-

102 1885 179 1915 pore
188 1876 294 1905 rectus
301 1874 457 1912 stare,qui
465 1875 559 1904 corde
566 1875 653 1913 repis
661 1876 694 1904 in
701 1876 802 1906 terra?

102 1924 148 1951 An
163 1928 226 1951 non
243 1928 356 1957 repere
374 1921 422 1949 est
438 1919 472 1948 in
483 1920 588 1957 terra,
606 1928 736 1950 carnem
751 1930 801 1951 sa-

100 1975 191 2005 pere,
205 1964 343 1995 carnalia
358 1964 555 2002 desiderare,
567 1966 801 2004 carnaliaquae·

102 2010 195 2042 rere?
211 2010 445 2040 Verumtamen
465 2010 541 2048 quia
562 2010 602 2039 ad
624 2010 799 2049 imaginem

101 2059 135 2087 ct
147 2056 394 2087 similitudinem
406 2056 466 2086 Dei
479 2055 604 2086 creatus
617 2065 650 2086 es
662 2078 671 2094 ,
683 2057 709 2087 si
725 2066 800 2095 per-

101 2102 210 2132 didisti
226 2102 472 2132 similitudinem
482 2124 491 2140 ,
507 2101 623 2132 similis
638 2102 800 2140 factusju-

100 2149 236 2185 mentis3
266 2148 323 2177 sed
346 2147 380 2177 in
409 2147 552 2185 imagine
583 2148 798 2186 pertransisti.

99 2194 180 2231 Ergo
195 2193 220 2222 si
242 2192 276 2221 in
299 2192 430 2222 sublimi
445 2192 567 2230 positus
586 2201 651 2223 non
667 2193 800 2224 intelle-

99 2238 179 2268 xisti
193 2238 344 2276 quoniam
359 2238 456 2267 limus
477 2245 581 2276 esse53
596 2237 663 2268 noli
677 2238 799 2270 infixus

99 2284 135 2313 in
155 2284 234 2314 limo
255 2283 406 2322 profundi
428 2283 576 2321 ignorare
595 2284 672 2322 quia
693 2284 799 2323 imago

101 2329 163 2359 Dei
180 2338 234 2367 es,
256 2331 291 2360 et
311 2329 467 2359 erubesce
488 2329 575 2367 quod
596 2330 799 2368 peregrinam

103 2375 135 2403 ei
150 2374 377 2412 superduxeris
398 2373 659 2405 similitudinem.
680 2376 800 2406 Memor

104 2420 171 2449 esto
187 2419 365 2450 nobilitatis
379 2420 455 2457 tuae,
472 2420 505 2449 et
518 2420 638 2458 pudeat
653 2419 686 2450 te
702 2419 799 2451 tantae

103 2465 305 2502 dejectionis.
330 2465 375 2494 Ne
397 2465 524 2502 ignores
544 2465 798 2503 pulcritudinem

102 2512 191 2540 tuam
205 2532 214 2548 ,
235 2512 272 2540 ut
286 2510 325 2540 de
342 2509 489 2539 foeditate
509 2511 650 2548 amplius
665 2511 801 2541 confun-

104 2555 199 2585 daris.
218 2556 291 2585 Haec
307 2555 355 2584 est
369 2576 378 2592 ,
392 2554 485 2591 juxta
499 2554 715 2592 Salomonem,
731 2563 800 2584 con-

103 2601 183 2637 scisio
202 2601 353 2630 adducens
370 2601 517 2638 ylariani,
540 2599 667 2637 quando
682 2607 700 2628 a
714 2600 801 2630 tanta

1495 235 1534 265 25

835 289 1006 328 aliquando
1023 288 1123 327 gloria
1146 286 1179 318 ct
1200 286 1320 318 honore
1345 288 1535 327 coronatus,

835 335 1029 365 constitutus
1056 342 1153 372 super
1177 340 1275 370 opera
1297 340 1450 363 manuum
1474 335 1537 363 Do-

835 381 938 420 mini,
961 381 1067 410 incola
1081 378 1234 418 paradisi,
1249 376 1443 415 Angelorum
1460 388 1537 408 con-

835 426 936 465 civis,
957 425 990 455 et
1014 424 1209 455 domesticus
1231 422 1361 452 Domini
1391 422 1535 453 sabaotha

834 471 917 501 Hinc
933 469 1081 507 dejecisti
1096 469 1237 507 teipsum
1250 468 1284 497 in
1299 467 1356 496 has
1367 466 1537 497 interiores

836 516 1005 553 tenebras,
1028 515 1116 545 unde
1141 515 1181 544 ad
1204 513 1384 544 exteriores
1409 519 1536 549 quoqne

836 563 871 592 et
894 562 1076 600 palpabiles
1096 559 1248 590 tenebras
1271 557 1452 595 ejiciendus
1473 557 1538 585 eris

835 608 1027 646 aliquando,
1050 607 1077 637 si
1098 614 1164 636 non
1186 612 1298 642 caves„
1317 603 1364 632 Ab
1387 603 1467 639 ista,
1488 602 1539 631 in·

835 661 943 691 quam,
960 653 1059 691 gloria
1071 652 1211 681 filiorum
1224 650 1284 679 Dei
1299 648 1475 687 deposuisti
1490 648 1540 677 te-

835 698 1029 736 inelipsum3
1057 706 1075 727 a
1101 696 1193 727 felici
1217 696 1272 724 illa
1297 695 1330 724 et
1352 693 1538 723 dulcissima

834 744 937 782 patria
948 766 957 782 ,
973 744 1012 774 ab
1028 744 1121 774 horto
1136 740 1311 780 voluptatis
1332 739 1480 770 exsulem
1503 738 1538 768 te

836 789 956 819 fecisti.
1380 796 1390 799 ⁴

874 835 905 864 5.
926 835 1009 865 Ecce
1024 833 1112 864 unde
1126 831 1247 863 venisti
1263 839 1271 861 ε
1289 830 1340 861 vis
1358 837 1452 860 nosse
1474 835 1538 867 qno

835 880 1014 911 devenisti?
1034 881 1070 910 In
1084 881 1190 910 locum
1202 878 1317 916 utique
1333 875 1516 906 afflictionis
1527 884 1537 904 z

835 927 996 965 siquidem
1008 927 1077 957 vita
1091 927 1147 956 tua
1158 925 1287 955 inferno
1299 922 1540 961 appropinqua-

835 972 895 1002 vit.
911 972 995 1009 Quid
1010 972 1098 1002 enim
1113 971 1167 1001 hic
1180 992 1189 1007 ,
1204 969 1268 999 nisi
1284 969 1375 998 labor
1390 967 1423 997 et
1434 966 1537 1003 dolor,

836 1017 869 1046 et
879 1017 1014 1047 afflictio
1031 1015 1184 1055 spiritus?
1195 1015 1258 1045 Sed
1274 1021 1360 1044 nunc
1372 1013 1417 1043 ita
1432 1011 1539 1042 conti-

835 1062 881 1100 git
889 1062 962 1099 tibi,
973 1071 1008 1092 ac
1018 1062 1043 1092 si
1056 1070 1140 1100 puer
1149 1061 1183 1090 in
1194 1067 1324 1090 carcere
1337 1059 1430 1088 natus
1439 1057 1492 1095 sit,
1503 1058 1538 1087 et

836 1107 869 1136 in
877 1115 1006 1138 carcere
1016 1108 1058 1137 sit
1067 1107 1209 1136 nutritus
1218 1114 1226 1143 3
1236 1105 1269 1135 et
1277 1105 1352 1143 quia
1361 1110 1537 1140 numquam

834 1152 955 1182 viderit
966 1154 1084 1189 lucem,
1095 1152 1234 1182 miretur
1248 1158 1344 1188 super
1358 1147 1490 1179 tristitia
1505 1148 1539 1177 et

835 1197 1000 1226 anxietate
1009 1197 1203 1226 matrissuae.
1217 1195 1275 1224 Illa
1283 1194 1370 1224 enim
1382 1193 1442 1223 scit
1452 1191 1537 1221 unde

835 1241 960 1278 deleat3
990 1242 1024 1271 et
1044 1241 1121 1279 quia
1144 1239 1238 1269 novit
1262 1239 1366 1275 bona,
1391 1236 1537 1274 graviora

835 1286 909 1316 sunt
921 1286 952 1315 ei
963 1286 1059 1323 mala,
1073 1285 1106 1315 et
1117 1283 1340 1314 recordatione
1353 1282 1441 1320 pacis
1452 1288 1539 1310 ama-

833 1331 941 1361 ritudo
959 1331 1029 1368 ejus
1043 1330 1243 1360 amarissima
1259 1329 1320 1359 est.
1334 1327 1407 1357 Tibi
1422 1334 1538 1364 magna

834 1376 917 1406 bona
927 1376 1082 1407 videntur
1090 1376 1216 1405 minora
1228 1375 1330 1412 mala;
1341 1374 1374 1404 et
1388 1382 1454 1412 prae
1470 1383 1536 1404 ma-

833 1421 957 1458 joribus
969 1421 1190 1460 compedibus,
1200 1421 1317 1460 quihus
1329 1419 1476 1450 assuetus
1489 1419 1535 1460 es,

834 1468 978 1499 minores
994 1468 1130 1498 annulos
1145 1467 1293 1506 requiem
1308 1466 1413 1504 putas.
1424 1467 1537 1498 Come-

834 1513 911 1544 dere
933 1514 1084 1552 appetis,
1107 1513 1185 1552 quia
1214 1513 1316 1542 fames
1337 1513 1370 1542 te
1397 1512 1533 1543 cruciat.

833 1559 1011 1598 Utrumque
1020 1559 1111 1589 labor
1120 1559 1186 1597 estg
1199 1558 1255 1588 sed
1266 1557 1342 1596 quia
1354 1557 1455 1587 fames
1467 1567 1536 1596 gra-

834 1605 904 1635 vior
923 1605 1037 1643 magis,
1054 1604 1224 1635 comedere
1239 1603 1345 1634 nescis
1360 1611 1429 1633 esse
1445 1604 1536 1633 labo-

816 1658 914 1680 ·rem.
932 1651 1082 1689 Denique
1098 1652 1268 1689 postquam
1286 1649 1388 1678 fames
1400 1649 1536 1687 depulsa

834 1695 944 1735 fuerit,
960 1697 1035 1727 vide
1050 1697 1077 1726 si
1093 1705 1159 1726 non
1173 1695 1302 1733 gravius
1317 1694 1408 1724 ducis
1428 1703 1537 1724 come-

834 1741 911 1771 dere
921 1763 930 1778 ‚
945 1750 1041 1779 quam
1059 1742 1195 1771 esurire.
1209 1741 1260 1770 Sic
1275 1748 1308 1770 se
1323 1740 1447 1770 habent
1461 1741 1535 1770 uni-

834 1793 929 1815 versa
947 1786 1005 1815 sub
1020 1786 1087 1816 sole
1105 1795 1113 1814 :
1131 1787 1168 1815 ut
1182 1785 1265 1815 nihil
1286 1785 1328 1814 sit
1342 1784 1376 1813 in
1392 1785 1440 1813 eis
1455 1792 1534 1814 vere

832 1830 1014 1866 Jucundum
1027 1853 1036 1868 ,
1049 1831 1106 1860 sed
1120 1831 1160 1859 ab
1174 1838 1237 1860 uno
1249 1837 1379 1867 semper
1395 1829 1534 1860 transire

834 1876 915 1905 velit
929 1876 1025 1905 homo
1047 1876 1088 1905 ad
1102 1875 1205 1912 aliud,
1221 1876 1352 1913 solaque
1368 1874 1533 1905 vicIssitu—

834 1920 909 1950 dine
917 1921 1083 1950 relevetur
1093 1921 1284 1958 utcumque,
1296 1927 1333 1949 ac
1348 1920 1374 1949 si
1387 1920 1535 1957 prosiliat

834 1965 873 1994 ab
896 1973 978 2003 aqua
1000 1966 1034 1995 in
1056 1965 1185 2003 ignem,
1203 1965 1237 1994 et
1262 1964 1338 1994 inde
1363 1973 1472 1994 rursus
1501 1966 1533 1994 in

833 2018 948 2048 aquam
975 2011 1118 2048 resiliat,
1143 2010 1257 2049 utpote
1297 2010 1354 2048 qui
1379 2011 1534 2040 neutrum

834 2055 917 2086 ferre
948 2056 1061 2094 possit.
1095 2056 1197 2085 Omne
1223 2056 1385 2094 siquidem
1416 2056 1535 2085 laboris

832 2101 1012 2132 remedium
1022 2124 1031 2140 ,
1045 2101 1179 2131 alterius
1195 2101 1314 2131 laboris
1326 2099 1456 2130 initium
1471 2101 1532 2131 est.

832 2146 931 2175 Nemo
946 2146 980 2176 in
1001 2146 1062 2176 hoc
1078 2147 1194 2177 saeculo
1210 2154 1349 2184 nequam
1365 2145 1451 2183 quod
1462 2146 1534 2176 vult

833 2192 952 2222 habere
968 2192 1095 2230 potest:
1109 2192 1236 2230 quando
1247 2191 1380 2229 quidem
1394 2199 1454 2220 nec
1467 2190 1535 2228 jus-

832 2237 883 2267 tus
909 2237 1034 2273 justitia
1063 2237 1216 2275 satiatur,
1237 2245 1299 2266 nec
1319 2236 1533 2274 voluptuosus

831 2283 1010 2321 voluptate,
1026 2291 1087 2313 nec
1102 2282 1288 2313 curiositate
1301 2282 1458 2319 curiosus,
1472 2290 1534 2312 nec

832 2328 1019 2358 ambitiosus
1039 2328 1128 2358 inani
1149 2327 1261 2366 gloria.
1278 2328 1359 2356 Ecce
1377 2326 1462 2356 unde
1479 2327 1535 2357 do-

832 2373 916 2411 leas,
937 2373 963 2403 si
981 2373 1128 2403 nondum
1149 2371 1348 2403 insensibilis
1362 2370 1466 2401 factus
1480 2380 1532 2409 es;

833 2425 907 2448 ecce
922 2418 1009 2449 unde
1021 2419 1130 2449 doleas
1141 2441 1150 2457 ,
1166 2417 1251 2457 quod
1266 2417 1302 2447 in
1316 2416 1433 2447 exsilio
1448 2418 1534 2455 posi-

832 2465 884 2494 tus
899 2472 933 2495 es
943 2486 952 2502 ,
967 2465 1003 2494 in
1022 2464 1150 2494 deserto
1169 2463 1306 2493 moraris
1316 2484 1327 2501 ‚
1343 2463 1377 2492 et
1391 2462 1425 2492 in
1438 2463 1533 2492 tene-

833 2509 899 2538 bris
914 2509 1060 2540 ambulas
1071 2510 1105 2540 et
1119 2510 1154 2539 in
1167 2509 1308 2546 lubrico,
1324 2507 1403 2538 etin
1416 2507 1531 2537 sudore

833 2555 941 2585 vultus
956 2555 1005 2585 tui
1020 2555 1162 2585 vesceris
1176 2562 1260 2593 pane
1275 2555 1342 2584 tuo.
1356 2553 1403 2581 Αῐι
1418 2559 1479 2580 non
1497 2551 1531 2581 in

833 2600 1047 2629 amaritudine
1063 2600 1206 2630 moratur
1218 2599 1329 2629 oculus
1345 2597 1417 2626 tuus
1428 2617 1436 2632 ,
1453 2604 1531 2632 quo—

106 2645 206 2687 gloria
225 2645 377 2676 cecidisse
396 2644 611 2675 confunderis.
625 2646 699 2675 Eras
715 2645 798 2674 enim
836 2646 895 2675 lies
912 2645 969 2675 isla
984 2645 1185 2681 considerat,
1204 2645 1235 2674 ct
1252 2641 1394 2686 deplorat
1410 2641 1530 2681 pariter
