1846 3078
251 240 253 243 .
282 216 342 247 512

505 275 675 310 sl-:RMO
710 278 754 310 L.

279 348 322 374 De
335 348 439 381 duplici
450 349 589 380 Caritate,
607 351 710 375 scilicet
727 350 829 374 actuali
845 351 872 374 et
887 348 977 373 affec-

428 389 514 418 tuam
528 391 554 412 et
568 389 627 419 ejus
642 389 826 413 ordinatione.

318 447 350 477 1.
374 447 443 479 Vos
472 448 607 478 forsitan
628 446 825 485 exspectatis
844 445 976 475 tractari

278 493 468 530 sequentia,
488 492 678 530 explicitum
703 490 854 528 putantes
875 489 975 519 versi-

274 537 402 575 culum,
418 538 475 575 qui
493 537 666 567 novissime
683 535 893 566 tractabatur.
911 536 975 565 Ve-

272 589 348 611 rum
377 590 435 620 ego
463 582 551 611 aliud
578 581 694 610 molior
720 589 728 609 τ
756 580 859 610 haheo
887 581 973 610 enim

273 627 360 664 quod
371 628 474 656 adhuc
485 626 577 655 vohis
589 633 746 663 apponam
759 625 798 654 de
814 624 974 663 fragmen-

272 671 316 701 tis
336 671 480 701 hesterni
500 670 663 707 convivii,
679 678 750 708 quae
770 669 852 699 mihi
874 670 974 700 colle-

271 725 380 754 geram
395 724 436 746 ne
451 715 608 754 perirent.
628 715 784 745 Peribunt
803 716 931 752 autem,
945 715 972 745 si

272 762 355 791 nulli
369 768 544 799 apposuero
557 769 565 789 ε
581 768 656 790 nam
671 761 696 790 si
712 761 846 790 voluero
859 769 897 790 ea
912 761 972 791 ha-

271 807 350 836 bere
373 806 478 843 solus,
500 806 569 844 ipse
591 806 719 845 peribo.
741 806 819 836 Nolo
836 806 970 845 proinde

269 853 411 882 vestram
432 851 517 889 illis,
544 860 640 889 quam
662 852 745 881 bene
765 852 860 889 novi,
886 852 972 881 frau-

267 897 346 926 dare
362 896 541 934 ingluviem
554 905 561 925 :
575 897 755 935 praesertim
768 905 841 926 cum
856 897 920 927 sint
932 898 971 927 de

269 942 393 971 ferculo
411 942 573 980 caritatis,
590 950 627 972 eo
643 942 749 972 dulcia
760 965 769 981 ,
792 951 855 982 quo
869 943 972 973 subti-

268 988 313 1017 lia
334 996 342 1016 :
364 995 401 1017 eo
423 988 551 1026 sapida,
576 996 640 1027 quo
659 989 798 1018 minuta.
821 988 971 1026 Alioquin

269 1034 379 1063 contra
407 1035 576 1064 caritatem
606 1034 654 1064 est
678 1034 773 1063 valde
803 1034 902 1063 nimis
931 1034 970 1064 de

268 1078 338 1116 ipsa
352 1080 487 1108 caritate
503 1079 664 1109 fraudare.
681 1080 793 1117 ltaque
808 1079 862 1109 hic
877 1087 948 1110 sum
961 1088 969 1109 τ

269 1124 429 1154 Ordinavit
443 1126 475 1154 in
489 1133 535 1154 me
545 1126 718 1154 caritatem.

308 1168 339 1197 ⁶2.
349 1169 402 1198 Est
411 1169 528 1198 caritas
542 1169 576 1198 in
589 1170 676 1207 actu,
689 1169 738 1199 est
750 1167 828 1199 etin
841 1168 969 1200 affectu.

267 1214 306 1242 Et
321 1213 360 1243 de
377 1214 432 1244 illa
446 1215 578 1253 quidem
594 1223 665 1253 quae
682 1215 788 1253 operis
804 1216 870 1252 est,
893 1217 971 1252 puto

268 1259 375 1290 datam
397 1269 466 1290 esse
486 1261 592 1298 legem
614 1261 816 1298 hominibus,
839 1261 972 1290 manda-

268 1305 404 1344 tumque
419 1305 612 1344 formatum,
628 1314 702 1335 nam
719 1306 752 1335 in
767 1306 885 1336 affectu
899 1306 971 1344 quis

266 1351 315 1380 ita
329 1351 465 1390 babeat,
476 1353 513 1382 ut
524 1351 802 1390 mandatur‘fflrgo
815 1351 870 1381 illa
882 1360 971 1381 man-

268 1396 363 1426 datur
384 1397 425 1426 ad
450 1398 622 1434 meritum,
651 1397 712 1427 ista
741 1397 775 1426 in
800 1398 970 1435 praemium

268 1441 374 1472 datur.
396 1443 493 1480 Cujus
515 1443 646 1472 initium
666 1443 800 1481 quidem
813 1465 822 1480 ,
843 1442 971 1481 profec-

267 1488 405 1526 tumque
427 1489 528 1518 vitam
549 1496 675 1526 quoque
696 1489 890 1525 praesentem
911 1496 971 1517 ex-

267 1534 370 1572 periri
379 1534 490 1564 divina
502 1542 593 1572 posse
605 1534 707 1571 gratia
720 1541 784 1562 non
795 1541 968 1570 negamusz

270 1579 326 1608 sed
339 1580 435 1617 plane
444 1579 754 1609 consummationem
766 1578 970 1608 defendimus

266 1623 387 1654 futurae
395 1624 730 1661 felicitati.Quom0do
741 1631 814 1661 ergo
825 1623 969 1660 jubenda

267 1669 349 1706 fuit,
371 1678 442 1708 quae
467 1669 632 1707 implenda
652 1669 742 1698 nullo
764 1668 859 1697 modo
883 1667 970 1698 erat?

266 1715 331 1745 Aut
351 1715 377 1744 si
402 1715 511 1752 placet
535 1715 597 1744 tibi
619 1713 720 1752 magis
742 1713 781 1742 de
808 1713 969 1743 affectuali

266 1759 376 1789 datum
389 1759 487 1789 fuisse
502 1759 688 1789 mandatum
699 1780 708 1795 ,
723 1766 787 1787 non
802 1758 880 1788 inde
894 1766 970 1787 con-

264 1804 558 1841 tend02d11111m0d0
567 1803 751 1840 acquiescas
766 1803 799 1832 et
817 1802 854 1832 tu
868 1803 949 1832 mihi
960 1826 968 1841 ,

266 1849 353 1887 quod
372 1852 506 1878 minime
524 1849 558 1877 in
572 1848 641 1876 vita
656 1848 717 1877 ista
733 1848 772 1877 ab
788 1848 896 1885 aliquo
909 1848 968 1877 ho-

265 1895 391 1924 minum
413 1894 530 1932 possit,
546 1894 598 1923 vel
614 1894 758 1931 potuerit
783 1893 966 1932 adimpleri.

265 1939 346 1977 Quis
358 1939 444 1968 enim
459 1939 521 1969 sihi
531 1947 677 1977 arrogare
690 1939 723 1968 id
735 1939 870 1977 audeat,
884 1940 968 1977 quod

267 1992 301 2014 se
320 1985 439 2014 Paulus
455 1986 523 2023 ipse
538 1985 659 2015 fatetur
674 1993 739 2014 non
756 1986 969 2022 comprehen-

267 2029 371 2059 disse?
391 2030 454 2059 Nec
483 2030 580 2059 latuit
605 2031 859 2068 Praeceptorem,
888 2039 970 2068 prae-

266 2076 353 2112 cepti
370 2075 494 2113 pondus
509 2076 675 2105 hominum
689 2076 850 2106 excedere
863 2076 966 2106 vires:

267 2120 325 2148 sed
337 2120 496 2156 judicavit
507 2121 589 2151 utile
607 2129 649 2150 ex
664 2121 724 2151 hoc
738 2121 807 2159 ipso
823 2130 887 2151 suae
897 2122 969 2152 illos

269 2164 506 2195 insufficientiae
533 2166 718 2203 admoneri,
735 2168 767 2195 et
790 2168 828 2197 ut
848 2167 985 2199 scirent,

267 2216 365 2246 sane,
385 2210 425 2239 ad
447 2219 544 2248 quem
564 2211 698 2248 justitiae
722 2212 819 2241 finem
834 2212 896 2241 niti
912 2221 968 2250 pro
984 2230 985 2235 ,

984 2260 985 2266 ¹
1001 2257 1086 2287 inter
1118 2265 1152 2286 se
1183 2256 1416 2286 contentiosam
1431 2277 1441 2293 ,
1468 2256 1501 2285 et
1533 2254 1703 2284 consenta-

984 2305 985 2310 ’
1000 2310 1108 2332 neam.
1123 2303 1229 2338 Longe
1244 2309 1322 2330 vero
1337 2301 1434 2331 tertia
1449 2300 1488 2330 ab
1503 2300 1638 2337 utraque
1652 2299 1704 2329 di-

267 2253 392 2283 viribus
411 2257 584 2293 oporteret.
601 2258 681 2295 Ergo
703 2257 886 2287 mandando
907 2258 969 2287 im-

267 2300 432 2337 possibilia
442 2322 450 2337 ,
464 2309 528 2330 non
544 2303 808 2339 praevaricatores
821 2302 968 2333 homines

267 2343 364 2380 fecit,
378 2345 434 2374 sed
446 2346 602 2384 humiles,
617 2348 652 2377 ut
664 2356 758 2377 omne
775 2356 808 2378 os
823 2339 969 2378 obstru'a-

265 2391 322 2418 tur
334 2411 343 2427 ,
370 2390 403 2419 et
435 2390 581 2421 subditus
609 2392 664 2422 fiat
698 2393 801 2423 omnis
830 2393 969 2423 mundus

267 2434 336 2464 Deo
352 2443 360 2463 :
377 2436 452 2473 qnia
467 2444 506 2464 eae
520 2436 657 2473 operibus
670 2438 969 2476 leqisnonjustifica—

270 2479 352 2510 bitur
366 2482 465 2510 omnis
480 2489 552 2510 caro
568 2489 670 2510 coram
685 2484 747 2512 illo.
765 2484 984 2521 Accipientes

268 2525 389 2564 quippe
402 2526 587 2555 mandatum
597 2548 605 2562 ‚
623 2527 656 2555 ct
668 2528 846 2557 sentientes
859 2529 970 2558 defec-

269 2570 338 2599 tum
348 2593 356 2608 ,
369 2571 579 2601 clamabimus
591 2571 624 2600 in
637 2572 753 2600 coelum
766 2594 774 2609 ,
788 2574 821 2602 et
833 2573 970 2603 misere-

270 2613 358 2647 bitur
381 2617 479 2647 nostri
506 2618 593 2647 Deus
607 2624 616 2646 t
633 2617 666 2646 et
689 2617 829 2648 sciemus
850 2618 885 2647 in
914 2619 969 2648 illa

744 219 775 247 S.
799 217 1031 247 BERNARDI
1050 217 1247 247 ABBATIS

1013 268 1064 298 die
1074 291 1083 307 ,
1095 269 1171 308 quia
1182 279 1245 300 non
1255 278 1295 301 em
1303 269 1442 309 operibus
1448 267 1576 309 justitia!
1587 277 1654 310 quae
1665 269 1713 309 se·

1012 313 1107 344 cimus
1121 322 1176 344 nos
1183 335 1193 350 ‚
1204 315 1254 344 sed
1261 316 1423 345 secundum
1433 323 1524 346 suam
1537 316 1711 346 misericor-

1010 358 1094 387 diam
1105 359 1204 389 salvos
1217 367 1273 390 ‘nos
1287 360 1368 398 fecit.

1049 402 1080 432 5.
1094 403 1198 442 Atque
1213 404 1274 434 hoc
1285 405 1445 444 dixerim,
1460 404 1622 444 siquidem
1633 412 1710 441 con-

1009 449 1204 479 senserimus
1237 450 1440 480 affectualem
1466 451 1573 490 legem
1609 450 1708 480 fuisse

1009 492 1203 522 mandatam.
1220 493 1282 523 Sed
1293 494 1457 524 actuali'id
1469 494 1577 532 potius
1591 501 1709 523 conve-

1008 538 1078 567 nire
1090 538 1164 568 inde
1173 539 1227 569 vel
1238 539 1379 569 maxime
1392 547 1547 577 apparere
1558 539 1688 570 videtur
1698 560 1708 577 ,

1007 583 1093 620 quod
1116 592 1190 613 cum
1213 584 1350 613 dixisset
1374 584 1532 614 Dominus
1547 606 1557 622 ,
1583 585 1707 623 Diligite

1008 629 1144 658 inimicos
1165 630 1299 665 vestros,
1320 637 1397 658 mox
1419 628 1459 658 de
1483 628 1635 666 operibus
1654 628 1708 657 in-

1008 671 1070 702 fert
1082 681 1089 701 ε
1103 673 1276 711 Benefacite
1289 674 1335 704 his
1346 675 1400 712 qui
1410 674 1538 703 oderunt
1549 682 1613 703 vos.
1625 673 1707 702 Item

1007 715 1169 754 Scriptura
1182 725 1190 745 :
1204 718 1239 747 Si
1247 719 1386 747 esurierit
1396 718 1536 748 inimicus
1545 719 1632 755 tuus,
1640 717 1708 746 ciba

1007 762 1109 799 illum3
1124 762 1153 792 si
1170 763 1250 799 sitit,
1272 764 1381 801 potum
1398 764 1443 793 da
1462 764 1519 792 illi.
1540 763 1578 793 Et
1597 762 1651 792 hic
1668 762 1709 791 de

1006 807 1080 836 actu
1104 805 1204 837 habes
1214 829 1224 846 ,
1238 815 1305 838 non
1328 808 1369 837 de
1394 808 1526 838 affectu.
1548 807 1611 838 Sed
1633 807 1708 837 audi

1007 851 1085 880 item
1101 852 1275 882 Dominum
1292 852 1389 883 etiam
1410 853 1449 882 de
1465 853 1515 883 sui
1532 852 1707 882 dilectione

1005 896 1212 927 mandantem
1229 907 1237 927 :
1255 900 1290 929 Sz'
1303 899 1425 937 diliqz‘tis
1436 907 1496 935 me,
1507 898 1613 936 inquit
1624 907 1707 936 ,scr-

1005 949 1108 972 mones
1130 951 1213 973 meos
1226 945 1353 973 servate.
1377 943 1480 981 Atque
1503 943 1555 972 liic
1577 950 1705 981 quoque

1005 987 1044 1015 ad
1059 995 1154 1024 opera
1166 988 1326 1017 mittimur
1335 996 1394 1026 per
1406 988 1585 1024 injunctam
1597 988 1707 1017 obser-

1005 1032 1148 1061 vantiam
1168 1032 1405 1063 mandatorum.
1426 1032 1631 1070 Supervacue
1649 1040 1708 1061 au-

1005 1078 1071 1107 tem
1085 1077 1124 1107 de
1136 1085 1234 1116 opere
1246 1078 1436 1116 monuisset,
1449 1078 1476 1107 si
1488 1078 1521 1107 in
1534 1077 1706 1107 affectione

1005 1123 1070 1160 jam
1082 1122 1196 1153 fuisset
1211 1123 1356 1154 dilectio.
1372 1123 1425 1153 Sic
1436 1124 1469 1153 te
1483 1131 1558 1161 ergo
1572 1130 1706 1153 necesse.

1006 1169 1054 1198 est
1065 1169 1098 1199 et
1113 1169 1194 1199 illud
1209 1170 1357 1208 accipere
1368 1192 1378 1208 ,
1393 1169 1479 1208 quod
1489 1169 1616 1206 juberis
1631 1168 1707 1199 dili-

1005 1223 1080 1251 gere
1109 1215 1294 1252 proximum
1317 1215 1411 1245 tuum
1438 1215 1522 1244 sicut
1546 1214 1685 1252 teipsum
1695 1235 1706 1250 ‚

1006 1260 1066 1289 etsi
1090 1269 1155 1290 non
1181 1261 1226 1290 ita
1244 1260 1356 1299 aperte
1377 1268 1567 1298 expressum
1588 1259 1641 1289 sit.
1658 1260 1706 1288 An

1004 1314 1068 1335 non
1090 1306 1230 1345 denique
1250 1306 1326 1336 satis
1349 1305 1411 1335 tibi
1433 1314 1502 1335 esse
1523 1305 1649 1342 judices
1664 1304 1706 1333 ad

987 1363 989 1365 ·
1006 1351 1207 1389 implendum
1222 1351 1308 1382 istud
1319 1351 1360 1380 de
1371 1351 1513 1389 proximi
1526 1349 1705 1380 dilectione

1005 1397 1210 1434 mandatum,
1226 1397 1253 1427 si
1276 1396 1310 1426 id
1324 1396 1471 1434 perfecte
1486 1396 1655 1432 observes,
1672 1394 1706 1423 in

1004 1450 1065 1479 quo
1081 1443 1167 1472 omni
1189 1442 1313 1472 homini
1328 1443 1416 1472 recte
1433 1441 1473 1471 de
1495 1442 1566 1479 lege
1582 1440 1706 1470 naturae

1004 1488 1224 1524 praescribitur
1240 1496 1248 1516 :
1263 1489 1349 1527 Quod
1363 1488 1417 1517 tibi
1428 1496 1490 1516 non
1502 1489 1546 1518 vis
1559 1488 1638 1525 lieri,
1652 1487 1708 1516 alii

1004 1541 1040 1561 ne
1065 1532 1192 1570 feceris?
1217 1533 1251 1562 et
1274 1533 1355 1562 item
1377 1532 1459 1562 illud
1476 1541 1483 1561 ε
1501 1534 1705 1571 Quoecumque

1004 1578 1093 1608 vultis
1109 1579 1142 1607 ut
1153 1578 1273 1616 faciant
1286 1578 1370 1609 vobis
1381 1578 1538 1615 homines,
1551 1579 1579 1608 et
1591 1586 1643 1608 vos
1654 1577 1705 1616 fa·

1004 1623 1058 1651 cite
1073 1623 1142 1652 illis.

1042 1666 1073 1695 [ι.
1087 1667 1196 1705 Neque
1217 1667 1278 1698 hoc
1294 1667 1383 1705 dico,
1399 1667 1435 1697 ut
1447 1667 1517 1697 sine
1529 1666 1705 1698 affectione

1004 1712 1122 1750 simus,
1139 1714 1172 1742 et
1188 1713 1282 1744 corde
1298 1713 1386 1743 arido
1412 1714 1494 1743 solas
1518 1721 1706 1743 moveamus

1003 1765 1116 1787 manus
1137 1758 1178 1788 ad
1199 1767 1308 1797 opera.
1326 1758 1403 1796 Legi
1425 1759 1510 1789 inter
1536 1759 1617 1796 alia,
1633 1767 1705 1797 quae

1003 1803 1116 1832 scribit
1142 1804 1310 1841 Apostolus
1325 1811 1440 1842 magna
1463 1805 1496 1833 et
1517 1803 1627 1841 gravia
1649 1804 1705 1832 ho-

1003 1848 1127 1877 minum
1152 1849 1256 1885 mala,
1279 1849 1339 1878 hoc
1358 1857 1486 1887 quoque
1511 1849 1706 1878 adnumera-

1003 1896 1090 1932 tum,
1115 1896 1178 1924 sine
1204 1895 1360 1931 affectione
1381 1895 1507 1924 scilicet
1535 1902 1616 1924 esse.
1641 1893 1704 1923 Sed

1004 1939 1051 1967 est
1079 1939 1211 1969 affectio
1234 1947 1330 1977 quam
1357 1948 1429 1969 caro
1454 1940 1573 1978 gignit3
1596 1940 1630 1969 et
1655 1939 1705 1968 est

1002 1992 1096 2021 quam
1119 1985 1201 2014 ratio
1223 1985 1325 2023 regit,
1348 1985 1381 2014 et
1406 1986 1455 2015 est
1474 1993 1569 2022 quam
1595 1983 1705 2014 condit

1002 2029 1171 2066 sapientia.
1195 2030 1302 2059 Prima
1327 2030 1392 2068 est,
1414 2038 1511 2068 quam
1535 2029 1705 2067 Apostolus

1003 2074 1067 2112 legi
1084 2075 1144 2105 Dei
1160 2075 1242 2105 dicit
1264 2084 1328 2105 non
1344 2084 1413 2105 esse
1430 2075 1627 2112 subjectam,
1642 2082 1704 2103 nec

1003 2127 1071 2149 esse
1103 2129 1194 2158 posse
1210 2129 1218 2149 ε
1236 2121 1392 2158 secunda,
1408 2129 1504 2158 quam
1518 2119 1670 2158 perhibet
1685 2127 1704 2148 e

1003 2167 1132 2204 regione
1154 2166 1410 2196 consentientem
1434 2166 1500 2203 legi
1525 2165 1605 2201 Dei,
1624 2172 1704 2202 quo-

1001 2212 1088 2241 niam
1117 2212 1199 2241 bona
1227 2212 1277 2241 est
1298 2219 1307 2240 :
1329 2219 1390 2240 nec
1416 2210 1551 2240 dubium
1581 2209 1702 2238 distare

1001 2349 1080 2386 stat,
1096 2356 1167 2385 quae
1189 2348 1221 2377 et
1245 2346 1370 2384 gustat,
1387 2346 1420 2376 et
1441 2345 1525 2383 sapit
1547 2344 1702 2382 quoniam

1002 2394 1109 2423 suavis
1122 2395 1170 2423 est
1183 2393 1353 2429 Dominus,
1364 2392 1503 2430 primam
1516 2390 1702 2427 eliminans,

983 2433 985 2469 ξ’
1002 2439 1176 2469 secundam
1191 2445 1414 2467 remunerans.
1427 2437 1503 2466 Nam
1517 2435 1618 2474 prima
1631 2434 1702 2472 qui-

1003 2485 1076 2514 dem
1093 2484 1195 2513 dulcis
1206 2505 1215 2521 ,
1231 2483 1287 2513 sed
1301 2483 1404 2521 turpis
1420 2491 1428 2511 t
1446 2481 1584 2512 secunda
1597 2480 1700 2516 sicca,

1003 2531 1059 2559 sed
1084 2529 1174 2559 fortis
1194 2529 1333 2559 :ultima
1358 2527 1506 2566 pinguis,
1533 2527 1566 2556 et
1592 2524 1700 2555 suavis

1004 2575 1063 2603 est.
1081 2574 1183 2611 Igitur
1201 2581 1260 2611 per
1283 2571 1456 2602 secundam
1478 2576 1573 2607 opera
1599 2568 1698 2606 fiunt,

1005 2620 1037 2649 et
1051 2619 1084 2648 in
1100 2619 1168 2657 ipsa
1180 2619 1297 2648 caritas
1320 2616 1430 2654 sedet,
1445 2622 1508 2645 non
1523 2614 1577 2643 illa
1603 2613 1700 2644 affec·
