1846 3078
247 272 375 333 induit,
399 294 461 325 ete.
485 294 578 325 Patet
605 302 680 333 ergo
708 295 783 333 quia
798 295 943 332 iquorans

245 338 456 379 §qum-abitur,
481 338 551 369 sive
575 346 628 376 se,
644 338 713 368 sive
733 338 837 366 Deum
854 336 943 372 igno-

245 391 319 414 rare
344 384 518 423 contingat.
544 385 591 414 De
607 392 670 421 qua
694 383 830 419 utraque
854 380 943 417 igno-

244 428 349 463 rantia
373 430 436 461 erit
457 428 577 468 nobis(
599 428 625 459 si
641 429 749 457 tamen
772 427 859 456 Deus
873 433 943 454 ma-

244 477 332 505 num*
347 475 481 514 apponit
495 474 506 513 )
522 473 614 504 utilis
638 470 812 502 admodum
831 469 943 507 dispu-

243 520 337 550 tatio.
352 521 420 550 Non
434 520 528 550 modo
542 520 651 548 tamen
668 526 677 546 ι
693 525 735 546 ne
747 515 891 553 fatigati,
909 515 942 545 et

243 573 308 596 non
331 566 496 604 praemissa
522 573 564 594 ex
578 570 668 592 more
697 561 861 599 oratione,
887 561 943 591 aut

243 620 303 650 ego
327 613 433 641 minus
447 610 621 647 diligenter
640 616 712 638 rem
726 606 942 636 necessariam

242 664 416 696 prosequar
426 677 434 692 ,
452 656 507 684 aut
522 662 577 683 vos
593 653 699 683 minus
715 653 838 683 attente
849 674 858 690 ,
871 660 942 690 quae

242 710 308 732 non
322 702 384 731 nisi
408 707 524 737 magno
546 699 750 736 suscipienda
765 699 840 728 sunt
860 697 943 728 desi-

243 748 332 777 derio
342 768 350 784 ‚
363 745 512 776 audiatis.
523 745 650 774 Etenim
660 744 686 773 si
699 743 841 782 corporis
852 744 942 774 cibus

243 800 317 822 cum
341 791 459 828 absque
484 789 632 828 appetitu
648 789 680 819 et
695 788 827 821 satiatus
848 789 941 818 illum

241 837 358 873 sumis,
383 844 448 865 non
469 836 563 865 modo
587 843 652 865 non
672 835 822 874 prodest,
838 834 894 864 sed
909 835 942 865 et

239 883 335 912 nocet
354 881 531 919 plurimum
557 889 565 910 τ
592 881 695 910 multo
722 881 823 917 magis
850 880 942 918 panis

240 928 355 957 animae
367 935 439 956 cum
452 927 581 957 fastidio
591 927 739 964 sumptus
748 948 757 963 ,
766 934 831 955 non
839 926 942 955 scien-

240 973 292 1003 tiae
300 973 536 1003 nutrimentum
546 995 555 1010 ,
568 972 626 1002 sed
636 971 737 1009 magis
745 972 941 1001 tormentum

240 1018 444 1048 conscientiae
466 1018 664 1056 importabit.
690 1017 782 1054 Quod
806 1025 824 1046 a
849 1017 941 1047 nobis

239 1065 363 1094 avertat
373 1072 506 1102 sponsus
530 1063 678 1093 Ecclesiae
692 1063 785 1093 Jesus
799 1063 942 1094 Christus

238 1109 394 1139 Dominus
420 1111 545 1147 noster,
562 1109 618 1147 qui
644 1109 694 1139 est
717 1117 815 1147 super
834 1109 942 1139 omnia

238 1154 325 1186 Deus
338 1155 531 1186 benedictus
554 1156 589 1185 in
603 1155 720 1186 saecula
730 1176 739 1192 ,
751 1162 859 1185 amen.

396 1274 566 1307 SERMO
597 1274 780 1307 XXXVI.

239 1339 324 1381 Quod
335 1348 446 1372 scientia
458 1347 622 1370 litterarum
635 1348 666 1370 sit
679 1346 751 1370 bona
766 1346 801 1369 ad
814 1346 941 1369 instruc-

271 1386 375 1408 tionem
385 1401 392 1413 ,
404 1383 449 1408 sed
461 1384 574 1406 scientia
587 1382 709 1412 propriae
722 1381 897 1405 infirmitatis
908 1382 940 1405 sil

271 1420 371 1444 utilior
383 1418 418 1442 ad
430 1418 558 1442 salutem.

280 1479 311 1508 l.
327 1479 375 1507 EN
397 1485 455 1515 ego
479 1484 560 1505 meae
577 1474 798 1513 promissioni3
826 1482 867 1504 en
883 1481 941 1512 ego

241 1522 412 1554 desideriis
427 1521 560 1557 vestris,
574 1529 614 1549 en
627 1528 685 1558 ego
696 1520 794 1549 etiam
805 1520 872 1548 Deo
883 1527 940 1557 pro

239 1568 349 1598 debito
377 1566 544 1596 famulatu.
569 1565 721 1603 Triplici,
742 1565 778 1594 ut
799 1564 939 1601 videtis,

239 1614 366 1643 ratione
381 1619 496 1649 urgeor
510 1611 549 1639 ad
563 1610 773 1648 loquendum,
789 1609 875 1648 pacti
886 1617 941 1639 ve-

238 1659 335 1689 ritate
346 1680 355 1696 ,
384 1656 520 1687 caritate
549 1655 690 1684 fraterna
701 1677 709 1692 ,
738 1654 853 1684 timore
877 1655 940 1683 Do-

238 1703 334 1734 mini.
350 1703 383 1732 Si
393 1703 523 1731 tacuero
531 1722 540 1737 ,
550 1709 584 1729 os
592 1708 702 1729 meum
715 1699 941 1730 condemnabit

240 1759 304 1780 me.
327 1748 412 1786 Quid
440 1747 466 1776 si
492 1745 628 1784 loquar?
656 1745 801 1775 Profecto
826 1753 941 1775 vereor

240 1794 493 1832 idemjudicium
504 1814 513 1829 ,
527 1800 567 1821 ne
577 1792 763 1829 loquentem
772 1790 939 1828 videlicet,

240 1844 273 1872 et
287 1848 351 1870 non
366 1838 539 1868 facientem
551 1858 560 1874 ,
577 1836 765 1866 idemtidem
782 1844 815 1865 os
831 1844 940 1865 meum

239 1886 433 1918 condemnet
456 1891 521 1913 me.
537 1883 652 1912 Juvate
674 1889 726 1911 me
742 1882 941 1911 orationibus

240 1933 374 1969 vestris,
390 1931 427 1960 ut
437 1935 565 1967 semper
579 1928 698 1966 possim
713 1928 746 1957 et
767 1927 853 1966 loqui
869 1937 940 1966 quae

239 1977 385 2017 oportet,
401 1978 435 2007 et
455 1983 552 2014 opere
575 1975 713 2012 implere
727 1982 798 2012 quae
814 1975 938 2012 loquor.

238 2026 304 2054 Non
321 2022 472 2062 ignoratis
484 2020 676 2050 hodiernum
688 2020 780 2049 nobis
794 2020 940 2058 proposi-

238 2073 307 2101 tum
322 2077 391 2099 esse
412 2074 594 2097 sermonem
610 2066 650 2095 de
673 2065 871 2103 ignorantia,
887 2066 939 2095 vel

239 2116 347 2153 potius
361 2114 400 2143 de
417 2112 606 2152 ignorantiis
623 2119 630 2140 :
649 2111 799 2149 quoniam
816 2111 939 2149 duae,si

239 2160 432 2191 meministis
442 2181 451 2196 ,
466 2158 638 2197 propositae
649 2158 735 2194 sunt,
746 2157 844 2186 noslri
857 2165 920 2186 una
929 2179 938 2195 ,

241 2207 273 2236 et
287 2206 387 2235 altera
402 2205 474 2242 Dei,
490 2212 569 2242 quas
584 2205 617 2233 et
632 2203 815 2232 monuimus
830 2203 939 2233 ambas

240 2258 310 2281 esse
336 2249 510 2287 cavendas,
523 2248 608 2287 quod
623 2248 726 2278 ambae
741 2248 938 2278 damnabiles

210 2314 216 2321 ι
238 2296 315 2326 sint.
335 2294 487 2332 Superest
502 2296 538 2324 ut
561 2295 679 2324 clarius
695 2294 755 2323 hoc
771 2294 875 2331 ipsum
892 2293 938 2323 sa-

237 2341 321 2370 ciam
332 2361 341 2376 ,
351 2338 525 2368 edisseram
535 2339 673 2376 plenius.
683 2338 745 2368 Sed
756 2339 846 2377 prius
853 2347 939 2376 quae-

236 2385 374 2417 rendum
383 2383 545 2420 existimO,
557 2384 639 2413 sitne
648 2384 826 2421 ignorantia
836 2385 938 2414 omnis

237 2429 442 2461 damnabilis.
452 2429 489 2457 Et
499 2428 580 2457 mihi
591 2429 723 2466 quidem
738 2429 868 2459 videtur
876 2437 938 2459 non

239 2484 328 2512 esse,
350 2473 363 2513 (
377 2481 483 2511 neque
512 2473 601 2502 enim
629 2474 732 2504 omnis
759 2475 938 2512 ignorantia

237 2518 393 2559 damnat)
413 2518 470 2548 sed
483 2519 585 2548 multa
608 2519 641 2548 et
655 2518 825 2549 innumera
850 2528 936 2557 esse,

239 2575 310 2606 quae
324 2565 450 2596 nescire
464 2564 563 2594 liceat
587 2564 707 2602 absque
722 2565 937 2595 diminutione

238 2610 464 2642 salutis.Verbi
476 2610 576 2649 gratia
585 2632 593 2648 ,
605 2610 633 2640 si
647 2610 773 2649 ignoras
788 2610 938 2640 fabrilem

240 2659 340 2687 artem
353 2679 361 2695 ,
374 2665 429 2686 seu
444 2657 677 2695 carpentariam
687 2678 695 2694 ,
718 2657 772 2685 aut
802 2665 938 2687 caemen-

724 242 755 269 S.
780 236 1014 269 BERNARDI
1041 238 1237 268 ABBATls

977 290 1113 329 tariam‚
1139 292 1172 323 et
1187 301 1394 332 quaecumquo
1408 291 1588 325 istiusmodi
1600 294 1674 327 sunt

977 337 1062 366 artes
1072 358 1081 374 ,
1097 345 1168 375 quae
1181 338 1220 367 ad
1229 347 1304 369 usus
1314 340 1390 369 vitae
1401 339 1498 377 hujus
1507 342 1674 379 praesentis

976 381 1016 409 ab
1044 381 1231 412 hominibus
1268 386 1482 423 exercentur,
1517 387 1674 425 numquid

976 425 1112 463 impedit
1123 426 1162 456 ad
1176 427 1333 458 salutem?
1351 430 1454 460 Etiam
1469 430 1589 469 absque
1604 440 1674 461 om-

977 470 1070 501 nibus
1083 471 1149 502 illis
1160 473 1283 503 artibus
1292 495 1302 511 ,
1317 476 1547 512 quaeliberales
1560 477 1674 507 dicun-

975 517 1044 553 tur,
1069 515 1080 557 (
1099 518 1247 556 quamvis
1274 519 1512 552 honestioribus
1532 523 1677 553 utiliori-

975 561 1100 600 busque
1125 563 1241 593 studiis
1268 565 1302 594 et
1323 564 1505 604 discantur,
1528 568 1560 597 et
1580 577 1675 599 exer-

975 608 1107 638 ceantur
1116 630 1124 646 ,
1135 607 1145 647 )
1156 617 1252 648 quam
1264 610 1397 648 plurimi
1410 611 1577 642 hominum
1591 615 1672 644 salvi

975 653 1050 684 facti
1085 655 1178 693 sunt,
1208 656 1373 694 placentes
1406 658 1549 688 moribus
1577 660 1673 698 atque

974 700 1124 737 operibus
1141 709 1149 730 :
1166 702 1300 740 quantos
1315 704 1484 733 enumerat
1505 705 1674 742 Apostolus

975 744 1008 774 in
1023 746 1157 783 epistola
1171 746 1211 776 ad
1226 747 1395 786 Hebraeos,
1413 748 1511 779 factos
1526 749 1673 788 dilectos,

974 798 1036 820 non
1051 791 1086 820 in
1099 792 1236 822 scientia
1250 793 1429 823 litterarum
1440 815 1449 831 ,
1470 795 1527 824 sed
1547 795 1582 825 in
1598 804 1674 826 con-

973 837 1109 867 scientia
1122 846 1223 876 pura,
1239 840 1271 869 et.
1285 838 1347 869 fide
1372 847 1436 869 non
1453 840 1538 870 ficta.
1556 842 1673 873 Omnes

973 881 1167 918 placuerunt
1177 884 1245 913 Deo
1258 884 1291 913 in
1301 884 1366 914 vita
1373 893 1442 922 sua,
1451 885 1528 915 vitae
1534 887 1672 925 meritis,

975 934 1036 956 non
1044 928 1319 960 scientiae.Petrus
1328 952 1337 967 ,
1352 932 1385 960 et
1396 931 1538 962 Andreas
1547 953 1557 970 ,
1570 933 1604 963 et
1613 933 1671 962 filii

974 972 1120 1003 Zebedaei
1127 995 1135 1010 ,
1143 974 1318 1012 caeterique
1327 976 1539 1015 condiscipuli
1548 986 1672 1016 omnes,

974 1025 1037 1046 non
1051 1018 1092 1048 de
1105 1019 1212 1048 schola
1221 1020 1388 1050 rhetorum
1400 1022 1456 1050 aut
1465 1023 1673 1062 philosopho-

974 1071 1045 1092 rum
1059 1065 1215 1102 assumpti
1236 1066 1331 1104 sunt3
1345 1066 1379 1096 et
1399 1067 1610 1099 nihilominus
1624 1071 1674 1100 ta-

974 1117 1048 1138 men
1068 1110 1214 1140 Salvator
1229 1119 1288 1149 per
1304 1111 1388 1149 ipsos
1399 1113 1549 1150 operatus
1561 1114 1611 1145 est
1624 1124 1674 1145 sa-

975 1154 1076 1184 lutem
1088 1154 1122 1185 in
1137 1155 1244 1186 medio
1258 1157 1442 1187 terrae.N0n
1456 1158 1490 1187 in
1501 1159 1673 1199 sapientia,

973 1207 1044 1236 quae
1058 1199 1094 1229 in
1109 1200 1189 1238 ipsis
1203 1202 1287 1231 esset
1300 1202 1374 1240 plus
1387 1210 1485 1240 quam
1501 1204 1535 1233 in
1550 1207 1674 1236 cunctis

974 1244 1179 1282 viventiBus,
1206 1245 1217 1284 (
1243 1248 1512 1284 quemadmodum
1540 1249 1674 1281 Sanctus

974 1289 1090 1326 aliquis
1105 1290 1145 1320 de
1159 1292 1331 1329 semetipso
1347 1292 1511 1323 confessus
1527 1295 1576 1324 est
1591 1294 1602 1334 )
1618 1297 1674 1326 sed

975 1334 1007 1362 in
1022 1334 1084 1364 fide
1106 1337 1140 1365 et
1163 1337 1298 1366 lenitate
1314 1338 1455 1375 ipsorum
1481 1340 1584 1370 salvos
1599 1341 1676 1371 fecit

976 1379 1064 1418 illos,
1077 1381 1175 1410 etiam
1186 1383 1219 1411 et
1233 1383 1375 1420 sanctos,
1395 1383 1493 1413 etiam
1506 1385 1539 1414 et
1558 1387 1675 1425 magis-

975 1426 1050 1455 tros.
1079 1427 1226 1465 Denique
1252 1429 1342 1458 notas
1370 1428 1490 1458 mundo
1527 1429 1676 1462 fecerunt

974 1471 1042 1500 vias
1056 1470 1132 1501 vitae
1142 1494 1150 1509 ,
1164 1474 1198 1502 et
1212 1481 1275 1502 non
1291 1473 1325 1502 in
1341 1474 1541 1505 sublimitate
1554 1484 1675 1506 sermo-

975 1510 1042 1553 n'is,
1063 1518 1118 1546 aut
1140 1518 1174 1546 in
1202 1518 1304 1547 doctis
1329 1519 1478 1549 humanae
1507 1521 1675 1558 sapientia>

973 1561 1081 1591 verbis
1093 1584 1103 1600 ,
1119 1563 1175 1592 sed
1191 1563 1273 1592 sicut
1293 1563 1414 1601 placuit
1438 1565 1505 1594 Deo
1519 1574 1579 1603 per
1594 1567 1674 1596 stul-

974 1606 1076 1635 titiam
1088 1607 1326 1644 praedicationis
1335 1615 1446 1637 eorum
1453 1608 1557 1638 salvos
1568 1608 1675 1639 facere

973 1651 1159 1689 credentes,
1171 1652 1246 1690 quia
1262 1653 1401 1682 mundus
1417 1653 1538 1683 eumin
1555 1663 1612 1684 sua
1627 1663 1675 1685 sa-

973 1696 1096 1733 pientia
1110 1705 1173 1726 non
1190 1698 1350 1736 cognovit.

1013 1747 1042 1773 ⁶2.
1059 1743 1178 1772 videar
1193 1743 1326 1773 forsitan
1341 1743 1462 1774 nimius
1476 1743 1510 1774 in
1525 1747 1675 1784 suggilla-

974 1789 1063 1818 tione
1083 1789 1246 1826 scientiae,
1268 1790 1301 1819 et
1317 1789 1408 1827 quasi
1433 1791 1673 1828 reprehendere

974 1834 1100 1871 doctos,
1115 1842 1152 1864 ac
1167 1834 1342 1872 prohibere
1360 1835 1465 1865 studia
1479 1836 1671 1868 litterarum.

973 1880 1073 1910 Absit.
1083 1881 1151 1910 Non
1161 1878 1272 1918 ignoro
1281 1882 1435 1918 quantum
1444 1882 1594 1912 Ecclesiae
1600 1892 1673 1920 pro-

974 1926 1094 1956 fuerint
1117 1926 1150 1955 et
1170 1926 1295 1964 prosint
1310 1927 1444 1956 litterati
1460 1927 1527 1964 sui,
1544 1928 1614 1958 sive
1633 1931 1671 1957 :ul

972 1971 1165 2001 refellendos
1175 1979 1228 2001 eos
1236 1971 1291 2009 qui
1301 1979 1342 2001 ex
1354 1971 1488 2001 adverso
1496 1974 1571 2002 sunt.
1581 1995 1589 2011 ,
1603 1975 1671 2003 sive

973 2017 1011 2047 ad
1023 2018 1188 2056 simplices
1196 2016 1414 2046 instruendos.
1426 2017 1574 2056 Denique
1586 2020 1669 2058 legi,

974 2064 1054 2102 Quia
1075 2065 1108 2093 tu
1127 2063 1265 2101 repulisti
1284 2063 1462 2099 scientiam,
1481 2065 1625 2102 repellam
1644 2068 1670 2095 cl

972 2119 1024 2147 cyo
1041 2110 1086 2147 te,
1108 2110 1143 2139 ut
1163 2117 1226 2137 non
1247 2108 1387 2146 fungaris
1401 2109 1479 2138 mihi
1491 2111 1668 2141 sacerdotio.

974 2155 1067 2193 Legi,
1094 2155 1154 2194 Qui
1167 2155 1246 2183 docti
1261 2154 1392 2191 suerint,
1409 2154 1566 2192 fulqebunt
1583 2157 1670 2193 quasi

971 2201 1109 2239 splendor
1128 2200 1336 2237 firmamcnlt'5
1353 2200 1381 2228 ct
1402 2200 1455 2236 qui
1468 2200 1670 2237 adjustitiam

971 2250 1113 2278 erudiunt
1129 2249 1249 2284 multos,
1263 2248 1351 2285 quasi
1365 2247 1455 2276 stellae
1470 2248 1501 2276 in
1509 2250 1670 2286 perpetuas

971 2295 1168 2324 (eternitates.
1192 2293 1256 2323 Sed
1279 2294 1312 2322 et
1336 2293 1401 2322 scio
1424 2292 1481 2322 ubi
1507 2294 1667 2331 legerim:

972 2341 1104 2370 Scientia
1125 2340 1229 2377 z'nflat3
1251 2339 1284 2368 et
1305 2346 1452 2376 rursum,
1469 2340 1528 2378 Qui
1547 2343 1670 2378 apponit

971 2387 1146 2421 scientiam,
1158 2386 1317 2423 apponilet
1327 2385 1472 2414 dolorem.
1486 2385 1583 2415 Vides
1595 2387 1669 2424 quia

972 2431 1153 2462 differentia
1166 2431 1213 2460 est
1225 2430 1454 2467 scientiarum,
1468 2431 1595 2469 quando
1607 2432 1668 2460 alia

972 2477 1087 2508 inflans
1097 2500 1105 2515 ,
1125 2477 1189 2506 alia
1204 2477 1396 2507 contristans
1410 2477 1470 2506 est.
1486 2476 1558 2505 Tibi
1571 2484 1646 2505 vero
1657 2499 1665 2513 ,

973 2523 1072 2553 velim
1092 2522 1195 2560 scire,
1217 2529 1365 2560 quaenam
1386 2521 1500 2551 harum
1520 2521 1667 2551 videatur

972 2568 1084 2597 utilior
1094 2576 1152 2598 seu
1161 2567 1262 2606 magis
1271 2567 1451 2597 necessaria
1462 2566 1502 2595 ad
1513 2565 1646 2594 salutem
1655 2587 1665 2603 ,

972 2613 1070 2643 illane
1090 2622 1160 2651 quae
1184 2613 1307 2648 tumet,
1329 2620 1368 2640 an
1388 2619 1458 2649 quae
1479 2609 1586 2639 dolet?
1602 2609 1664 2639 Sed

973 2666 1033 2687 non
1048 2658 1158 2688 dubito
1172 2658 1247 2696 quin
1265 2658 1423 2686 dolentem
1434 2655 1567 2685 tumenti
1585 2663 1666 2692 prae-
