1810 3073
311 196 369 227 430

765 198 794 226 S.
815 193 1048 226 BERNARDI
1068 195 1262 225 ABBATIS

311 252 463 292 quimur,
485 251 642 291 quicquid
660 259 833 291 operamur
855 250 913 281 aut
929 247 1013 287 pati-
1046 248 1192 280 consilia.
1201 245 1742 290 QuisdubitetapostolumPaulum

308 307 400 339 mur,
416 299 546 330 aeternae
560 298 637 330 vitae
648 298 722 329 finis
735 296 916 328 concludat.

347 345 379 376 2.
395 344 461 376 Sed
473 345 512 376 ut
526 345 597 376 haec
611 353 684 384 quae
696 344 783 375 dicta
797 343 872 374 sunt
885 341 925 371 de
941 339 1013 370 son-

307 391 397 423 tibus
411 391 446 423 et
468 391 560 430 aquis
585 391 706 421 clarius
722 387 892 426 eluceant,
907 386 1013 425 Scrip-

307 439 455 469 auarum
472 435 672 469 testimoniis
682 443 758 465 reor
770 442 841 464 esse
862 440 1013 471 compro-

307 484 414 515 banda
426 506 437 522 ‚
464 484 604 522 aurique
640 479 895 516 similitudines,
932 486 1013 517 quas

305 529 525 568 protuIimps,
561 525 829 557 vermiculandas
862 525 1010 563 argento.

306 577 351 606 Ac
364 576 506 614 primum
530 574 616 612 quod
638 572 764 602 dictum
780 572 849 609 est,
872 571 1013 609 quatuor

307 622 380 652 illos
401 621 506 651 fontes
529 620 569 649 de
590 620 724 657 pectore
751 618 831 648 Jesu
857 623 1011 654 manare,

305 668 434 698 nullum
463 666 604 695 arbitror
633 665 813 703 ambigere.
844 663 1012 701 Quomodo

306 713 418 742 autem
434 720 476 741 ex
500 711 626 742 eisdem
649 710 795 740 fontibus
817 709 1013 740 hauriantur

305 757 468 796 praedictae
489 766 582 796 aquae
595 779 604 795 ‚
624 756 659 787 id
687 756 924 787 elaborandum
949 756 1011 786 est.

305 804 425 834 Veniat
446 812 521 843 ergo
546 803 672 842 David,
702 803 735 833 et
754 802 843 833 dicat
863 801 950 841 quod
971 810 1013 832 ex

306 850 397 881 fonte
418 850 569 880 veritatis
589 849 769 888 procedant
790 848 929 886 judicia.
945 848 1013 878 Hoc

307 898 397 928 certe
411 896 545 927 videtur
559 895 697 926 sensisse
713 903 787 925 cum
799 894 925 925 diceret
940 903 949 924 ε
968 897 1015 926 De

305 944 393 974 vulta
409 945 460 974 tuo
469 943 621 981 judiciam
636 950 738 972 meam
748 942 887 980 prodeat.
903 941 1014 979 Neque

308 990 397 1020 euim
414 989 463 1019 vir
478 989 608 1019 sanctus
630 987 793 1025 judicium
814 994 910 1017 suum
925 986 1016 1017 dice-

308 1038 376 1074 ret,
392 1035 479 1074 quod
494 1034 534 1065 de
550 1035 647 1064 vultu
660 1033 743 1072 Dei,
759 1033 794 1064 id
809 1034 858 1064 est
874 1032 914 1063 de
928 1032 1016 1063 veri-

309 1083 375 1112 tate
385 1104 395 1120 ,
406 1090 470 1111 non
479 1080 635 1119 prodiret.
644 1080 785 1110 Noverat
796 1080 885 1111 enim
896 1079 1016 1110 electos

310 1129 372 1158 Dei
387 1127 538 1158 veritatis
558 1126 715 1165 judiciis,
737 1128 904 1165 tamquam
925 1126 1016 1164 virga

310 1174 418 1204 ferrea
444 1174 534 1212 regi,
565 1173 599 1203 et
613 1172 689 1211 quia
709 1171 768 1202 sub
794 1179 909 1202 eorum
932 1171 1017 1210 regi-

309 1221 399 1250 mine
415 1228 449 1250 se
465 1228 536 1250 esse
552 1218 736 1257 sentiebat,
749 1218 918 1249 exsultans
932 1218 1018 1256 psal·

308 1266 399 1297 lebat
420 1275 428 1295 :
450 1267 573 1296 Iudicia
596 1266 656 1295 Dei
674 1274 767 1301 vera,
789 1264 961 1302 justificata
985 1265 1015 1294 in

308 1314 486 1351 semetipsa3
503 1311 718 1341 desiderabilia
741 1320 831 1350 super
851 1320 968 1340 (ιιινιιιη
989 1312 1017 1340 et

311 1359 444 1396 lapidem
458 1358 628 1396 pretiosum
646 1357 799 1392 multum,
824 1358 854 1386 et
877 1357 1017 1386 dulciora

311 1414 401 1443 super
415 1404 475 1433 ⁴mel
497 1404 526 1432 et
546 1403 664 1440 favum.
685 1403 711 1431 A
729 1402 848 1441 quibus
866 1410 908 1432 ne
934 1402 1016 1432 forte

312 1459 372 1489 per
386 1449 547 1480 incuriam
569 1448 725 1486 devient,
746 1448 882 1479 audiant
903 1456 1017 1478 vocem

312 1496 415 1526 Patris
428 1503 488 1534 per
505 1494 657 1525 eumdem
673 1494 869 1532 Prophetam
882 1495 1018 1524 commi-

313 1542 421 1573 nantis
437 1550 446 1570 :
463 1542 498 1571 Si
513 1542 545 1570 in
553 1541 678 1579 judiciis
689 1561 700 1577 ,
724 1539 850 1578 inquit,
866 1541 941 1570 meis
955 1549 1017 1570 nor·

312 1588 556 1624 ambulaverint,
565 1588 592 1617 et
604 1587 753 1616 mandata
767 1595 836 1615 mea
846 1594 909 1615 ‘non
921 1588 1019 1616 custo-

313 1634 442 1669 dierint,
465 1631 595 1662 visitabo
611 1633 642 1661 in
656 1632 746 1669 virqa
766 1631 944 1669 iniquitates
966 1640 1019 1660 co-

311 1688 402 1716 rum,
429 1680 458 1708 ct
483 1679 518 1708 in
537 1677 712 1708 verberibus
740 1679 866 1715 peccata
899 1686 1016 1707 eorum.

312 1727 390 1756 Ilaec
410 1724 565 1762 mysteria
586 1723 692 1752 divini
714 1722 833 1760 judicii
852 1723 1019 1753 reserabat

315 1771 456 1802 coelestis
471 1770 566 1807 regni
582 1768 811 1798 clavicularius
822 1791 832 1807 ,
845 1777 919 1799 cum
935 1769 1020 1800 dice-

313 1818 386 1848 ret:
407 1818 537 1854 Tempus
560 1816 604 1845 est
626 1815 661 1844 ut
673 1815 800 1853 incipiat
814 1815 968 1852 judiciam
985 1816 1020 1845 <Ie

314 1865 405 1893 domo
419 1863 489 1892 Dei.
499 1862 534 1891 Si
544 1862 648 1890 autem
657 1861 796 1899 primum
809 1869 830 1890 a
841 1860 945 1897 uobis,
955 1862 1021 1900 qais

311 1910 382 1948 finis
393 1917 501 1938 eorum
513 1908 567 1946 qui
576 1915 638 1936 non
652 1907 1022 1938 credideruntDeiEvan-

315 1954 414 1995 qelz'o?
425 1955 464 1984 Et
477 1954 538 1983 hoc
553 1952 593 1982 de
609 1952 726 1982 electis
740 1952 866 1982 dictum
881 1954 940 1983 est.
955 1954 1021 1984 Cae-

314 2003 425 2032 terum
440 2000 489 2030 est
504 1998 594 2028 aliud
610 1998 650 2028 de
671 1998 820 2036 reprobis
837 1998 1000 2036 judicium
1011 2022 1020 2038 ,

314 2047 402 2086 quod
417 2038 632 2076 nihilominus
646 2043 685 2073 ab
700 2044 771 2082 ipsa
785 2044 931 2076 Veritate
946 2054 1022 2084 pro·
1038 2043 1039 2052 ¹

1013 2103 1020 2123 :
1038 2098 1039 2131 ἢ
1055 2089 1162 2119 detur.
1175 2088 1208 2118 Si
1225 2095 1302 2118 vero
1319 2087 1497 2117 consultius
1510 2087 1545 2118 et
1558 2088 1673 2120 utilius
1688 2090 1756 2122 stu-

317 2092 416 2123 cedit.
443 2091 535 2121 Unde
563 2091 596 2121 et
622 2098 681 2129 per
705 2090 842 2120 Paulum
865 2091 987 2123 dicitu-r

285 2150 291 2155 ⁴
315 2140 435 2169 Scimus
446 2139 527 2167 enim
538 2135 846 2176 quoniamjudicium
859 2139 904 2168 est
916 2148 1023 2170 secun-

316 2185 390 2213 dum
405 2184 565 2213 veritatem
585 2183 619 2212 in
633 2191 683 2213 eos
695 2183 749 2221 qui
768 2183 846 2213 talia
859 2186 967 2223 ayunt.
984 2188 1022 2218 Et

317 2230 491 2266 utrumque
509 2228 642 2267 quidem
655 2227 816 2266 judicium
831 2231 1023 2269 complecti-

318 2275 374 2304 tur
394 2274 464 2312 ipsa
485 2274 635 2313 Veritas,
651 2274 764 2305 dicens
789 2277 852 2306 :In
867 2277 1022 2315 judicium

317 2330 372 2362 eqo
393 2321 464 2351 veni
486 2321 518 2349 in
533 2320 615 2350 hunc
639 2322 807 2359 mundam,
830 2324 864 2353 ut
884 2325 939 2362 qui
960 2334 1022 2356 non

318 2368 421 2399 vident
435 2366 576 2402 videant,
598 2367 695 2405 etqui
716 2368 818 2397 vident
839 2371 912 2400 caeci
931 2370 1021 2408 siant.

319 2413 501 2449 Utrumque
524 2411 634 2440 autem
650 2411 825 2451 discernit,
842 2422 917 2444 cum
942 2415 1022 2446 item

321 2457 402 2489 dicit
414 2458 472 2487 :Et
486 2456 572 2487 ibunt
583 2456 616 2486 1ιὶ
625 2457 657 2486 in
668 2459 850 2496 supplicium
860 2462 1022 2500 oeternum,

315 2503 395 2543 justi
407 2504 509 2533 autem
520 2502 553 2531 in
563 2502 660 2532 vitam
679 2504 840 2534 oeternam.

363 2548 439 2579 5.Si
452 2547 595 2578 vidimus
606 2547 765 2585 quomodo
780 2548 820 2578 de.
835 2549 924 2580 tonte
940 2552 1025 2581 veri-

323 2595 400 2626 tatis
413 2593 608 2625 hauriuntur
621 2592 756 2630 judicia,
765 2593 934 2625 videamus
945 2605 1023 2634 quo·

325 2640 421 2672 modo
446 2639 486 2671 de
507 2638 596 2670 fonte
616 2639 784 2678 sapientiae
808 2639 1025 2679 propinentur

1047 301 1118 324 esse
1149 296 1354 334 sapientem,
1385 305 1460 328 cum
1486 297 1520 328 et
1541 298 1655 328 Petrus
1674 298 1744 337 ejus

1046 341 1250 378 coapostolus
1272 343 1469 381 sapientiam
1489 343 1522 374 ei
1542 344 1651 374 datam
1675 352 1744 375 esse

1045 384 1209 424 adstruat,
1225 388 1259 417 et
1273 388 1418 425 ejusdem
1433 389 1577 428 Apostoli
1592 389 1658 420 tota
1671 398 1746 420 ver-

1044 430 1159 461 borum
1169 432 1271 463 series
1285 433 1333 463 nil
1342 434 1430 465 aliud
1441 444 1539 473 quam
1553 435 1745 474 sapientiam

1044 477 1213 509 redoleat?
1231 479 1381 510 Proferat
1405 480 1508 519 igitur
1532 482 1685 520 consilia,
1713 481 1747 512 et

1043 531 1103 561 per
1114 523 1186 562 ipsa
1206 532 1265 554 nos
1280 524 1417 563 doceat,
1433 526 1514 564 quid
1535 527 1747 566 peregrinan-

1044 569 1130 600 tibus
1144 572 1179 601 et
1200 571 1241 600 ad
1255 572 1422 602 coelestem
1437 573 1574 611 patriam
1589 574 1748 605 festinan·

1044 616 1133 646 tibus
1157 617 1324 655 expediat.
1348 620 1395 648 De
1409 619 1599 657 viminibus,
1621 620 1746 660 inquit,

1042 665 1228 701 proeceptam
1241 665 1371 695 Domini
1382 673 1445 694 non
1463 665 1572 702 habeo,
1587 667 1747 697 consitium

1045 710 1146 739 (tutem
1171 709 1226 746 do,
1241 711 1403 748 tamquam
1417 711 1660 742 misericordiam
1675 721 1747 742 con-

1043 757 1161 786 secutus
1173 765 1194 786 a
1204 756 1338 787 Domino
1346 777 1357 793 ,
1368 758 1404 786 ut
1413 758 1471 787 sim
1479 757 1587 794 fidelis.
1595 758 1750 789 Existimo

1045 809 1115 840 erqo
1143 801 1199 831 hoc
1226 801 1340 832 bonum
1364 811 1425 833 esse
1445 804 1569 841 propter
1584 804 1749 835 instantem

1045 849 1274 885 necessitatem,
1290 850 1439 886 quoniam
1455 848 1567 879 bonum
1579 851 1622 881 est
1634 850 1752 881 homini

1045 895 1087 924 sic
1098 903 1177 931 esse,
1193 893 1255 924 hoc
1271 895 1320 924 est
1335 894 1370 924 in
1390 894 1582 933 virginitate
1603 904 1747 927 manere.

1047 941 1080 971 Si
1106 940 1146 971 de
1162 941 1347 980 virginibus
1366 943 1567 981 praeceptum
1592 942 1749 982 haberet,

1047 987 1096 1016 nil
1124 986 1236 1025 aliud,
1261 996 1360 1025 quam
1384 988 1470 1026 quod
1496 989 1749 1028 praeciperetur,

1048 1032 1175 1062 liceret.
1196 1033 1289 1062 Nunc
1309 1041 1388 1063 vero
1412 1041 1489 1063 cum
1510 1035 1686 1073 utrumque
1710 1036 1751 1065 li-

1048 1079 1120 1109 ceat
1130 1100 1139 1117 ,
1151 1078 1205 1109 vel
1216 1079 1361 1115 nubere,
1370 1080 1425 1109 vel
1436 1087 1501 1108 non
1513 1081 1638 1110 nubere
1653 1090 1660 1110 :
1674 1082 1751 1120 quid

1048 1123 1310 1162 compendiosius
1323 1124 1388 1154 dici
1397 1124 1504 1163 potuit
1513 1147 1521 1163 :
1530 1133 1626 1163 quam
1640 1126 1752 1158 bonum

1047 1172 1091 1201 est
1106 1171 1224 1201 homini
1246 1171 1289 1201 sic
1305 1170 1393 1200 esse?
1417 1172 1599 1209 praesertim
1620 1180 1694 1203 cum
1719 1174 1752 1204 et

1033 1215 1254 1257 ⁴¹necessitatis
1271 1214 1426 1245 instantia
1447 1215 1638 1254 frequenter
1657 1218 1751 1248 obre-

1034 1263 1126 1300 *pere
1142 1261 1264 1299 soleat,
1287 1262 1319 1291 et
1332 1261 1396 1291 cito
1413 1262 1497 1291 mori
1512 1263 1581 1301 ipsa
1596 1263 1752 1302 temporis

1034 1309 1036 1332 Ἀ
1048 1307 1193 1338 brevitas
1203 1308 1337 1345 urgeat,
1350 1308 1515 1346 totiusque
1527 1310 1640 1339 mundi
1652 1310 1752 1348 figura

1049 1354 1232 1391 praetereat.
1248 1354 1330 1384 Item
1344 1361 1419 1383 cum
1430 1353 1470 1384 de
1485 1354 1584 1384 vidua
1603 1356 1753 1394 loquere-

1049 1401 1102 1430 tur
1117 1408 1125 1429 ι
1141 1400 1269 1430 Beatior
1280 1421 1290 1436 ,
1306 1399 1430 1437 inquit,
1447 1400 1504 1430 erit
1524 1401 1552 1430 si
1566 1402 1629 1438 sic,
1655 1401 1690 1432 id
1705 1404 1752 1434 est

1050 1445 1210 1483 innupta,
1231 1446 1437 1483 permanserit
1464 1447 1631 1476 secundum
1656 1450 1752 1479 consi-

1050 1491 1125 1521 liam
1139 1500 1253 1521 meum.
1269 1491 1313 1521 Ac
1329 1499 1372 1521 ne
1389 1491 1428 1520 de
1443 1492 1573 1530 proprio
1588 1493 1684 1524 corde
1695 1517 1704 1532 ‚
1721 1496 1753 1525 et

1050 1545 1116 1566 non
1129 1537 1239 1576 potius
1254 1537 1295 1567 de
1306 1536 1394 1567 fonte
1407 1538 1576 1576 sapientiae
1587 1539 1754 1570 videretur

1050 1583 1112 1613 hoc
1146 1583 1254 1622 ipsum
1288 1583 1461 1613 consilium
1493 1583 1732 1624 deprompsisse
1743 1609 1752 1625 ,

1050 1629 1192 1667 sthecit
1205 1629 1316 1659 dicens
1333 1638 1341 1659 ε
1358 1631 1438 1660 Puto
1454 1632 1534 1668 quod
1549 1634 1578 1661 et
1591 1641 1644 1670 eqo
1661 1635 1753 1672 spiri-

1051 1677 1117 1705 tam.
1140 1676 1201 1706 Dei
1223 1675 1368 1705 habeam.
1391 1675 1456 1705 Sed
1480 1684 1537 1705 cur
1559 1684 1618 1715 ego
1641 1680 1754 1716 paucis

1051 1722 1205 1751 immoror
1223 1720 1404 1758 exemplis,
1421 1728 1495 1750 cuin
1510 1721 1545 1750 in
1560 1722 1629 1759 ejus
1644 1725 1754 1756 verbis

1052 1767 1157 1797 omnis
1171 1774 1270 1797 sexus
1284 1787 1293 1803 ‚
1307 1766 1413 1796 omnis
1428 1766 1570 1796 conditio
1583 1769 1754 1801 consilium

1052 1812 1218 1850 inveniat,
1232 1811 1259 1842 si
1272 1811 1446 1850 diligenter
1461 1813 1586 1850 quaerat
1597 1835 1607 1851 ‚
1623 1815 1756 1847 salutis?

1052 1859 1144 1897 Quod
1155 1859 1182 1888 si
1197 1859 1271 1897 quis
1283 1858 1443 1889 curiosius
1457 1858 1539 1888 velit
1550 1860 1734 1898 perspicere
1744 1885 1754 1901 ‚

1055 1906 1164 1935 utrum
1179 1912 1294 1934 verum
1315 1903 1359 1934 sit
1373 1903 1460 1942 quod
1479 1903 1605 1934 dictum
1620 1906 1669 1936 est
1685 1928 1695 1944 ‚
1715 1907 1755 1939 de

1053 1950 1213 1988 sapientia
1226 1948 1361 1979 consilia
1376 1956 1526 1987 manare,
1548 1949 1636 1989 legat
1656 1952 1756 1984 libros

1038 2027 1039 2039 χ
1053 1996 1110 2035 qui
1125 1995 1349 2026 inscribuntur
1359 1993 1558 2025 SAPIENTIAE
1572 2017 1582 2034 ,
1596 1996 1654 2026 ubi
1670 1998 1757 2031 totus

1054 2042 1209 2072 orationis
1231 2043 1403 2072 contextus
1423 2040 1557 2071 consilia
1576 2050 1692 2080 parare
1706 2046 1757 2076 vi-

1038 2133 1111 2166 *det
1124 2136 1227 2165 vitam
1249 2133 1327 2163 inde
1352 2133 1494 2172 eligere,
1519 2134 1633 2165 audiet
1653 2136 1756 2174 ipsam

1054 2181 1229 2214 salubriter
1248 2179 1448 2210 invitantem
1472 2179 1676 2217 Sapientiam
1698 2191 1706 2212 :
1723 2185 1757 2215 Si

1055 2231 1117 2267 vis,
1133 2227 1256 2265 inquit,
1270 2227 1310 2256 ad
1324 2226 1420 2255 vitam
1434 2226 1550 2262 ventre,
1566 2234 1654 2257 serva
1667 2237 1756 2260 mim-

1055 2278 1141 2307 data.
1150 2272 1274 2311 Quaeris
1282 2272 1331 2309 cuj
1338 2279 1374 2301 us
1386 2270 1400 2300 ἓ
1410 2272 1529 2308 Deum,
1537 2270 1658 2311 inquit,
1672 2275 1756 2314 time,

1055 2324 1084 2353 et
1109 2320 1262 2352 mandata
1289 2318 1353 2356 ejus
1382 2316 1519 2347 observa.
1543 2318 1660 2350 Audiat
1684 2329 1755 2352 eam

1056 2369 1160 2407 ipsam
1180 2365 1326 2395 materno
1347 2363 1465 2393 affectu
1490 2364 1720 2397 inclamantem
1744 2377 1754 2398 ε

1059 2417 1107 2446 Da
1121 2413 1199 2444 mihi
1211 2420 1264 2441 cor
1288 2412 1386 2440 tuum.
1402 2409 1427 2439 Ο
1441 2410 1601 2448 quantum
1616 2413 1754 2452 vellem,

1057 2461 1090 2491 et
1105 2468 1165 2498 ego
1181 2466 1235 2489 cor
1250 2464 1361 2487 meum
1382 2456 1417 2486 in
1440 2456 1511 2494 eJus
1524 2457 1662 2488 verbum
1686 2467 1757 2489 sus-

1057 2505 1221 2545 pendere,
1244 2503 1284 2534 de
1315 2502 1407 2539 cujus
1435 2510 1491 2532 ore
1525 2503 1661 2534 mirifico
1689 2506 1754 2536 tam

1059 2551 1166 2582 dulcia
1187 2550 1263 2581 vitae
1286 2548 1420 2579 consilia
1445 2547 1545 2584 audio
1564 2550 1752 2587 personare!

1061 2598 1186 2627 Utinam
1201 2596 1311 2627 autem
1326 2596 1358 2625 et
1370 2596 1488 2632 linguae
1503 2602 1585 2626 meae
1598 2596 1754 2627 calamum

1060 2642 1094 2672 in
1122 2643 1193 2681 eJus
1219 2641 1308 2672 fonte
1331 2648 1457 2680 possem
1485 2640 1671 2681 intingere,
1691 2649 1756 2680 quo
