1846 3078
220 245 279 276 456

261 303 308 333 Ad
322 302 452 341 Maqnif.
462 303 651 342 Antiphonti.
668 301 779 341 Magna
794 300 842 330 est
857 299 923 329 vir-

221 349 272 379 tus
278 349 408 379 Domini
419 349 468 380 tui
474 349 584 380 Victor
592 371 601 387 ,
610 357 671 379 nec
684 348 790 377 minor
799 345 921 384 pietas:

219 396 254 425 et
267 395 392 426 utinam
406 404 465 434 per
488 397 521 426 te
544 396 638 425 nobis
652 396 719 424 tam
743 392 787 423 sil:
813 391 924 430 propi-

219 443 287 474 tius
305 442 345 472 ad
365 442 522 479 salutem,
537 448 634 479 quam
650 438 712 469 tibi
735 437 924 475 magnificus

220 488 350 519 exstitit
368 487 409 518 ad
429 486 604 518 virtutem!
625 483 793 522 Magnifica
813 483 924 513 Victor

219 535 413 571 Dominum,
428 533 485 572 qui
499 539 614 570 magna
634 529 716 560 fecit
734 529 814 567 tibi,
837 537 925 567 mag-

219 589 299 611 num
311 581 344 610 te
359 579 481 609 faciens
495 599 505 615 ,
530 578 569 607 ut
595 576 721 606 faceres
742 575 923 612 mirabilia,

219 626 388 665 inquibus
411 623 573 654 mirabilis
596 622 692 652 fieres
713 621 831 652 :dedit
856 629 925 651 cer-

219 673 307 709 tare,
331 671 369 700 ut
396 669 531 699 vincere
558 668 671 706 daret,
697 668 731 699 et
758 667 925 698 Victorem

221 716 400 747 coronaret.

260 762 402 792 Collecta.
429 760 555 790 Exaudi
579 760 718 790 Domine
741 767 926 798 quaesumus

219 808 279 837 tibi
307 806 564 845 supplicantium
596 814 711 843 preces
741 814 749 834 :
779 805 818 834 ut
844 813 925 844 quos

219 853 378 890 corporali
394 852 481 882 beati
510 851 702 882 confessoris
722 851 770 881 tui
785 851 925 881 Victoris

219 898 325 928 fecisti
365 897 539 936 praesentia
584 897 735 936 gloriari,
767 897 925 927 concedas

219 945 291 982 01115
330 944 472 982 benigna
501 943 737 974 intercessione
780 943 926 980 undique

219 991 419 1029 praemuniri.
435 991 496 1022 Per
523 990 702 1020 Dominum
719 989 844 1028 Jesum‚
861 990 924 1020 etc.

450 1053 497 1079 Ad
507 1053 695 1079 Matutinum.

260 1111 385 1142 Incitat.
399 1111 555 1142 Confidite
566 1133 575 1149 ,
604 1111 717 1141 Victor
733 1110 815 1141 vicit
831 1117 928 1140 mun-

222 1157 319 1187 dum:
337 1157 543 1188 Gaudeamus
564 1157 599 1188 in
622 1157 694 1194 ejus
718 1157 855 1187 victoria
868 1179 878 1196 ,
892 1157 927 1188 ut

221 1203 400 1234 vincamus.

484 1257 641 1280 HYMNUS.

250 1312 354 1337 Merito
366 1312 462 1336 dulces
473 1314 643 1343 angelorum
656 1321 735 1338 voces

222 1350 347 1379 Corpore
358 1349 439 1379 gravi
452 1349 583 1374 audiebat
596 1350 698 1380 horno,

221 1385 343 1409 Car-neos
354 1384 437 1407 luxus
448 1385 589 1414 perimens
598 1403 605 1414 ‚
617 1386 647 1409 in
662 1392 748 1409 carne

347 1420 491 1449 Angelum
507 1421 610 1444 vivens.

252 1455 298 1480 Sic
308 1456 452 1486 oportebat
467 1459 499 1479 ut
511 1457 570 1486 jam
583 1456 761 1486 designatum

221 1490 276 1514 Vns
287 1492 315 1514 in
330 1492 470 1515 honorem
483 1493 605 1515 sanctius
616 1495 764 1519 maneret.

222 1527 357 1552 Sanctitas
369 1527 452 1556 cujus
463 1527 590 1550 dedicata
603 1527 658 1551 suit

344 1562 444 1586 Matris
456 1563 484 1586 in
499 1563 570 1586 alvo.

253 1596 382 1628 Denique
395 1605 479 1622 carne
493 1598 640 1628 gravidam
655 1600 799 1622 cernentes

222 1634 345 1657 Matrem
359 1641 415 1657 non
429 1634 542 1662 ferunt,
557 1634 680 1663 fugitant
698 1636 825 1664 paventes
835 1651 841 1662 ,

223 1668 354 1693 Indicant
370 1675 474 1691 nornen
484 1686 492 1697 ‚
504 1668 680 1692 confitentur
692 1671 822 1693 sanctum

343 1704 432 1729 Utero
445 1705 582 1731 clausum.

252 1740 350 1770 Neque
363 1739 466 1763 tenello
480 1739 549 1762 huic
561 1742 619 1762 tam
635 1741 750 1764 mature

223 1776 289 1798 Vita
302 1782 400 1799 secura
409 1793 415 1804 ,
428 1776 528 1805 gloriae
539 1775 640 1798 invidit
652 1792 659 1803 ,

223 1810 254 1834 Et
267 1811 383 1842 quidem
396 1812 482 1841 magis
494 1811 656 1835 cumulavit
668 1817 730 1835 eam

348 1847 470 1870 Foenore
482 1847 584 1870 multo.

254 1882 351 1906 Gloria
362 1889 485 1906 summae
497 1882 652 1912 Trinitati,
666 1885 718 1906 etc.

331 1945 366 1968 In
382 1944 477 1975 primo
490 1944 639 1967 Nocturno
651 1942 821 1973 antiphonae.

265 2002 382 2033 Beatus
395 2002 464 2040 vir,
481 2002 538 2040 qui
553 2002 661 2040 legem
673 2001 811 2039 dilexit,
835 2000 868 2031 et
883 2009 935 2031 03-

224 2049 373 2079 thedram
391 2056 456 2079 non
472 2048 650 2078 affectavit.

265 2095 408 2124 Servivit
436 2094 574 2124 Domino
600 2093 635 2123 111
656 2094 793 2133 timore,
816 2094 850 2124 et
867 2093 934 2132 13111

225 2141 294 2169 51110
308 2142 448 2170 tremore
469 2140 615 2170 exsultat
630 2139 674 2169 ei.

267 2186 404 2215 Domine
415 2207 424 2223 ,
440 2186 474 2215 in
489 2186 616 2215 1111111110
629 2185 740 2215 vultus
755 2184 803 2215 tui
821 2184 937 2214 ambu-

226 2231 325 2267 lavit,
343 2232 375 2259 et
389 2240 475 2261 nunc
491 2231 657 2269 signatum
673 2231 722 2259 est
733 2238 831 2268 super
846 2238 933 2260 eum.

264 2276 373 2305 verba
388 2276 445 2305 tua
459 2299 468 2314 ,
490 2276 646 2314 Domine,
666 2275 778 2305 Victor
803 2276 937 2306 auribus

228 2320 366 2350 etcorde
379 2321 546 2358 percepit,
564 2329 599 2350 ac
615 2329 674 2358 per
692 2328 731 2350 03
745 2320 840 2350 vicit.

269 2367 304 2395 In
320 2374 374 2396 ore
386 2366 524 2395 Victoris
540 2365 690 2403 perfecta
702 2365 773 2396 laus
784 2388 793 2404 ,
809 2364 886 2404 quia
901 2364 936 2395 in

229 2412 325 2442 corde
342 2412 412 2449 01115
426 2412 586 2449 perpetua
600 2419 676 2448 pax.

269 2457 448 2488 confidenti
460 2457 493 2486 in
505 2456 642 2485 Domino
658 2456 775 2486 frustra
791 2456 935 2487 insidiati

229 2505 322 2542 sunt,
344 2504 403 2543 qui
425 2502 578 2542 sagittant
602 2501 637 2531 in
668 2502 802 2532 obscuro
830 2503 937 2533 rectos

232 2550 344 2582 corde.

515 2587 609 2612 Lectio
626 2586 651 2611 1.

272 2646 435 2675 't’icroms
461 2643 530 2675 vita
555 2644 589 2676 et
617 2642 737 2683 gloria,
766 2643 831 2673 etc.
862 2643 937 2673 Vide

236 2690 348 2728 (enni,
360 2700 393 2730 p.
409 2691 481 2730 544,
497 2693 528 2721 in
544 2695 601 2724 nai
627 2693 659 2720 S.
670 2694 750 2723 ries.
765 2701 855 2722 serm.
869 2692 895 2728 Ι,
912 2691 937 2719 1.

699 250 729 277 S.
755 245 990 276 BERNARDI
1016 245 1206 273 AssssATls

996 306 1032 328 R.
1050 299 1075 329 Ο
1087 299 1193 329 virum
1207 301 1381 340 praecipuae
1392 302 1572 334 sanctitatis
1582 326 1591 342 ,
1602 305 1658 343 qui

957 344 1032 374 ante
1055 345 1184 375 sanctus
1209 353 1307 383 quam
1328 347 1443 386 natus,
1458 349 1534 378 ante
1550 350 1661 380 Victor

957 398 1055 428 opere
1069 412 1078 428 ,
1094 398 1191 429 quam
1211 392 1344 422 nomine
1367 393 1450 432 fuit,
1466 394 1511 423 ita
1523 395 1560 424 ut
1574 395 1661 424 clau-

957 443 1011 466 sus
1025 435 1060 465 in
1072 436 1179 473 utem,
1187 435 1253 473 jam
1263 436 1303 467 de
1319 437 1410 468 hoste
1425 438 1659 477 triumpharet.

996 487 1031 510 v.
1047 481 1197 520 Domine,
1213 483 1402 519 praevenisti
1417 491 1491 514 eum
1507 484 1541 514 in
1559 485 1662 516 bene-

957 525 1156 557 dictionibus
1183 526 1379 559 dulcedinis.
1394 528 1443 559 Ita
1466 530 1520 568 ut,
1535 531 1599 561 etc.

1229 588 1323 613 Lectio
1345 588 1386 614 11.

1003 636 1171 666 HABEMUS
1199 635 1403 668 dilectissimi
1431 637 1467 668 in
1489 638 1557 669 vita
1582 639 1660 669 Vic—

958 681 1053 718 toris,
1070 681 1132 712 etc.
1152 683 1228 713 Vide
1241 692 1338 722 supra
1357 684 1422 714 loco
1438 685 1488 714 cit.

998 735 1033 757 R.
1050 727 1075 756 Ο
1089 727 1271 765 jucundum
1297 730 1331 759 et
1350 729 1544 760 inusitatum
1565 731 1666 761 mira-

958 772 1066 802 culum
1080 773 1088 802 !
1116 774 1182 804 Leo
1197 774 1328 813 rugiens
1343 774 1427 813 fugit
1447 783 1467 806 a
1491 775 1575 807 facie
1590 784 1666 815 par-

958 818 1046 858 vuli',
1062 820 1203 850 necdum
1228 820 1402 858 vagientis.

998 872 1033 895 v.
1051 865 1143 896 Sicut
1165 865 1241 896 ssuit
1265 874 1340 896 cera
1354 874 1371 896 a
1387 866 1471 898 facie
1493 866 1598 906 igni53
1619 867 1666 899 sic

958 912 1095 949 pereant
1113 913 1311 950 peccatores.
1328 913 1352 942 Α
1364 912 1448 943 facie
1459 934 1468 951 ,
1484 916 1547 944 etc.

1226 966 1322 990 Lectio
1344 967 1400 991 III.

999 1014 1202 1051 EPULEMUR,
1232 1013 1455 1051 dilectissimi,
1480 1014 1587 1044 vocati
1624 1015 1665 1044 ad

960 1067 1108 1090 mensam
1133 1059 1264 1098 divitis,
1291 1061 1355 1091 etc.
1380 1061 1458 1092 Vide
1483 1069 1580 1099 supra
1603 1060 1668 1090 loco

961 1107 1013 1136 cit.

1001 1154 1038 1176 n.
1056 1146 1080 1176 Ο
1092 1145 1174 1176 felix
1188 1147 1310 1185 mater,
1326 1145 1419 1184 0111115
1433 1147 1546 1176 uterus
1567 1145 1669 1176 sensit

963 1192 1143 1223 novitatem
1155 1215 1164 1231 ,
1180 1193 1264 1223 nulli
1281 1194 1420 1223 matrum
1436 1192 1634 1232 compertam
1646 1201 1664 1222 3

962 1238 1079 1269 diebus
1094 1239 1250 1269 Johannis
1261 1240 1425 1277 Baptistae.

1003 1292 1038 1314 V.
1061 1285 1130 1315 Non
1160 1286 1210 1316 est
1233 1286 1388 1316 inventus
1414 1284 1531 1315 similis
1555 1284 1618 1314 illi.
1644 1285 1667 1313 Λ

963 1329 1098 1368 diebus,
1116 1331 1179 1361 etc.

1230 1369 1323 1394 Lectio
1343 1368 1396 1393 IV.

1003 1422 1038 1452 S1
1051 1421 1345 1462 diligenteritaque
1356 1443 1366 1460 ,
1381 1421 1498 1452 fratres
1513 1429 1627 1452 revere
1634 1429 1669 1450 n·

963 1468 1107 1507 dissimi,
1147 1469 1334 1507 considero,
1366 1469 1429 1499 etc.
1461 1469 1537 1500 Vide
1574 1477 1670 1506 supra

963 1515 1028 1544 loco
1044 1516 1094 1544 cit.
1532 1534 1536 1537 -

1003 1568 1039 1590 R.
1056 1560 1081 1589 Ο
1100 1560 1177 1590 Jesu
1197 1559 1300 1598 bone,
1326 1560 1382 1590 tua
1399 1560 1448 1590 est
1466 1560 1590 1596 virtus,
1616 1560 1671 1589 tua

964 1606 1099 1637 victoria
1111 1628 1119 1644 ,
1136 1606 1222 1644 quod
1238 1606 1407 1643 agniculus
1421 1613 1505 1635 unus
1519 1605 1671 1644 luporum

964 1652 1209 1682 multitudinem
1225 1651 1426 1681 exturbavit.

1005 1706 1039 1728 v.
1057 1698 1239 1736 Antequam
1265 1697 1363 1727 sciret
1385 1704 1468 1735 puer
1483 1704 1601 1726 vocare
1616 1704 1675 1735 pa-

965 1745 1049 1775 trem
1063 1744 1120 1774 aut.
1140 1744 1291 1774 matrem.
1307 1743 1468 1781 Luporum
1479 1764 1489 1780 ,
1506 1743 1568 1772 etc.

1056 1805 1091 1828 In
1104 1803 1227 1828 secundo
1239 1804 1388 1827 Nocturno
1401 1802 1573 1833 antiphonae.

1007 1858 1054 1888 Ad
1069 1857 1212 1887 nihilum
1227 1856 1386 1887 deductus
1395 1855 1443 1885 est
1455 1856 1490 1885 in
1501 1856 1673 1893 conspectu

967 1904 1038 1942 ejus
1053 1903 1213 1942 malignus
1223 1923 1233 1941 ,
1248 1903 1285 1933 ut
1299 1902 1350 1932 sui
1370 1901 1513 1932 nominis
1528 1905 1673 1932 servaret

967 1950 1157 1981 veritatem.

1007 1997 1159 2033 Domine,
1172 1995 1207 2025 in
1218 1993 1342 2024 virtute
1356 1992 1412 2023 tua
1425 1992 1590 2023 laetabitur
1601 1992 1675 2023 Vic-

967 2043 1034 2080 tor,
1057 2043 1165 2072 sciens
1190 2040 1305 2071 nonin
1329 2047 1387 2070 sua
1410 2039 1535 2070 virtute
1560 2038 1676 2068 fecisse

968 2087 1152 2117 victoriam.

1008 2134 1077 2163 Non
1101 2131 1230 2170 accepit
1254 2131 1289 2161 in
1309 2138 1394 2161 vano
1410 2129 1551 2159 animam
1568 2137 1677 2166 5113111,

968 2180 1024 2218 (1111
1051 2179 1091 2209 (10
1116 2179 1243 2208 ratione
1265 2177 1354 2207 rexit
1373 2177 1477 2206 vitam
1502 2183 1614 2212 suam,
1644 2176 1678 2204 et

969 2226 1042 2255 ideo
1059 2224 1205 2255 ascendit
1217 2224 1251 2252 in
1266 2222 1413 2252 montem
1429 2221 1572 2250 Domini.

1009 2272 1034 2300 A
1050 2272 1165 2301 timore
1181 2269 1309 2298 inimici
1326 2266 1497 2306 eripuisti,
1517 2263 1654 2296 Domine
1666 2287 1675 2302 .,

969 2318 1111 2348 animam
1141 2316 1261 2354 sancti,
1299 2313 1353 2344 cui
1381 2313 1512 2352 peracta
1539 2311 1677 2342 victoria

969 2372 1034 2394 non
1050 2363 1150 2393 restat
1169 2369 1289 2400 pugna.

1010 2411 1055 2440 Te
1072 2409 1169 2439 decet
1184 2408 1343 2446 hymnus,
1360 2405 1393 2436 te
1409 2403 1504 2435 decet
1521 2405 1611 2440 laus,
1624 2410 1681 2432 cu-

968 2457 1021 2495 jus
1037 2464 1117 2494 opus
1144 2454 1225 2491 fuit,
1243 2454 1280 2483 ut
1302 2459 1398 2482 carne
1420 2450 1543 2481 solutus
1566 2449 1679 2478 Victor

970 2503 1080 2533 noster
1097 2500 1263 2531 hominem
1280 2497 1421 2528 solveret
1437 2495 1635 2525 catenatum.

1010 2549 1137 2578 Bonum
1159 2546 1209 2576 est
1234 2543 1380 2575 confiteri
1402 2542 1561 2578 Domino,
1585 2539 1681 2575 0111115

972 2601 1107 2623 munera
1122 2593 1306 2622 sanctorum
1324 2588 1460 2625 merita,
1482 2586 1534 2616 cui
1550 2586 1682 2615 sanctus

972 2640 1101 2676 Victor,
1124 2640 1157 2668 et
1183 2637 1269 2675 quod
1293 2637 1422 2666 sanctus
1446 2633 1512 2669 est,
1538 2631 1572 2662 et
1592 2629 1678 2669 quod

972 2684 1077 2714 victor
1093 2685 1162 2721 est,
1179 2683 1300 2712 debere
1315 2688 1349 2711 se
1366 2678 1548 2709 confitetur.
