1810 3073
286 228 348 259 258

287 282 416 321 sponsi,
428 275 500 314 'nisi'
510 280 543 314 et
562 279 698 322 speciali
712 282 926 322 praerogativa
941 281 991 310 in-

286 329 377 359 timis
398 329 491 359 illum
507 329 676 359 affectibus
700 330 797 366 atque
820 328 899 365 ipsis
920 334 992 355 me-

287 374 385 405 dullis
399 373 504 405 cordis
517 375 645 404 coelitus
659 374 811 410 illapsum
823 370 990 408 suscipiat,

285 419 470 458 habeatque
485 421 602 459 praesto
627 427 724 457 quem
740 417 905 447 desiderat
928 423 991 445 non

288 465 477 504 figuratum,
493 466 550 496 sed
564 465 709 494 infusum
727 472 735 492 :
751 471 817 492 non
833 469 993 499 apparen-

287 511 353 541 tem
368 512 426 542 sed
449 511 646 541 afficientem
662 517 669 537 ε
686 516 746 538 nec
762 507 898 537 dubium
914 506 992 544 quin

287 564 325 586 eo
345 556 593 593 iucundiorem,
617 562 680 592 quo
697 554 805 593 intus,
820 561 886 582 non
902 552 990 581 soris.

285 602 427 632 Verbum
450 608 569 638 nempe
596 600 662 636 est,
689 607 756 629 non
778 606 913 635 sonans,
938 597 992 627 sed

283 649 476 686 penetrans3
502 655 568 675 non
599 646 738 683 loquax,
765 644 824 675 sed
856 644 992 679 efficax3

285 701 349 722 non
371 693 562 730 obstrepens
577 691 726 728 auribus,
743 690 801 720 sed
826 688 993 719 affectibus

285 737 468 767 blandiens.
486 737 599 767 Facies
622 738 671 766 est
685 744 751 766 non
767 736 922 772 formata,
938 734 994 764 sed

285 783 443 821 formans,
459 791 525 813 non
545 783 772 821 perstringens
792 781 902 811 oculos
923 789 994 811 cor-

284 829 391 868 poris,
423 828 482 859 sed
512 828 631 858 faciem
663 826 769 857 cordis
793 826 962 856 laetificans
985 835 992 855 :

284 875 376 913 grata
399 873 520 913 quippe
544 872 664 902 amoris
686 879 844 909 munere,
860 878 925 901 non
940 879 993 901 co-

284 920 441 993 lorge-‚Non
465 961 576 992 tamen
600 960 707 991 adhue
733 961 827 990 illum
852 960 994 990 dixerim

284 1015 443 1047 apparere
469 1006 567 1036 sicuti
583 1007 648 1043 est,
664 1006 815 1044 quamvis
839 1013 905 1035 non
927 1013 996 1034 om-

283 1053 363 1082 nino
385 1051 476 1081 aliud
501 1051 563 1081 hoc
587 1050 683 1079 modo
700 1049 874 1087 exhibeat,
899 1057 995 1087 quam

283 1098 371 1136 quod
386 1098 445 1128 est.
460 1097 572 1134 Neque
598 1096 687 1125 enim
703 1096 756 1125 vel
781 1095 828 1125 sic
843 1095 995 1125 continue

283 1144 402 1182 praesto
416 1143 480 1173 erit
490 1165 498 1181 ,
512 1142 661 1181 quamvis
676 1141 896 1171 devotissimis
908 1148 997 1170 men-

283 1191 393 1227 tibus,
421 1189 479 1219 sed
514 1196 576 1218 nec
601 1187 810 1218 uniformiter
834 1187 994 1216 omnibus.

285 1236 423 1274 Oportet
434 1242 575 1272 namque
591 1242 650 1272 pro
666 1233 766 1263 variis
779 1233 895 1262 animae
910 1233 996 1262 desi-

283 1281 384 1311 deriis
396 1280 517 1311 divinae
530 1281 658 1318 gustum
670 1279 852 1317 praesentiae
865 1279 995 1315 variari,

285 1327 319 1357 et
334 1327 477 1356 infusum
493 1333 641 1364 saporem
655 1333 802 1362 supernae
815 1324 996 1354 dulcedinis

284 1372 412 1402 diversa
438 1371 625 1409 appetentis
650 1370 752 1400 animi
779 1369 874 1399 aliter
899 1371 994 1409 atque

285 1419 382 1447 aliter
405 1418 569 1447 oblectare
591 1417 748 1454 palatum.
766 1417 915 1455 Denique
939 1417 996 1447 ad-

285 1463 414 1493 vertisti
431 1463 465 1492 in
480 1463 541 1492 hoc
565 1463 722 1492 amatorio
738 1463 901 1500 carmine,
917 1470 995 1500 quo-

284 1508 350 1539 ties
377 1509 555 1538 mutaverit
578 1509 727 1545 vultum,
755 1508 789 1537 et
813 1508 848 1538 in
874 1508 994 1546 quanta

284 1554 500 1584 multitudine
525 1552 709 1582 dulcedinis
723 1561 789 1583 suae
814 1561 921 1582 coram
944 1553 994 1582 di-

284 1601 371 1630 lecta
386 1600 536 1638 dignatus
550 1599 593 1629 sit
608 1598 851 1636 transformari3
868 1601 900 1629 et
915 1608 994 1637 quo-

284 1645 380 1675 modo
403 1653 490 1675 nunc
515 1644 648 1682 quidem
681 1644 786 1673 instar
815 1645 993 1674 verecundi

285 1692 394 1730 sponsi
420 1691 539 1721 sanctae
574 1690 691 1719 animae
728 1690 876 1731 secretos·
904 1691 994 1729 petat

284 1738 476 1776 amplexus,
498 1738 531 1767 et
547 1736 666 1766 osculis
691 1735 890 1774 delectetur3
908 1744 993 1767 nunc

284 1783 412 1814 veroin
427 1783 499 1813 oleo
516 1782 549 1812 et
562 1782 740 1820 unguentis
756 1781 921 1812 medicum
937 1791 994 1812 ex-

285 1829 400 1859 hibere
425 1828 595 1867 appareat,
610 1827 765 1856 nimirum
788 1829 920 1865 propter
944 1829 994 1859 te-

284 1883 380 1905 neras
405 1875 439 1904 et
470 1873 616 1904 infirmas
650 1873 776 1903 animas
809 1873 991 1905 istiusmodi

285 1922 391 1952 adhuc
418 1920 604 1958 indigentes
628 1919 782 1949 fomentis
804 1920 836 1950 et
850 1920 993 1950 medica-

285 1967 405 1997 mentis
425 1975 433 1995 :
449 1965 537 1995 unde
561 1965 595 1995 et
610 1964 750 1994 delicato
767 1964 993 1996 adolescentu-

285 2014 390 2043 larum
410 2011 541 2041 nomine
557 2010 780 2048 designantur.
795 2010 828 2040 Si
844 2011 992 2042 mussitet

285 2059 375 2097 quis,
402 2057 532 2094 audiet,
557 2056 636 2094 quia
659 2065 722 2086 non
743 2059 786 2087 est
811 2066 887 2096 opus
907 2060 992 2089 sanis

284 2106 434 2142 medicus,
449 2105 499 2133 sed
514 2103 593 2132 male
609 2102 801 2133 habentibus.
817 2104 907 2134 Nunc
922 2113 993 2134 rur-

285 2158 356 2179 sum
382 2149 471 2187 quasi
492 2149 598 2178 viator
623 2148 784 2186 quispiam
809 2143 992 2181 itineranti-

284 2195 346 2225 bus
360 2203 482 2232 sponsae
498 2193 595 2223 simul
620 2194 718 2231 atque
741 2194 990 2225 adolescentulis

283 2249 354 2271 sese
378 2240 554 2276 associans,
577 2239 822 2276 iucundissimis
837 2240 990 2270 confabu-

283 2286 462 2317 lationibus
477 2285 543 2314 suis
558 2293 576 2313 a
591 2284 702 2313 labore
717 2284 779 2314 viae
795 2293 921 2314 omnem
937 2293 989 2315 re-

283 2333 373 2363 levat
397 2330 584 2361 comitatum
596 2352 604 2367 ,
620 2330 665 2359 ita
686 2330 722 2359 ut
738 2338 776 2360 eo
801 2330 988 2361 discedente

283 2378 458 2417 loquantur
480 2385 487 2405 z
511 2377 622 2405 Nonne
643 2385 694 2405 cor
716 2377 856 2406 nostrum
880 2378 989 2407 civ-flens

283 2426 352 2455 erat
365 2425 395 2453 in
409 2422 496 2451 nobis
506 2422 540 2450 de
556 2423 648 2458 Jesn,
660 2422 732 2450 dum
748 2422 921 2460 loqueretur
936 2432 989 2453 no-

285 2470 371 2500 bisin
385 2467 458 2499 via?
470 2466 640 2496 Facundus
655 2474 780 2503 comes,
798 2467 854 2505 qui
873 2468 905 2496 in
921 2476 989 2497 ser-

282 2523 416 2545 monum
443 2514 475 2543 et
499 2520 624 2541 morum
651 2513 810 2542 suavitate
837 2521 986 2553 suorum,

283 2562 448 2599 tamquam
462 2559 497 2589 in
512 2558 649 2597 quadam
675 2559 899 2589 suaveolentia
923 2560 989 2598 spi-

283 2608 425 2636 rantium
447 2604 703 2644 unguentorum,
718 2606 790 2643 post
805 2613 839 2635 se
857 2614 987 2636 currere

285 2653 382 2682 saciat
406 2652 590 2689 universos;
615 2650 700 2680 unde
724 2651 758 2681 et
782 2650 895 2681 dicunt
921 2659 929 2679 z
953 2653 987 2681 1η

765 230 794 258 8.
815 227 1051 257 BERNARDI
1072 225 1266 253 ABBATIS

1025 279 1115 308 odore
1142 278 1369 317 unquentorum
1397 271 1527 309 *tuorum
1560 286 1727 311 curremus·

1026 325 1106 354 Item
1129 323 1303 362 aliquando
1328 331 1516 362 occurrens,
1532 325 1624 363 quasi
1647 333 1729 363 prae-

1025 369 1117 399 dives
1128 369 1246 407 aliquis
1256 368 1489 407 paterfamilias
1498 393 1507 409 ,
1520 371 1575 409 qui
1589 371 1622 400 in
1637 364 1729 400 domo

1026 423 1083 445 sua
1107 415 1251 445 abundet
1273 415 1431 453 panibus3
1446 417 1545 447 immo
1568 419 1730 455 tamquam

1026 468 1085 490 rex
1111 460 1300 497 magnificus
1322 461 1355 490 et
1378 462 1511 499 potens,
1525 463 1581 500 qui
1607 470 1730 500 sponsae

1026 506 1179 544 pauperis
1192 506 1344 536 videatur
1356 506 1655 544 pusillanimitatem
1668 507 1732 537 eri-

1026 560 1120 589 gere,
1135 559 1313 589 provocare
1331 552 1541 589 cupiditatem
1552 575 1562 591 ,
1578 554 1732 583 demons-

1026 598 1115 627 trans
1140 596 1190 626 illi
1225 596 1332 626 omnia
1358 596 1586 627 desiderabilia
1620 599 1731 636 gloriae

1026 651 1109 680 snae,
1124 641 1255 672 divitias
1268 643 1480 672 torcularium
1496 651 1531 671 ac
1547 645 1733 681 promptua-

1026 688 1165 725 riorum,
1182 687 1348 717 hortorum
1375 689 1408 717 et
1432 696 1579 726 agrorum
1605 688 1730 726 copias,

1027 733 1159 762 demum
1182 734 1280 763 etiam
1297 733 1505 763 introducens
1521 743 1592 763 eam
1614 735 1647 764 in
1664 734 1731 771 ipsa

1026 780 1149 809 secreta
1175 779 1331 809 cubIculi.
1353 779 1513 809 Nimirum
1540 779 1673 810 confidit
1699 780 1731 809 in

1027 832 1065 853 ea
1085 832 1138 854 cor
1152 824 1215 854 viri
1231 825 1299 863 sui,
1317 825 1351 854 et
1372 833 1435 854 non
1462 827 1510 855 est
1526 835 1567 855 ex
1583 825 1733 855 omnibus

1027 869 1113 906 quod
1127 870 1167 899 ab
1184 870 1241 899 illa
1256 871 1425 901 existimet
1450 871 1731 912 abscondendum,

1027 922 1122 952 quam
1138 915 1280 945 redemit
1305 916 1454 954 inopem,
1480 917 1632 954 probavit
1655 917 1734 948 fide-

1028 960 1110 997 lem,
1131 961 1338 999 amplexatur
1361 962 1546 992 amabilem.
1562 963 1664 1002 Atque
1688 965 1735 995 ita

1028 1012 1092 1034 non
1116 1007 1238 1044 cessat,
1261 1007 1330 1036 sive
1355 1007 1436 1045 hoc,
1463 1008 1532 1037 sive
1558 1009 1615 1038 illo
1639 1011 1734 1039 modo

1028 1050 1175 1089 interno,
1206 1052 1331 1090 jugiter
1356 1060 1512 1091 apparere
1548 1056 1734 1093 conspectui

1028 1098 1245 1135 quaerentium
1271 1106 1324 1136 se,
1348 1099 1386 1128 ut
1410 1107 1516 1129 sermo
1542 1100 1734 1140 impleatur,

1027 1151 1125 1181 quem
1141 1143 1226 1174 dixit
1241 1153 1250 1173 :
1266 1146 1344 1174 Ecce
1358 1154 1411 1183 eqo
1426 1146 1582 1176 vobiscum
1598 1156 1667 1178 sum
1681 1158 1734 1180 us-

1029 1198 1084 1227 qne
1100 1190 1139 1219 ad
1151 1192 1445 1221 consummationem
1458 1192 1572 1221 saeculi.

1067 1235 1098 1265 8.
1114 1236 1152 1266 Et
1167 1236 1203 1265 in
1219 1236 1270 1267 his
1286 1237 1436 1267 omnibus
1449 1237 1558 1267 suavis
1577 1238 1611 1268 et
1624 1237 1732 1277 mitis,

1029 1281 1062 1310 et
1077 1282 1187 1312 multae
1210 1282 1455 1313 misericordiae.
1469 1283 1548 1312 Nam
1564 1284 1597 1313 in
1613 1285 1734 1316 osculis

1028 1327 1160 1364 quidem
1193 1327 1404 1357 affectuosum
1436 1329 1469 1358 et
1498 1329 1671 1368 blandum,
1697 1331 1731 1360 in

1028 1373 1099 1402 oleo
1115 1374 1224 1403 autem
1247 1374 1330 1404 etin
1354 1374 1531 1412 pigmentis
1557 1376 1653 1413 atque
1669 1384 1732 1405 un-

1027 1419 1156 1454 guentis
1171 1418 1369 1448 clementem
1382 1419 1414 1448 et
1427 1419 1616 1449 affluentem
1628 1420 1734 1451 visce-

1028 1462 1118 1492 ribus
1132 1463 1266 1500 pietatis
1282 1465 1315 1493 et
1330 1465 1571 1502 compassionis.
1587 1466 1683 1496 Porro
1698 1467 1731 1496 in

1028 1508 1080 1537 via
1095 1508 1255 1546 hilarem,
1272 1509 1433 1539 affabilem
1445 1531 1454 1547 ,
1470 1511 1605 1548 plenum
1621 1512 1733 1549 gratiae

1027 1554 1059 1583 et
1083 1554 1210 1592 solatii3
1225 1555 1260 1584 in
1286 1555 1472 1585 ostensione
1498 1564 1577 1585 vero
1599 1557 1733 1588 divitia-

1026 1607 1097 1628 rum
1113 1607 1149 1629 ac
1164 1600 1402 1638 possessionum
1423 1601 1611 1631 munificum
1627 1610 1679 1640 se,
1695 1612 1733 1633 ac

1028 1645 1148 1682 largum
1164 1653 1222 1682 pro
1247 1645 1338 1683 regia
1362 1646 1560 1676 liberalitate
1577 1655 1733 1678 remune-

1027 1691 1167 1719 ratorem
1195 1690 1408 1721 demonstrat.
1435 1691 1483 1720 Ita
1517 1699 1577 1729 per
1601 1700 1731 1723 omnem

1028 1735 1124 1772 hujus
1149 1736 1302 1766 carminis
1326 1736 1455 1766 textum
1481 1738 1627 1774 reperies
1651 1739 1731 1769 Ver-

1026 1782 1103 1811 bum
1120 1781 1302 1812 istiusmodi
1323 1781 1597 1813 similitudinibus
1617 1783 1732 1814 adum-

1026 1828 1124 1858 brari.
1151 1828 1243 1858 [nde
1269 1836 1329 1866 ego
1351 1828 1432 1866 puto
1457 1828 1492 1857 id
1515 1829 1729 1867 significatum

1026 1873 1111 1912 apud
1125 1873 1336 1911 Prophetam,
1352 1873 1410 1903 ubi
1432 1873 1501 1903 ait:
1517 1875 1647 1913 Spiritus
1660 1878 1730 1906 ante

1025 1920 1135 1958 faciem
1169 1921 1309 1950 nostram
1334 1919 1474 1949 Christus
1505 1921 1673 1959 Dominus;
1697 1923 1729 1951 in

1024 1965 1138 1996 umbra
1153 1966 1218 2004 ejus
1241 1966 1376 1995 vivemus
1397 1966 1479 1995 inter
1499 1967 1600 2004 gentes
1613 1975 1625 1995 .·
1644 1967 1728 2004 quod

1025 2011 1152 2041 scilicet
1176 2010 1346 2041 videamus
1359 2018 1448 2040 nunc
1473 2019 1533 2049 per
1557 2012 1727 2049 speculum

1026 2057 1059 2086 et
1084 2057 1117 2086 in
1142 2056 1333 2093 aenigmate,
1357 2057 1392 2086 et
1416 2056 1556 2086 necdum
1581 2055 1664 2086 facie
1689 2056 1729 2087 ad

1025 2103 1154 2133 faciem.
1179 2103 1220 2132 At
1245 2102 1332 2131 istud
1357 2110 1433 2131 sane
1463 2102 1565 2132 donec
1588 2102 1727 2133 vivimus

1024 2149 1111 2178 inter
1124 2148 1250 2186 gentes.
1263 2148 1341 2176 Nam
1357 2148 1443 2177 inter
1458 2148 1593 2185 Angelos
1608 2148 1726 2179 allter=

1023 2194 1150 2232 quando
1172 2193 1238 2230 jam
1256 2193 1456 2222 indifferenti
1471 2193 1605 2223 omnino
1619 2193 1726 2224 felici—

1023 2241 1089 2270 tate
1114 2247 1188 2269 cum
1213 2239 1293 2276 ipsis
1314 2238 1499 2268 videbimus
1515 2248 1589 2269 eum
1605 2241 1639 2270 et
1652 2247 1725 2279 nos,

1023 2285 1119 2315 sicuti
1136 2286 1200 2322 est,
1217 2285 1277 2314 hoc
1293 2284 1389 2314 estin
1405 2285 1506 2314 forma
1521 2286 1600 2323 Dei,
1617 2286 1649 2316 et
1662 2293 1726 2316 non

1024 2332 1057 2361 in
1081 2331 1208 2360 umbra.
1225 2330 1390 2367 Quomodo
1414 2338 1555 2369 namque
1571 2331 1655 2369 apud
1669 2339 1726 2362 ve-

1023 2378 1109 2408 teres
1123 2376 1255 2415 quidem
1272 2376 1419 2406 umbram
1432 2376 1632 2415 figuramque
1647 2377 1726 2407 dici-

1022 2431 1093 2452 mus
1116 2421 1298 2459 exstitisse,
1321 2421 1417 2451 nobis
1440 2423 1548 2451 autem
1574 2429 1633 2459 per
1656 2429 1724 2460 gra-

1023 2469 1101 2498 tiam
1117 2467 1234 2497 Christi
1259 2467 1293 2496 in
1311 2475 1406 2496 carne
1429 2467 1599 2504 praesentis
1621 2467 1723 2505 ipsam

1023 2522 1082 2552 per
1109 2521 1142 2542 se
1160 2513 1353 2542 illucescere
1378 2513 1550 2542 veritatem
1573 2521 1581 2541 :
1605 2511 1649 2541 ita
1665 2520 1722 2541 nos

1023 2567 1151 2597 quoque
1167 2559 1318 2596 respectu
1344 2557 1444 2587 futuri
1469 2555 1576 2587 saeculi
1591 2556 1626 2585 in
1642 2562 1723 2593 qua-

1023 2606 1095 2634 dam
1122 2604 1255 2634 interim
1287 2603 1435 2633 veritatis
1463 2601 1575 2631 umbra
1606 2598 1719 2630 vivere

1023 2659 1087 2681 non
1111 2649 1259 2688 negabit,
1284 2649 1347 2679 nisi
1372 2647 1427 2686 qui
1451 2653 1514 2676 non
1540 2646 1720 2684 acquiescit
