1830 3073
741 253 978 295 SANGTI

267 363 887 456 BERNARDI
954 359 1467 447 ABBATIS

700 520 1032 547 CLARAEVALLENSIS

445 652 460 667 Ο

558 617 1154 689 SQRQQQQQ

411 847 787 897 SERMONES
828 848 920 893 DE
965 845 1317 893 DIVERSIS.

385 1054 552 1088 SERMO
585 1053 620 1086 Ι.

212 1128 251 1151 De
266 1127 371 1151 fallacia
383 1130 408 1151 et
422 1127 557 1152 brevitate
570 1127 634 1150 vitre
645 1127 794 1157 praesenlis.
862 1103 867 1182 1

159 1188 186 1223 i.
203 1172 330 1224 VERA
356 1194 485 1223 omnino
509 1193 685 1231 sententia,
707 1193 851 1230 Fratres,

154 1237 304 1273 quoniam
322 1239 447 1267 tentatio
471 1238 514 1267 est
533 1238 597 1267 vita
617 1237 746 1267 hominis
764 1246 853 1275 super

156 1284 290 1319 lcrram;
313 1281 471 1319 siquidem
494 1281 593 1310 fallax
609 1282 675 1318 est,
697 1288 758 1311 nec
778 1283 853 1311 sim·

156 1327 284 1363 pliciter
299 1327 409 1357 fallere
423 1327 600 1356 consuevit.
614 1327 655 1357 Ut
667 1327 752 1357 enim
768 1327 853 1357 mul-

155 1372 311 1410 tipliciter
326 1373 441 1402 illudat
463 1372 666 1410 hominibus,
683 1374 785 1403 mutat
804 1373 852 1402 fa-

156 1417 258 1455 eiem,
283 1419 387 1448 mutat
400 1427 512 1448 vocem
529 1427 536 1446 ε
558 1418 651 1448 modo
671 1419 736 1456 ait,
758 1419 866 1449 modo*

156 1464 269 1500 negat,
284 1472 345 1492 nec
360 1464 663 1501 erubescit:deipsa
671 1465 852 1502 quantitate

155 1515 210 1537 sua
226 1508 362 1539 diversis
382 1509 507 1539 diversa
529 1509 690 1547 loquitur,
706 1509 804 1540 immo
820 1512 853 1541 et

156 1552 261 1582 eidem
277 1553 404 1584 diverso
420 1554 566 1592 tempore
593 1554 753 1584 contraria
774 1563 854 1593 quo-

155 1606 217 1635 que
240 1600 381 1638 suggerit
396 1601 430 1630 et
444 1600 587 1630 adversa.
603 1600 693 1630 Modo
710 1601 798 1630 enim
819 1609 866 1631 se=

155 1643 288 1674 brevem
313 1654 382 1675 esse
406 1645 572 1683 causatur,
601 1646 696 1676 modo
723 1646 855 1676 simulat

155 1690 342 1728 longiorem.
351 1692 427 1722 Cum
438 1700 574 1730 peccare
587 1692 835 1723 delectatadliuc
844 1715 853 1731 ,

154 1737 255 1773 gemit
266 1737 362 1767 altius
378 1746 436 1775 pro
448 1737 606 1767 brevitate
622 1745 690 1767 sua.
706 1739 770 1768 Nec
782 1739 855 1769 bre-

156 1782 239 1811 vitas
254 1782 331 1812 falsa
342 1804 351 1819 ,
366 1783 423 1812 sed
436 1782 575 1820 gemitus
591 1782 688 1812 fallax
700 1804 708 1819 ,
723 1784 808 1821 quod
822 1784 855 1813 id

157 1827 312 1855 memoret
341 1835 414 1855 cum
446 1835 583 1856 moerore
600 1848 609 1864 ,
635 1827 721 1857 unde
755 1829 856 1867 magis

156 1871 340 1907 oportuerat
362 1872 528 1910 gratulari.
547 1872 714 1910 Siquidem
735 1874 855 1904 bonum

156 1916 204 1945 est
218 1916 267 1953 ei,
284 1916 309 1945 si
332 1916 378 1946 sic
402 1925 496 1954 agere
512 1920 718 1956 perseverat,
734 1920 770 1949 ut
797 1920 856 1949 ssa-

154 1960 242 1998 giliis
270 1961 358 2000 ejus,
385 1963 505 2000 quibus
541 1964 690 1994 voluntas
722 1965 854 1995 modum

156 2014 217 2035 non
232 2007 341 2045 ponit,
357 2009 411 2037 vel
432 2008 606 2039 necessitas
625 2009 721 2039 finem
744 2012 852 2048 ponat.

155 2052 293 2089 Expedit
307 2054 338 2083 ei
353 2053 408 2091 qui
424 2062 552 2093 semper
577 2055 683 2085 anima
699 2057 867 2098 moritur„

155 2097 189 2126 ut
206 2106 336 2135 corpore
359 2099 455 2128 citius
479 2100 660 2130 moriatur:
679 2109 748 2139 marD
741 2102 780 2132 is
800 2110 867 2135 au—

156 2144 221 2171 lem
237 2144 266 2173 ei
283 2143 399 2173 bonum
416 2146 500 2182 erat,
514 2146 540 2175 si
556 2146 648 2176 natus
663 2155 727 2177 non
742 2147 855 2178 fuisset

155 2187 250 2217 homo
266 2189 333 2218 ille.
352 2190 408 2218 Et·
401 2198 469 2228 ipsa
485 2191 624 2229 denique
640 2192 716 2223 vitae
731 2201 855 2224 memo-

155 2233 202 2261 ria
227 2233 384 2265 brevioris
409 2236 588 2266 remedium
609 2237 730 2275 magis,
758 2247 867 2277 quam¹

156 2278 356 2309 incentivum
366 2280 521 2311 debuerat
533 2290 601 2312 esse
614 2283 755 2321 peccati,
772 2284 854 2315 sicut

155 2325 309 2362 scriptum
325 2327 396 2356 est:
412 2328 582 2358 Memorare
601 2330 764 2360 norissima
778 2332 832 2360 tua
844 2353 867 2389 ,

864 1297 866 1311 l

865 2205 867 2253 l

884 1061 948 1082 non
962 1053 1054 1091 longe
1072 1053 1120 1083 est
1135 1052 1206 1082 finis
1220 1053 1247 1089 ej
1255 1061 1308 1090 us;
1324 1051 1381 1082 sed
1401 1052 1452 1090 tu,
1469 1052 1581 1091 fateor,

884 1099 977 1135 longe
1003 1105 1037 1128 es
1061 1106 1078 1127 a
1104 1106 1202 1136 regno
1222 1097 1299 1136 Dei,
1316 1098 1349 1128 et
1364 1098 1578 1128 firmissimum

884 1143 1045 1181 pepigisse
1070 1143 1192 1173 videris
1220 1152 1294 1173 cum
1321 1144 1425 1173 morte
1454 1143 1559 1173 foedus
1571 1164 1580 1179 ,

883 1190 1012 1226 pactum
1031 1196 1103 1218 cum
1119 1188 1256 1219 inferno.

923 1233 953 1262 2.
969 1234 1163 1263 Eri-averunt
1173 1255 1182 1271 ,
1192 1233 1404 1271 aitPropheta
1413 1255 1421 1270 ,
1431 1235 1463 1263 in
1477 1234 1584 1263 solitu-

881 1279 966 1314 dine,
983 1280 1016 1308 in
1031 1280 1179 1317 inaquoso
1195 1289 1205 1309 :
1221 1281 1304 1309 υἱατη
1319 1280 1446 1309 civitatis
1462 1278 1586 1308 habita-

881 1325 943 1354 culi
951 1332 1013 1354 non
1026 1326 1214 1355 invenerunt.
1228 1324 1372 1355 Solitudo
1384 1325 1453 1354 haec
1470 1332 1585 1362 super—

881 1369 995 1400 borum
1005 1370 1070 1408 est,
1078 1371 1153 1408 quia
1161 1371 1243 1401 solos
1251 1379 1320 1401 sese
1328 1370 1492 1408 reputant,
1502 1370 1585 1400 solos

882 1415 1040 1453 appetunt
1056 1417 1212 1453 reputari.
1235 1417 1410 1446 Litteratus
1427 1415 1476 1445 est
1492 1424 1500 1444 τ
1517 1416 1586 1445 odit

882 1462 1015 1491 socium.
1028 1462 1159 1491 Astutus
1174 1462 1208 1491 in
1223 1462 1362 1499 negotiis
1377 1460 1586 1491 saecularibus

881 1507 1046 1536 neminem
1062 1507 1164 1537 vellet
1187 1507 1249 1537 sibi
1266 1507 1406 1537 similem
1426 1506 1583 1536 inveniri.

882 1552 1077 1583 Pecuniosus
1086 1553 1134 1582 est
1144 1562 1151 1581 :
1163 1553 1189 1582 si
1199 1553 1358 1583 ditescere
1368 1552 1488 1582 viderit
1501 1552 1586 1582 alte-

883 1607 970 1636 rum,
981 1599 1156 1629 cruciatur.
1164 1599 1266 1628 Fortis
1279 1599 1326 1629 est
1337 1598 1394 1628 aut
1408 1598 1563 1627 formosus
1574 1606 1584 1626 t

883 1644 922 1673 da
938 1644 969 1674 ei
983 1651 1112 1682 parem,
1129 1645 1162 1674 et
1183 1644 1392 1674 contabescit.
1415 1643 1586 1673 Solitarius

884 1690 948 1728 est,
964 1690 1021 1720 sed
1042 1699 1208 1721 erroneus.
1234 1691 1325 1720 Errat
1353 1689 1387 1719 in
1409 1689 1586 1719 solitudine.

884 1743 939 1765 sua
955 1743 963 1764 :
977 1743 1043 1765 non
1069 1736 1157 1765 enim
1179 1736 1263 1765 solus
1284 1735 1432 1765 habitare
1461 1735 1586 1773 poterit

884 1780 1117 1818 superterram.
1125 1782 1189 1811 Nec
1197 1781 1313 1810 mirum
1323 1780 1408 1818 quod
1415 1780 1587 1810 solitudini

885 1825 961 1854 huic
977 1827 1160 1864 inaquosum
1172 1825 1300 1855 additur
1315 1834 1323 1853 ι
1340 1825 1377 1854 ut
1390 1826 1536 1862 dicatur,
1552 1827 1587 1854 in

884 1870 1043 1900 solitudine
1059 1872 1091 1900 in
1108 1873 1266 1910 inaquoso.
1281 1871 1372 1901 Sicut
1387 1871 1474 1901 enim
1490 1871 1524 1900 in
1536 1880 1587 1900 so-

885 1916 1076 1946 litudinibus
1091 1925 1182 1954 aqua:
1197 1917 1308 1947 deesse
1331 1916 1454 1954 solent,
1468 1918 1502 1946 et
1516 1917 1587 1946 loca

885 1961 1012 1990 deserta
1041 1962 1164 1991 sterilia
1191 1970 1320 1999 quoque
1349 1963 1382 1991 et
1410 1962 1498 1991 arida
1517 1971 1587 1991 esso.

884 2008 1124 2037 consueverunt
1142 2016 1149 2035 ε
1166 2007 1211 2037 sic
1227 2007 1411 2045 superbiam
1433 2008 1588 2046 impoeni-

884 2053 985 2082 tentia
1015 2053 1197 2083 comitatur.
1228 2055 1372 2083 ELATUM
1397 2054 1485 2083 enim
1514 2062 1587 2091 cor,

884 2098 1001 2129 durum
1029 2100 1062 2129 et
1075 2107 1194 2138 expers
1210 2101 1258 2129 est
1272 2099 1423 2138 pietatis,
1440 2100 1587 2137 ignarum

884 2145 1158 2183 compunctionis,
1182 2146 1303 2176 siccum
1330 2146 1370 2175 ab
1398 2146 1486 2175 omni
1512 2154 1588 2175 rore

883 2191 993 2228 glatiae
1020 2190 1225 2228 spiritualis:
1243 2191 1319 2229 quia
1344 2192 1480 2229 superbis
1503 2193 1588 2221 Dens

884 2237 1012 2272 resistit,
1028 2236 1192 2267 humilibus
1209 2246 1280 2267 vero
1296 2238 1348 2267 dat
1368 2238 1514 2276 qratiam.
1529 2238 1591 2276 Qui

883 2283 990 2312 emitte't
1001 2283 1099 2320 sontes
1111 2284 1142 2312 in
1153 2283 1350 2321 convallibus,
1364 2284 1444 2313 inter
1454 2284 1588 2313 ‘medium

884 2329 1053 2365 montium,
1080 2329 1126 2358 ait
1151 2329 1330 2367 Propheta,
1355 2339 1409 2368 pen
1411 2330 1589 2360 transibunt

156 2371 183 2397 et
198 2371 229 2398 in
244 2373 390 2401 ‹cleu-num
408 2382 470 2402 non
487 2374 634 2412 peccabis.
652 2375 742 2411 Quod
757 2375 783 2405 si
801 2369 867 2406 us·
866 2383 983 2419 aquoe.
1001 2374 1082 2404 ilinc
1099 2375 1147 2404 est
1171 2374 1258 2413 quod
1273 2374 1313 2404 de
1329 2376 1433 2413 seipso
1455 2375 1562 2405 mise}
1565 2386 1587 2403 ι-

157 2423 218 2451 Jue
235 2416 315 2445 adeo
327 2418 461 2454 regnat
453 2427 486 2447 m
502 2419 534 2448 te
549 2421 739 2457 peccatum,
757 2420 854 2451 immo
866 2407 994 2449 biliter
1010 2428 1212 2458 conquerens
1233 2420 1302 2451 ait:
1318 2422 1435 2451 Anima
1454 2430 1523 2451 mea
1543 2430 1588 2451 ,ςι-

156 2468 193 2487 us
181 2469 257 2497 que
274 2460 353 2489 adeo
368 2462 506 2493 delectat
520 2471 552 2493 te
569 2464 691 2494 servire
711 2441 868 2505 peccat0‚[
884 2467 935 2496 cut
949 2467 1034 2496 terra
1048 2467 1111 2496 sine
1125 2475 1207 2505 aqua
1222 2466 1286 2496 tibi.
1304 2466 1471 2505 Siquidem
1496 2474 1587 2503 aqum

155 2506 190 2533 nt
202 2506 308 2535 doleas
324 2507 381 2536 tibi
398 2509 557 2538 modicum
570 2511 697 2548 tempus
709 2519 777 2541 esse
792 2521 854 2549 quo
867 2506 868 2536 ἶ

155 2551 275 2579 servias
297 2552 346 2588 ei,
374 2553 429 2582 sed
459 2562 597 2594 eousque
622 2556 717 2586 latam
745 2557 854 2595 diligis

155 2596 238 2624 viam
251 2618 260 2634 ,
275 2597 311 2626 ut
334 2599 526 2629 omnimodis
553 2601 663 2638 optes,
679 2603 705 2631 si
726 2610 852 2641 posses,

157 2648 226 2669 nam
241 2642 459 2687 etiam-facere
474 2646 618 2683 longam3
640 2646 739 2684 velis,
756 2648 850 2685 nolis,

335 2691 366 2710 «3.

885 2512 993 2550 inopia
1009 2520 1073 2542 non
1090 2513 1185 2542 modo
1200 2512 1344 2549 aridum,
1365 2512 1422 2542 sed
1437 2512 1470 2541 et
1484 2512 1590 2540 sordi-

886 2558 963 2588 dum
978 2558 1073 2596 facit,
1088 2558 1165 2588 dum
1180 2566 1244 2587 non
1262 2559 1311 2588 est
1323 2557 1516 2596 quolaveris
1531 2565 1538 2585 τ
1554 2559 1588 2586 et

885 2604 1062 2634 humanum
1085 2613 1139 2635 cor
1160 2605 1319 2642 lacrymas
1339 2603 1507 2640 nesciens,
1522 2610 1588 2632 non

866 2679 869 2683 ,
886 2649 979 2678 modo
991 2649 1104 2679 durum
1116 2672 1124 2688 ,
1142 2650 1197 2680 sed
1213 2650 1245 2678 et
1262 2651 1423 2686 impurum
1444 2655 1513 2677 esse
1528 2655 1587 2677 ne·-

1426 2688 1438 2713 1
