1830 3073
430 241 487 271 DE
514 237 729 270 DlvERsls
753 235 906 266 SERMO
933 234 1093 265 XXXIX.

57 299 165 332 tionis.
181 297 242 331 Sed
252 295 382 329 attende
395 295 481 333 quod
496 294 656 332 sequitur.
674 292 748 322 Nul—

59 346 124 376 lum
140 346 227 376 enim
247 340 465 381 desperationi
487 340 594 369 locum
616 336 749 375 reliquit

59 391 93 419 in
107 389 268 427 Scriptura
292 394 369 423 sua,
384 385 441 424 qui
466 384 530 414 alio
551 384 620 413 loco
642 382 687 412 sic
702 381 750 411 lo-

57 435 183 472 quitur:
202 435 239 465 Ut
255 442 309 471 per
319 432 502 471 patientiam
518 431 546 460 ct
570 428 750 458 consolatio-

57 487 128 508 nem
148 478 378 516 Scripturarmn
397 483 480 514 spem
499 474 677 504 habeamus.
698 470 751 500 Af-

57 523 161 553 fectus
174 523 263 552 enim
278 522 334 552 ille
350 529 446 560 quem
461 519 593 558 quaeris,
609 525 674 555 pax
690 516 750 554 est,

58 575 122 598 non
132 568 309 606 patientia3
325 568 359 597 in
370 566 473 605 patria
484 565 544 602 est,
556 562 663 594 nonin
677 562 748 592 via:

58 621 120 644 nec
137 621 191 643 eos
205 613 260 652 qui
273 611 432 650 ejusmodi
445 610 542 647 sunt,
557 616 576 637 a
586 606 752 646 Scriptura

57 666 139 697 opus
154 659 203 689 est
214 657 383 689 consolari.
623 650 630 656 “

96 705 128 735 2.
144 706 222 742 Ergo
238 713 296 743 per
310 699 500 742 patientiam
516 700 550 731 et
564 697 754 730 consolatio-

57 757 132 779 nem
166 750 403 787 Scripturarum
434 754 525 784 spem
556 745 751 780 habeamus,

56 795 183 824 etiamsi
205 794 348 824 nondum
376 799 545 831 possumus
569 789 753 828 apprehen-

55 840 131 870 dere
146 848 268 878 pacem.
283 839 455 877 Propterea
465 845 537 867 cum
549 835 685 865 dixisset
707 834 754 864 di-

56 885 231 923 ligentibus
258 886 363 915 Deum
393 883 500 913 omnia
525 880 690 919 cooperari
719 880 752 910 in

56 929 189 968 bonum,
206 930 340 960 solerter
366 928 507 966 addidit,
524 927 569 957 his
585 928 638 965 qui
650 934 754 956 secun-

55 976 127 1004 dnm
139 976 326 1013 propositum
336 975 435 1004 vocati
444 975 515 1004 sunt
526 973 635 1003 sancti.
647 971 682 1000 ln
691 979 753 1008 quo

58 1020 153 1050 verbo
167 1028 230 1050 uon
244 1021 275 1050 te
291 1020 412 1049 terreat
427 1017 606 1048 sanctitatis
621 1025 752 1052 nomen,

52 1066 182 1103 quando
210 1074 275 1095 non
297 1065 477 1094 secundum
497 1063 672 1099 meritum,
698 1062 754 1091 sed

56 1110 233 1140 secundum
248 1110 464 1148 propositum3
490 1116 552 1137 non
576 1106 754 1137 secundum

56 1155 285 1193 affectionem,
310 1155 366 1184 sed
394 1154 571 1184 secundum
597 1152 755 1182 intentio—

56 1208 131 1229 nem
157 1201 282 1230 sanctos
307 1200 423 1236 vocat,
448 1200 543 1236 juxta
567 1199 650 1227 illud
678 1199 755 1228 Pro-

57 1245 164 1282 plietae
180 1253 187 1272 :
203 1246 328 1275 Custodi
355 1246 494 1274 antimum
528 1252 648 1280 meam,
680 1252 755 1281 qno-

56 1291 141 1319 niam
169 1292 291 1320 sanctus
316 1299 395 1320 sum.
425 1290 518 1318 Illam
540 1289 627 1318 enim
659 1297 754 1326 quam

54 1336 150 1374 putas
161 1336 364 1365 sanctitatem
379 1343 439 1365 nec
452 1335 520 1372 ipse
533 1334 665 1372 quidem
676 1335 756 1363 Pau-

58 1382 128 1418 lus,
152 1381 355 1418 corruptibili
384 1381 489 1410 adhuc
513 1381 662 1417 gravatus
684 1388 754 1409 cor-

58 1434 136 1464 pore
147 1448 155 1463 ,
171 1426 388 1455 arbitrabatur
403 1434 436 1455 se
456 1424 751 1463 comprehendisse.

59 1473 162 1502 Unum
174 1473 295 1507 aulem,
312 1471 428 1509 inquit,
443 1480 509 1509 quae
521 1472 603 1500 retro
618 1472 688 1500 sunt
704 1470 756 1500 ob-

59 1518 139 1553 litus,
149 1519 176 1547 et
191 1518 222 1547 in
237 1527 272 1546 ca
288 1526 354 1555 quoe
363 1519 433 1546 anic
444 1518 569 1547 suntme
579 1517 754 1552 extendens,

58 1571 167 1600 sequor
191 1563 229 1591 ad
255 1563 394 1601 palmam
413 1570 552 1601 supernoe
573 1562 753 1591 vocationis.

59 1606 174 1643 Vides,
193 1607 269 1644 quia
295 1606 375 1636 licet
401 1606 545 1635 nondum
569 1606 754 1643 apprehen-

59 1651 158 1682 disset
182 1652 351 1689 bravium,
380 1651 521 1681 habebat
549 1651 658 1680 tamen
688 1652 755 1686 Jam

59 1698 262 1728 sanctitatem
290 1697 465 1736 propositi,
492 1698 525 1728 et
555 1697 756 1735 propositum

60 1745 251 1775 sanctitatis.
263 1747 301 1775 Et
313 1746 348 1774 tu
364 1753 438 1782 ergo
454 1745 479 1774 si
503 1744 710 1782 proposueris
723 1745 756 1773 in

61 1790 156 1819 corde
178 1791 233 1818 tuo
256 1789 420 1818 declinare
439 1797 455 1817 a
476 1790 577 1825 malo,
600 1789 633 1818 et
651 1788 756 1817 tacere

61 1833 197 1870 bonum3
214 1835 326 1862 tenere
345 1833 429 1870 quod
446 1833 589 1871 coepisti,
615 1834 648 1863 et
665 1833 759 1870 proti-

63 1886 135 1907 rere
153 1886 281 1916 semper
308 1878 342 1906 in
357 1878 491 1915 melius;
508 1877 565 1906 sed
581 1878 613 1907 et
631 1879 658 1908 si
680 1878 757 1917 quid

61 1923 234 1960 aliquando
260 1924 366 1952 minus
388 1923 477 1953 recte
503 1924 606 1960 egeris
624 1923 634 1962 (
651 1924 688 1953 ut
711 1924 757 1953 est

62 1968 199 1999 humana
216 1966 392 2008 fragilitas)
406 1969 513 1997 nonin
524 1977 560 1998 eo
570 1969 756 2007 persistere,

60 2016 116 2045 sed
141 2015 322 2052 poenitere,
351 2015 384 2044 et
412 2015 574 2052 corrigere
600 2016 757 2052 quantum

60 2061 239 2098 praevales:
257 2061 321 2090 eris
348 2060 419 2090 sine
450 2060 547 2090 dubio
572 2062 699 2091 sanctus
726 2064 758 2093 et

60 2107 107 2142 tu,
121 2106 176 2135 sed
191 2106 242 2136 cui
259 2106 395 2135 interim
422 2106 527 2135 adhuc
543 2106 682 2136 clamare
697 2115 758 2137 ne—

60 2159 148 2181 cesse
163 2152 223 2188 sit,
237 2153 361 2182 Custodi
384 2153 523 2182 animam
547 2161 668 2188 meam,
684 2162 758 2191 quo-

60 2198 145 2227 niam
159 2198 282 2227 sanctus
293 2206 371 2227 sum.

98 2243 194 2272 5.Yis
209 2250 282 2279 ergo
303 2249 396 2271 nosse
414 2243 684 2280 quemadmodum
697 2244 758 2273 hu-

58 2287 197 2324 jusmodi
222 2288 341 2317 sanctis
367 2288 473 2317 omnia
495 2290 708 2326 cooperantur
723 2290 756 2319 in

59 2333 198 2363 honum?
212 2334 278 2363 Non
306 2333 400 2363 modo
427 2342 522 2363 curro
536 2342 595 2371 per
618 2334 755 2373 singula,

57 2378 133 2416 quia
144 2379 176 2407 iu
191 2379 321 2415 longum
331 2378 476 2416 protrahi
486 2387 668 2409 sermonem
678 2380 754 2410 hora

59 2432 123 2453 non
149 2424 282 2461 patitur.
312 2423 462 2453 Eundum
482 2425 575 2454 nobis
604 2425 653 2454 est
670 2425 756 2462 :jam

61 2468 149 2497 enim
176 2476 363 2505 campanam
384 2468 586 2506 audivimus,
599 2469 665 2506 jam
680 2479 754 2500 ves-

58 2514 194 2553 pertinae
211 2514 339 2551 tempus
359 2513 510 2543 orationis
530 2513 674 2544 advenit.
695 2515 757 2544 Au-

60 2559 127 2589 dite
143 2567 216 2596 ergo
232 2559 366 2588 verbum
380 2557 616 2596 abbreviatum,
640 2567 757 2597 quem—

59 2604 230 2634 admodum
268 2604 361 2634 nobis
401 2604 551 2633 universa
594 2605 755 2644 serviant,

59 2649 164 2680 omnia
187 2651 399 2689 cooperentur
420 2650 453 2679 in
475 2649 606 2679 bonum.
630 2649 754 2680 inimici

1441 237 1479 267 77

782 290 882 320 nostri
912 289 977 320 sint
999 289 1137 326 judices.
1164 288 1291 320 Etenim
1321 290 1480 329 siquidem

783 336 831 366 illi
858 344 917 373 pro
931 335 1024 365 nobis
1035 357 1044 373 ,
1062 335 1135 373 quis
1151 335 1262 364 contra
1287 336 1362 365 nos?
1377 336 1409 365 Si
1422 345 1480 374 pro

783 381 876 410 nobis
897 380 1024 410 faciunt
1050 380 1160 410 hostes
1184 380 1307 418 nostri,
1324 382 1483 418 quomodo

783 434 846 455 non
861 426 968 456 omnia
983 426 1080 456 simul
1095 433 1169 455 cum
1185 425 1252 455 illis
1267 424 1281 454 ἒ

820 471 851 501 4.
868 473 964 502 Porro
991 472 1054 502 duo
1075 471 1168 502 nobis
1191 469 1251 510 (ut
1274 469 1482 500 manifestum

783 516 852 557 est)
870 518 1084 548 adversantur
1102 517 1244 547 hostium
1261 523 1397 554 genera,
1413 522 1484 543 man

783 563 850 592 lum
865 562 1023 593 videficet
1038 562 1174 600 duplex,
1190 562 1276 600 quod
1285 560 1439 596 facimus,
1451 559 1484 588 ct

782 608 868 646 quod
882 608 1036 646 patimur.
1052 608 1128 637 Haec
1144 608 1271 644 autem,
1286 606 1324 635 ut
1338 604 1485 643 apertius.

784 656 944 694 dixerim,
960 656 1035 686 sunt
1063 656 1158 694 culpa
1180 655 1214 686 et
1238 662 1346 693 poena.
1371 653 1485 689 ltaque

783 710 858 732 cum
880 702 921 732 sit
942 702 1036 732 nobis
1048 701 1185 739 utraque
1211 699 1373 730 contraria
1387 720 1396 736 ,
1409 697 1484 734 erit,

783 747 810 777 si
835 747 1054 784 voluerimus,
1070 747 1207 784 utraque
1229 754 1287 784 pro
1311 744 1405 774 nobis
1422 751 1429 772 τ
1448 743 1485 772 ut

784 792 853 822 haec
866 791 1000 830 quidem
1013 792 1053 821 ab
1069 791 1125 821 illa
1139 791 1270 828 liberet,
1287 791 1321 820 et
1334 790 1414 820 item
1429 789 1486 819 ad-

783 845 898 868 versus
922 837 1017 867 istam
1041 837 1136 874 juvet
1159 837 1237 873 illa,
1266 844 1328 866 nec
1355 843 1484 874 parum.

783 883 864 912 Ecce
881 882 970 913 enim
999 883 1250 921 compungimur
1272 882 1307 911 in
1329 880 1487 911 cordibus

783 928 901 958 nostris
924 929 958 958 et
979 928 1014 958 in
1032 928 1133 958 cubili
1158 927 1366 957 conscientiae
1388 933 1486 963 super

785 973 913 1004 delictis
927 974 1118 1012 praeteritis:
1129 973 1184 1003 sed
1197 972 1312 1002 delinit
1320 971 1486 1001 conscien-

785 1019 876 1057 tiam,
893 1021 926 1049 et
937 1019 1175 1050 corrodentium
1188 1019 1394 1057 peccatorum
1406 1017 1488 1046 den-

786 1065 835 1094 tes
860 1066 1032 1095 conterens
1043 1086 1053 1102 ,
1068 1065 1196 1095 reducit
1218 1064 1259 1093 ad
1275 1072 1365 1101 spem
1380 1062 1486 1093 venian

785 1112 981 1150 poenitentia
1010 1111 1089 1148 ista,
1117 1111 1150 1140 et
1176 1109 1362 1140 voluntaria
1388 1115 1486 1146 poena

786 1166 881 1195 quam
898 1158 1050 1195 patimur.
1069 1156 1138 1185 Non
1160 1156 1262 1184 solum
1279 1155 1387 1184 autem
1403 1162 1488 1191 prae—

786 1203 903 1239 terita,
920 1202 977 1231 sed
999 1201 1031 1231 et
1052 1201 1161 1231 futura
1185 1200 1327 1238 repellit.
1352 1199 1432 1228 Nam
1455 1198 1488 1227 ct

786 1247 945 1277 tentantia
968 1246 1136 1284 propulsat
1151 1245 1250 1281 vitia,
1275 1245 1309 1273 et
1329 1243 1487 1273 nonnulla

786 1291 831 1321 sic
845 1291 990 1329 perimit,
1006 1291 1043 1320 ut
1057 1298 1141 1326 raro,
1158 1290 1213 1319 aut
1224 1296 1402 1326 numquam
1423 1287 1488 1317 eri-

789 1345 864 1375 gere
895 1335 994 1374 caput
1019 1335 1160 1365 audeaut
1194 1334 1403 1365 venenatum.
1432 1332 1486 1362 Sic

786 1394 881 1424 poena
897 1385 974 1414 facit
988 1393 1046 1422 pro
1062 1383 1155 1414 nobis
1173 1383 1327 1413 adversus
1345 1382 1487 1419 culpam,

787 1431 823 1460 ut
838 1431 892 1460 vel
913 1431 1045 1460 omnino
1068 1437 1134 1458 non
1163 1429 1227 1465 sit,
1241 1428 1295 1457 vel
1311 1427 1353 1457 sit
1367 1427 1485 1456 minor.

786 1477 885 1514 Culpa
909 1484 988 1507 vero
1014 1474 1232 1505 nihilominus
1252 1473 1336 1510 agit,
1368 1472 1407 1502 ut
1432 1472 1488 1502 aut

787 1530 850 1550 non
865 1520 925 1558 sit,
942 1521 997 1550 aut
1010 1520 1117 1549 minor
1132 1519 1174 1549 sit
1199 1527 1306 1557 poena.
1325 1519 1393 1548 Non
1415 1517 1489 1556 qui-

788 1567 861 1596 dem
883 1567 921 1596 ut
935 1566 1066 1596 omnino
1082 1573 1146 1594 non
1162 1565 1224 1602 sit,
1240 1565 1309 1593 sive
1327 1572 1344 1593 a
1359 1563 1489 1602 quanti-

788 1613 853 1642 tate
883 1620 941 1642 sua
967 1611 1163 1647 minoretur,
1191 1609 1279 1648 quod
1302 1609 1490 1639 nullatenus

789 1658 978 1696 expediret3
1008 1656 1065 1687 sed
1086 1656 1123 1686 ut
1147 1664 1211 1685 non
1236 1655 1279 1685 sit
1298 1663 1415 1693 poena,
1432 1655 1489 1684 aut

789 1703 893 1732 minor
920 1702 962 1732 sit
980 1710 1098 1740 poena,
1118 1701 1275 1731 videlicet
1297 1700 1334 1730 ut
1353 1700 1408 1730 aut
1423 1709 1488 1730 non

790 1747 849 1784 sit,
878 1747 934 1776 aut
960 1747 1068 1775 minus
1095 1745 1138 1775 sit
1165 1753 1312 1774 onerosa.
1337 1745 1489 1782 Quisquis

790 1791 877 1821 enim
892 1791 1036 1829 perfecte
1052 1790 1191 1820 senserit
1206 1798 1287 1819 onus
1302 1790 1440 1827 peccati,
1457 1790 1490 1819 et

791 1839 905 1869 animae
937 1839 1120 1874 laesionem3
1152 1838 1349 1867 exteriorem
1376 1838 1489 1875 utique

791 1885 845 1914 aut
857 1892 971 1922 parum
988 1883 1121 1920 sentiet,
1134 1883 1190 1912 aut
1204 1890 1246 1912 ex
1258 1882 1325 1912 toto
1339 1890 1403 1912 non
1415 1891 1490 1912 sen-

791 1929 852 1959 tiet
880 1929 1022 1967 corporis
1053 1936 1182 1966 poenam
1197 1936 1205 1965 3
1234 1936 1295 1958 nec
1325 1927 1491 1966 reputabit

790 1977 932 2006 laborem
945 1998 954 2014 ,
978 1984 1042 2014 quo
1070 1975 1202 2014 peccata
1230 1975 1358 2005 noverit
1387 1975 1489 2004 deleri

789 2022 967 2060 praeterita,
983 2021 1093 2051 futura
1106 2020 1225 2051 caveri.
1237 2020 1288 2050 Sic
1301 2020 1389 2050 enim
1401 2029 1491 2050 sanc=

791 2069 841 2098 tus
856 2068 961 2097 David
976 2066 1189 2097 conviciantis
1204 2067 1291 2096 servi
1306 2074 1372 2095 non
1392 2074 1490 2104 repu-

789 2113 871 2145 tavit
885 2113 1033 2151 injurias,
1045 2120 1168 2142 memor
1181 2112 1241 2142 filii
1250 2111 1488 2151 persequentis,

949 2223 1119 2256 SERMO
1147 2223 1329 2256 XXXIX.

789 2289 844 2314 111.
858 2290 891 2313 Ῑη
903 2289 984 2313 labore
996 2290 1097 2315 messis,
1111 2288 1144 2313 ‹le
1157 2289 1266 2312 duabus
1277 2288 1390 2318 mensis,
1403 2295 1445 2313 seu
1457 2288 1492 2312 de

907 2325 1047 2355 superiori
1061 2326 1086 2348 et
1099 2324 1230 2348 inferiori
1242 2324 1362 2354 irriguo.

831 2381 859 2410 1.
877 2382 996 2411 LABOR
1008 2380 1081 2418 iste,
1093 2380 1232 2417 Fratres,
1245 2379 1353 2409 exsilii
1367 2379 1399 2409 et
1410 2386 1493 2417 pau-

790 2426 924 2463 pertatis
947 2426 1061 2455 nostrae
1076 2433 1134 2454 nos
1150 2424 1320 2461 admonet,
1343 2422 1488 2461 profecto

791 2471 824 2500 et
837 2471 1028 2509 iniquitatis.
1044 2471 1086 2502 Ut
1096 2470 1174 2508 quid
1196 2470 1283 2500 enim
1301 2469 1404 2498 morte
1420 2466 1489 2496 afti-

791 2516 892 2546 cimur
900 2517 966 2546 tota
982 2516 1048 2553 die,
1062 2515 1239 2553 inJ'ejuniis
1254 2514 1377 2550 multis,
1394 2513 1427 2541 in
1438 2510 1490 2540 vi-

790 2562 876 2599 giliis
911 2561 1127 2591 abundantius
1138 2582 1147 2598 ,
1184 2560 1219 2589 in
1250 2558 1416 2589 laboribus
1454 2554 1488 2582 et

790 2606 962 2636 aerumnis?
982 2605 1147 2644 Numquid
1167 2604 1207 2633 ad
1230 2604 1290 2633 hoc
1313 2599 1413 2631 creati
1435 2606 1486 2627 su-

791 2651 881 2681 mus?
896 2652 993 2682 Absit.
1023 2652 1100 2681 Nam
1127 2650 1206 2680 licet
1230 2649 1324 2678 homo
1339 2647 1433 2677 uatus
1448 2644 1491 2675 sit
