1810 3073
498 219 544 247 IN
566 214 768 245 CANTICA
790 213 942 242 sEnMo
967 214 1064 242 vul.

78 280 118 310 vt
133 278 231 310 sciant
244 282 346 307 omnes
359 273 434 313 quia
449 273 540 312 diliqo
551 273 690 307 Patrem,
701 278 772 301 sur-

76 325 134 363 9116
140 344 152 360 ,
168 330 290 358 eamus3
309 318 394 349 haud
406 318 540 348 dubium
554 317 633 355 quin
646 315 686 345 ad
699 322 773 354 pas-

27 366 33 369 *
74 369 210 399 sionem.
227 367 283 395 Illa
298 365 407 403 itaque
423 365 535 394 mutua
547 362 707 401 gignentis
717 368 772 398 ge-

74 414 199 451 nitique
212 411 350 449 cognitio
359 410 480 448 pariter
493 409 526 439 et
538 408 682 444 dilectio,
695 405 771 444 quid

73 459 137 490 nisi
153 458 298 488 osculum
315 458 364 486 est
379 455 628 492 suavissimum,
649 453 706 483 sed
720 459 774 482 se-

75 502 312 534 erc-tissimum?

114 549 146 578 2.
168 550 232 585 Ego
258 557 314 586 pro
338 548 426 578 certo
451 546 491 577 ad
511 545 637 575 tantum
659 543 692 573 et
705 542 771 573 tam

73 594 218 625 sanctum
234 593 338 623 divini
353 592 470 623 amoris
490 598 642 621 arcanum
664 597 705 618 ne
722 589 771 626 ip-

73 648 140 670 sam
156 639 288 678 quidem
301 639 479 677 angelicam
495 635 622 666 admitti
635 635 773 665 arbitror

73 687 267 716 creaturam.
290 685 437 722 Etenim,
462 683 559 713 Paulo
579 682 640 711 hoc
665 680 771 719 ipsum

75 732 241 770 sapiente,
262 739 328 770 pax
352 731 409 759 illa
423 728 599 766 exsuperat
622 735 770 765 omnem,

74 778 174 807 etiam
198 777 400 814 angelicum,
430 781 572 805 5611511111.
596 773 688 803 Unde
710 781 771 803 nec

73 821 134 852 ista
147 820 366 860 (quamquam
387 821 527 850 multum
552 817 770 858 praesumens)

72 866 170 897 audet
183 868 291 897 tamen
306 866 417 896 dicere
429 887 437 903 ‚
453 864 625 895 Osculetur
640 872 692 893 1116
717 871 771 893 016

71 920 146 950 suo3
164 913 222 942 soli
241 911 324 941 illud
339 912 464 942 scilicet
479 919 649 941 reservans
662 910 746 940 Patri
763 918 770 938 τ

71 958 128 988 sed
151 958 275 997 aliquid
288 958 396 988 minus
410 957 576 995 postulans
589 979 598 994 ,
615 957 773 987 Osculetur

70 1012 129 1041 me,
146 1003 263 1041 inquit,
276 1004 376 1033 osculo
392 1005 454 1033 oris
469 1003 772 1033 suz'.Videtenovain

69 1057 219 1087 sponsam
241 1058 362 1079 novum
377 1050 520 1079 osculum
537 1047 752 1087 accipientem
763 1070 771 1086 ,

72 1102 138 1124 non
154 1096 263 1124 tamen
281 1095 320 1123 ab
344 1102 398 1124 ore
409 1116 418 1132 ,
438 1094 495 1124 sed
518 1093 557 1123 ab
573 1094 680 1123 osculo
696 1093 770 1123 oris.

70 1140 267 1177 Insufslacit,
291 1140 419 1177 inquit,
441 1141 499 1177 eis,
524 1140 610 1169 haud
637 1139 771 1169 dubium

70 1184 153 1223 quin
167 1185 261 1215 Jesus
278 1186 435 1223 Apostolis
448 1208 457 1223 .,
475 1186 508 1215 id
533 1186 582 1215 est
596 1185 772 1223 primitivae

69 1231 376 1268 Ecclesiae3etdz‘x1't,
384 1232 516 1269 Accipite
525 1233 673 1269 Spiritum
685 1240 773 1261 sanc-

72 1278 149 1306 tum.
167 1276 319 1306 Osculum
334 1276 479 1314 protecto
494 1276 568 1306 fuit.
585 1276 691 1313 Quid?
705 1284 774 1306 cor-

70 1329 189 1360 poreus
214 1322 269 1351 ille
286 1322 401 1352 ssatus?
415 1323 501 1360 Non,
516 1322 574 1352 sed
597 1322 772 1352 invisibilis

70 1367 210 1405 Spiritus
232 1368 313 1406 :qui
341 1368 515 1406 propterea
541 1368 576 1397 in
600 1367 656 1397 illo
672 1368 774 1397 domi-

70 1413 144 1443 nico
158 1413 237 1443 natu
251 1413 344 1444 datus
356 1415 404 1444 est
418 1435 427 1452 ,
439 1415 476 1444 ut
498 1422 557 1452 per
572 1413 632 1443 hoe
648 1413 773 1443 intelli-

71 1459 205 1497 geretur
220 1459 253 1488 et
273 1459 313 1488 ab
328 1460 398 1498 ipso
420 1459 544 1497 pariter
567 1459 732 1497 tamquam
755 1467 772 1488 a

71 1504 163 1534 Patre
184 1504 380 1542 procedere,
397 1506 563 1543 tamquam
588 1513 666 1534 vere
682 1513 773 1534 oscu-

70 1549 158 1587 lum,
173 1550 261 1589 quod
283 1551 441 1581 osculanti
462 1550 668 1589 osculatoque
683 1559 772 1581 com·

71 1603 169 1626 mune
186 1596 246 1626 est.
263 1596 374 1634 Itaque
389 1596 508 1627 suflicit
522 1604 665 1635 sponsae,
682 1597 708 1627 si
725 1605 772 1628 os-

72 1641 202 1671 culetur
217 1642 257 1671 ab
278 1643 388 1672 osculo
403 1642 531 1680 sponsi,
557 1642 687 1672 etiamsi
708 1651 771 1673 non

71 1687 236 1717 osculetur
257 1688 296 1718 ab
324 1696 391 1718 ore.
418 1689 482 1718 Nec
504 1688 592 1718 enim
618 1688 771 1726 exiguum

1445 216 1504 247 167

805 268 883 298 videt
898 269 926 297 ct
946 269 1073 298 Patrem
1093 275 1208 297 mcum.
1224 268 1263 298 Et
1281 267 1365 299 illud
1384 269 1505 300 Johan-

806 313 857 343 nis
870 322 878 342 ι
892 314 998 344 Omnis
1009 314 1063 352 qui
1071 315 1162 352 neqat
1173 314 1301 349 Filium,
1312 322 1367 343 nec
1378 316 1503 346 Patrem

805 359 908 389 habet.
925 361 986 398 Qui
1006 361 1109 389 autem
1135 359 1295 396 confitetur
1318 360 1451 396 Filium,
1476 363 1504 390 ct

804 406 931 435 Patrem
939 405 1041 435 habet.
1053 405 1100 434 Ex
1107 403 1357 442 quibusliquido
1369 405 1505 442 constat,

805 451 881 489 quia
905 459 965 481 nec
980 451 1076 480 Pater
1096 450 1166 479 sine
1190 449 1272 479 Filio
1287 471 1296 487 ,
1320 457 1381 479 nec
1405 449 1507 479 Filius

804 496 874 526 sine
899 497 992 525 Patre
1011 495 1209 534 agnoscitur.
1231 494 1346 524 Merito
1369 493 1506 532 proinde

804 550 869 571 non
884 542 917 571 in
929 542 1063 572 alterius
1073 542 1212 580 tantum,
1221 540 1279 571 sed
1290 540 1324 570 in
1335 539 1507 577 utriusque

805 588 988 625 cognitione
1010 587 1180 617 constituit
1193 593 1353 617 summam
1367 584 1510 614 beatitu0

805 634 915 663 dinem
930 634 986 672 qui
995 633 1083 663 *dicit
1095 642 1103 662 t
1115 635 1188 663 Hoec
1201 634 1243 663 est
1253 633 1319 663 vila
1332 633 1461 666 oeterna,
1473 631 1509 660 ut

805 681 988 719 coqnoscant
1003 682 1029 710 te
1042 688 1149 710 verum
1166 681 1267 710 Deum
1278 700 1288 716 ,
1304 681 1332 709 et
1345 686 1433 716 quem
1447 678 1509 707 mi-

803 727 868 756 sisti
878 728 983 756 Jesum
995 726 1162 757 Christum.
1173 725 1319 763 Denique
1336 724 1370 754 et
1383 723 1439 762 qui
1455 731 1507 753 se-

804 772 948 810 quuntur
962 773 1099 810 Agnum,
1115 771 1304 801 referuntur
1314 769 1435 800 habere
1450 777 1508 799 no-

806 825 879 847 men
895 817 978 855 ejus,
989 818 1021 848 et
1029 825 1147 847 nomen
1154 816 1259 846 Patris
1268 815 1338 853 ejus
1350 815 1506 852 scriptum

805 863 837 892 in
850 862 1010 893 frontibus
1024 863 1090 893 suis
1103 862 1207 902 :quod
1222 861 1270 892 est
1281 861 1323 892 de
1336 861 1507 900 utriusque

804 909 921 939 notitia
936 909 1080 946 gloriari.

844 954 877 984 [ι.
893 955 954 984 Sed
972 955 1052 985 dicit
1065 953 1182 993 aliquis
1197 962 1206 984 ε
1224 961 1299 993 ergo
1318 953 1352 983 et
1367 951 1508 991 Spiritus

805 1002 905 1031 sancti
917 1001 1035 1039 agnitio
1047 1009 1112 1031 non
1124 1002 1172 1032 est
1180 1000 1374 1038 necessaria,
1386 1000 1422 1029 ut
1433 1006 1508 1028 cum

807 1047 929 1077 dixerit
954 1055 1025 1078 esse
1046 1047 1149 1078 vitam
1173 1048 1328 1077 aeternam
1353 1053 1447 1075 nosse
1473 1044 1508 1075 et

805 1095 931 1124 Patrem
948 1094 982 1124 et
996 1093 1127 1132 Filium,
1143 1093 1183 1123 de
1196 1092 1319 1131 Spiritu
1331 1092 1442 1122 sancto
1458 1091 1509 1121 ta-

806 1139 932 1170 cuerit?
952 1140 1006 1170 Est
1027 1140 1141 1178 utique
1161 1148 1170 1168 :
1195 1138 1253 1168 sed
1275 1137 1333 1167 ubi
1357 1137 1452 1167 Pater
1473 1137 1508 1168 et

806 1186 905 1215 Filius
933 1186 1079 1224 perfecte
1103 1185 1306 1223 agnoscitur,
1334 1183 1506 1221 utriusque

805 1231 949 1270 bonitas,
962 1240 1034 1270 quae
1049 1231 1188 1269 Spiritus
1204 1231 1332 1260 sanctus
1348 1230 1414 1267 est,
1426 1238 1508 1268 quo-

805 1277 898 1306 modo
920 1277 1106 1316 ignoratur?
1136 1277 1247 1314 Neque
1268 1275 1355 1305 enim
1381 1275 1507 1313 integre

806 1323 899 1352 homo
913 1323 1036 1352 homini
1050 1321 1234 1359 innotescit,
1246 1320 1403 1359 quamdiu
1414 1321 1507 1360 latet,

805 1368 991 1397 utrumnam
1010 1368 1122 1405 bonae,
1139 1375 1180 1396 an
1194 1367 1287 1396 malae
1300 1365 1342 1396 sit
1356 1366 1507 1397 volunta-

805 1412 856 1441 tis.
870 1413 1071 1451 Quamquam
1086 1414 1120 1443 et
1134 1421 1209 1442 cum
1225 1411 1350 1441 dictum
1360 1413 1421 1450 est,
1433 1414 1507 1443 Haec

804 1460 847 1488 est
865 1460 929 1488 ‘cita
944 1461 1061 1488 oeterna
1070 1479 1080 1495 ,
1097 1460 1132 1488 ut
1152 1459 1335 1496 coquoscrmt
1360 1459 1386 1487 te
1400 1466 1509 1487 rerum

803 1505 921 1541 Deum,
946 1506 975 1534 et
987 1513 1074 1542 quem
1090 1505 1200 1534 misisti
1213 1505 1316 1533 Jesum
1333 1503 1510 1543 Christum3

805 1549 950 1588 profecto
981 1551 1009 1580 si
1037 1550 1149 1580 missio
1175 1549 1232 1579 illa
1260 1549 1507 1587 beneplacitum

805 1596 870 1624 tam
897 1595 1001 1625 Patris
1025 1596 1169 1634 benigne
1197 1595 1357 1626 mittentis
1369 1617 1379 1634 ,
1407 1604 1507 1634 quam

806 1641 880 1671 Filii
893 1642 1077 1672 voluntarie
1094 1642 1279 1672 obedientis
1293 1641 1506 1682 demonstrat,

805 1696 870 1717 non
904 1688 1036 1717 omnino
1065 1688 1201 1718 tacitum
1233 1688 1282 1718 est
1309 1687 1349 1717 de
1382 1687 1508 1726 Spiritu

71 1733 150 1771 quid
165 1734 221 1764 aut
235 1734 303 1764 vile
318 1734 412 1772 putat
428 1735 566 1764 osculari
582 1734 622 1763 ab
639 1735 747 1765 osculo
763 1744 771 1764 ι
789 1733 925 1790 (sanem,
936 1733 992 1763 11111
1002 1734 1098 1764 tantae
1112 1734 1282 1772 utriusque
1294 1734 1405 1771 gratiae
1416 1743 1508 1765 men-

71 1779 157 1816 quod
172 1787 235 1809 non
248 1781 296 1809 est
311 1779 400 1809 aliud
414 1779 478 1810 nisi
504 1779 633 1809 infundi
649 1779 773 1818 Spiritu

71 1826 192 1854 sancto.
216 1826 338 1864 Nempe
354 1826 380 1856 si
396 1827 486 1856 recte
500 1826 595 1855 Pater
606 1827 772 1865 osculans,

71 1869 170 1900 Filius
185 1871 347 1901 osculatus
359 1871 519 1909 accipitur
539 1880 548 1901 :
574 1880 639 1901 non
655 1872 718 1902 erit
733 1873 773 1902 ab

71 1921 108 1944 re
128 1916 272 1945 osculum
285 1916 443 1954 Spiritum
458 1917 603 1946 sanctum
619 1916 758 1956 intelligi

71 1959 182 1997 utpote
199 1961 254 1999 qui
275 1961 378 1991 Patris
392 1962 532 2000 Filiique
555 1962 774 2001 imperturba-

72 2003 146 2035 bilis
157 2015 223 2044 pax
235 2007 293 2045 sit,
304 2008 416 2046 gluten
430 2008 573 2048 firmum,
583 2008 774 2041 individuus

71 2057 171 2089 amor,
189 2052 398 2082 indivisibilis
410 2053 530 2083 unitas.

111 2097 142 2126 5.
158 2098 204 2127 De
219 2099 288 2136 ipso
298 2098 401 2136 igitur
416 2099 514 2129 audet
528 2107 641 2138 sponsa
653 2100 774 2138 ipsum-

72 2149 136 2180 que
151 2143 279 2174 infundi
291 2145 354 2174 51111
370 2145 508 2175 fidenter
523 2145 583 2175 sub
601 2147 702 2177 osculi
717 2155 774 2177 no-

73 2189 160 2219 mine
176 2190 271 2228 petit.
286 2191 389 2221 Tenet
400 2191 520 2229 quippe
533 2192 669 2230 aliquid,
684 2194 772 2224 unde

71 2243 136 2266 non
151 2236 235 2266 desit
256 2237 380 2266 occasio
405 2238 633 2275 praesumendi.
655 2239 773 2270 Dicens

73 2281 160 2311 enim
175 2282 286 2321 Filius,
299 2284 395 2313 Nemo
410 2285 492 2314 novit
505 2285 621 2314 Filium
635 2286 696 2316 m'si
707 2288 774 2316 Ρα-

73 2330 141 2365 ter,
161 2330 189 2358 et
212 2337 301 2358 7161110
327 2331 410 2359 ‘novit
425 2331 552 2360 Patrem
573 2332 634 2361 nisi
653 2332 772 2371 Filius,-

72 2373 210 2410 adjecit,
227 2375 282 2403 aut
301 2375 352 2404 cui
365 2376 494 2405 voluerit
511 2376 608 2407 Filius
625 2378 770 2409 revelare.

72 2419 140 2448 Non
153 2420 260 2449 autem
272 2419 511 2458 diffiditsponsa
519 2422 597 2459 quin
609 2422 670 2452 51111
680 2424 772 2462 velit,

72 2463 100 2493 si
116 2465 166 2494 cui
181 2464 332 2494 voluerit.
344 2465 428 2495 Petit
441 2474 515 2504 ergo
531 2467 688 2498 audenter
702 2468 773 2500 dari

73 2509 304 2547 5111105611111111,
320 2510 379 2540 hoc
391 2512 439 2541 est
451 2511 607 2549 Spiritum
623 2513 772 2552 illum,in

73 2561 136 2592 quo
162 2555 224 2584 sibi
247 2556 278 2585 et
304 2556 404 2586 Filius
423 2557 589 2587 reveletur
612 2558 645 2588 et
666 2559 770 2591 Pater.

74 2600 162 2629 Alter
177 2600 264 2630 enim
279 2600 351 2632 sine
375 2601 477 2632 altero
493 2610 697 2642 nequaquam
722 2605 773 2636 in-

74 2645 222 2677 notescit.
237 2646 329 2679 Unde
352 2647 402 2678 est
422 2647 527 2679 illud:
547 2650 608 2688 Qui
619 2650 698 2681 videt
711 2660 770 2690 mc,

791 2108 879 2137 ·ergo

806 1779 850 1809 tio
866 1780 951 1809 sacta
973 1780 1033 1809 est.
1051 1779 1225 1818 Utriusque
1241 1780 1404 1818 siquidem
1417 1788 1507 1812 amor

806 1826 838 1855 et
853 1824 1036 1862 benignitas
1050 1824 1192 1863 Spiritus
1209 1826 1337 1855 sanctus
1352 1826 1414 1856 est.

844 1871 875 1900 5.
888 1871 992 1900 Trinae
1000 1878 1074 1908 ergo
1083 1870 1181 1907 huJus
1192 1870 1365 1908 agnitionis
1377 1870 1507 1902 infundi

805 1916 867 1946 sibi
883 1916 1020 1955 gratiam
1032 1938 1041 1954 ,
1062 1917 1219 1954 quantum
1238 1916 1368 1954 quidem
1385 1917 1455 1955 capi
1472 1917 1508 1949 in

804 1971 899 1993 carne
915 1962 1042 1992 mortali
1058 1962 1176 2001 potest,
1192 1970 1308 2000 sponsa
1321 1963 1416 2001 petit,
1433 1972 1507 1994 cum

804 2009 948 2038 osculum
961 2008 1056 2046 petit.
1069 2008 1155 2038 Petit
1167 2009 1274 2038 autem
1287 2015 1303 2036 a
1317 2008 1397 2038 Filio
1411 2010 1508 2047 :quia

806 2053 879 2083 Filii
894 2054 944 2083 est
958 2053 1012 2083 cui
1027 2052 1171 2083 voluerit
1191 2053 1350 2082 revelare.
1369 2053 1508 2085 Revelat

898 2099 1002 2128 Filius
1018 2099 1162 2137 seipsum
1177 2098 1230 2128 cui
1246 2099 1329 2136 vult,
1341 2099 1465 2129 revelat
1474 2099 1508 2130 et

803 2146 943 2175 Patrem.
959 2145 1100 2175 Revelat
1116 2146 1225 2175 autem
1247 2144 1318 2174 sine
1334 2145 1433 2175 dubio
1448 2153 1508 2184 per

804 2193 962 2229 osculum,
975 2192 1036 2221 hoc
1049 2193 1098 2221 est
1110 2199 1168 2230 per
1178 2191 1336 2229 Spiritum
1348 2192 1506 2231 sancium,

804 2238 954 2276 Apostolo
970 2237 1052 2267 teste
1068 2237 1125 2275 qui
1141 2237 1187 2266 ait
1203 2245 1211 2266 ε
1227 2237 1323 2268 Nobis
1338 2239 1441 2267 autem
1457 2247 1508 2268 re-

805 2285 911 2314 velavit
924 2285 1007 2314 Deus
1021 2293 1076 2322 per
1091 2285 1241 2322 Spiritum
1257 2292 1360 2314 suum.
1374 2283 1413 2313 At
1428 2291 1505 2314 vero

805 2330 909 2360 dando
920 2330 1074 2368 Spiritum
1087 2338 1145 2368 per
1154 2338 1250 2368 quem
1263 2329 1400 2368 revelat,
1410 2330 1508 2360 etiam

806 2377 911 2415 ipsum
940 2376 1089 2407 revelat:
1110 2375 1215 2405 dando
1237 2375 1383 2413 revelat,
1400 2375 1434 2405 et
1455 2384 1508 2405 re-

805 2422 944 2453 velando
968 2422 1034 2452 dat.
1051 2423 1148 2452 Porro
1163 2421 1340 2459 revelatio,
1357 2430 1430 2460 quae
1446 2428 1507 2458 per

805 2469 962 2507 Spiritum
978 2469 1127 2498 sanctum
1143 2468 1199 2505 fit,
1214 2475 1280 2497 non
1297 2468 1400 2497 solum
1416 2467 1508 2496 illus-

804 2515 919 2545 tratad
936 2514 1156 2552 agnitionem,
1172 2513 1229 2544 sed
1243 2513 1341 2544 etiam
1357 2510 1507 2542 accendit

805 2561 845 2591 ad
858 2568 1013 2598 amorem,
1030 2560 1160 2590 dicente
1174 2559 1292 2589 Paulo:
1309 2558 1433 2588 Caritas
1446 2555 1508 2586 Dei

805 2606 914 2643 diffusa
928 2607 971 2637 est
991 2606 1024 2635 in
1039 2605 1179 2635 cordibus
1200 2604 1312 2634 nostris
1333 2610 1388 2640 per
1409 2601 1508 2639 spir&

807 2654 871 2683 rum
883 2653 989 2683 sanctu
996 2660 1037 2689 m,
1051 2651 1106 2690 qui
1114 2651 1204 2681 datus
1217 2650 1260 2680 est
1273 2647 1371 2678 nobis.
1383 2645 1422 2677 Et
1433 2645 1509 2678 ideo
