1810 3073
305 199 366 232 {32

304 255 424 297 cipulis
453 254 521 288 suis
541 263 551 287 ε
572 254 728 290 Desiderio
752 258 917 290 desideravi
950 256 1005 287 hoc

302 302 420 342 pascha
439 303 629 336 manducare
648 303 823 342 vobiscum,
838 304 1006 342 antequam

300 349 421 387 patiar.

343 393 376 424 6.
392 393 432 425 Et
444 392 622 425 notandum
633 415 643 432 ,
662 393 747 432 quod
763 392 802 422 ad
818 390 900 422 illud
916 389 1007 421 exci-

304 439 394 470 tatur
411 448 507 471 mens
530 440 675 470 humana
696 438 885 477 specialiter
900 437 1006 467 tribus

305 485 532 517 affectionibus
544 507 554 523 ‚
570 493 607 515 ac
622 484 819 524 provehitur
838 492 846 513 :
867 483 955 513 unde
973 483 1007 513 et

304 531 410 562 Deum
425 532 563 570 diligere
577 532 646 561 toto
661 529 757 559 corde
769 552 778 568 ,
796 530 863 559 tota
879 529 986 559 anima
996 550 1006 566 ,

303 578 372 609 tota
383 578 502 608 virtute
517 577 662 614 jubetur.
674 575 781 606 Prima
793 575 926 614 quidem
937 575 1008 604 dul-

304 623 371 662 cis,
388 623 531 654 secunda
543 622 705 660 prudens,
722 621 821 652 tertia
836 620 929 652 sortis
945 620 1005 651 est.

302 669 443 699 Primam
474 668 592 698 habuit
613 668 748 705 Petrus,
771 676 845 697 cum
869 667 1008 697 Domino

303 715 385 744 mori
401 714 603 744 dissuaderet
619 721 627 743 ε
645 721 687 744 ex
702 713 798 743 corde
820 713 909 743 enim
935 713 1008 744 dul-

302 760 386 791 citer
400 760 576 799 diligebat,
588 759 682 797 cujus
704 759 890 798 passionem
906 767 1009 798 expa-

301 807 468 838 vescebat.
485 806 549 837 Sed
564 815 638 836 cum
651 806 797 843 audiret,
814 806 900 837 Vade
911 807 1006 843 retro,

302 855 416 884 satana
426 875 435 891 ,
447 862 512 884 uon
522 854 604 891 sapis
616 861 683 891 quae
697 853 756 883 Dei
769 853 840 882 sumt
852 873 862 889 ‚
875 853 924 882 sed
940 861 1008 891 quae

302 899 436 931 hominis
452 909 463 930 .-
480 900 532 929 his
545 898 655 929 verbis
670 898 836 936 eruditus,
860 898 893 928 et
909 898 1009 929 intel-

302 945 410 984 ligens
424 944 592 984 quidboni
607 944 743 974 haberet
762 952 850 974 mors
872 944 1007 984 Christi,

303 992 404 1030 coepit
423 992 491 1021 tota
513 991 622 1021 anima
646 990 828 1028 prudenter
848 989 984 1028 diligere
997 1013 1006 1029 ,

303 1046 403 1077 quem
423 1037 515 1076 prius
535 1037 663 1068 tantum
685 1036 841 1074 diligebat
868 1036 1010 1067 dulciter

302 1084 372 1115 toto
387 1084 483 1114 corde
493 1105 503 1122 ‚
518 1083 660 1114 necdum
673 1091 752 1113 vero
771 1082 928 1120 diligebat
943 1083 1009 1114 tota

302 1130 439 1161 virtute.
457 1129 549 1168 Quod
569 1129 597 1159 si
622 1128 763 1167 faceret,
787 1136 850 1159 nec
876 1129 1010 1167 propter

303 1177 418 1207 mortis
429 1175 606 1206 discrimen
627 1183 702 1205 eum
716 1174 863 1213 negaret.
876 1175 917 1204 At
930 1182 1008 1205 vero

303 1223 377 1262 post
402 1221 677 1253 resurrectionem
699 1222 733 1251 et
766 1220 989 1250 ascensionem
999 1243 1008 1259 ‚

303 1269 378 1300 dato
394 1269 533 1306 desuper
545 1267 666 1305 Spiritu
676 1288 685 1305 ,
701 1267 780 1296 tunc
795 1266 927 1296 demum
942 1267 1009 1297 tota

303 1315 427 1347 virtute
443 1313 584 1350 dilexit,
599 1320 657 1350 pro
673 1320 736 1350 quo
753 1312 851 1342 etiam
873 1312 1009 1342 horren-

304 1361 383 1392 dum
397 1360 504 1391 crucis
524 1358 722 1398 suppilcium
737 1357 941 1396 postmodum
956 1366 1011 1389 su·
1024 1366 1027 1424 ί

304 1407 375 1440 bire
391 1415 455 1437 non
472 1405 619 1444 expavit.
636 1405 717 1442 Erga
733 1403 904 1434 caritatem
929 1413 1010 1443 quo—

305 1463 368 1494 que
381 1453 525 1493 proximi
536 1458 732 1483 exercemur
747 1450 922 1489 tripliciter
935 1474 943 1489 ‚
956 1452 1009 1481 vel

304 1502 342 1531 ut
360 1500 539 1531 aedificetur
560 1498 631 1536 ipsa
648 1497 766 1528 caritas
786 1496 843 1526 uhi
858 1505 923 1527 non
942 1499 1008 1536 est,
1025 1517 1027 1523 ι

303 1547 359 1578 vel
374 1546 464 1577 certe
479 1553 521 1576 ne
535 1544 669 1583 pereat,
684 1543 740 1574 vel
765 1543 932 1573 minuatur
953 1545 1009 1574 ubi

306 1593 366 1623 est.
383 1591 536 1630 Quisquis
553 1590 663 1621 autem
681 1589 764 1618 hane
786 1597 868 1627 puro
892 1589 1010 1620 affeetu
1025 1615 1027 1627 A

306 1646 382 1676 erga
406 1636 592 1675 proximum
617 1635 772 1674 operatur
782 1656 790 1672 ‚
817 1634 910 1664 illam
936 1644 1011 1674 pro-

306 1683 460 1714 culdubio
471 1704 480 1722 ‚
499 1691 571 1722 quae
593 1682 683 1712 Deus
699 1681 767 1718 est,
781 1679 919 1712 ulterius
934 1689 1011 1721 pro-

306 1730 465 1761 meretur.

476 1831 647 1865 SERMO
675 1830 839 1866 XCVII.

304 1912 346 1939 De
356 1911 492 1937 suavitate
506 1910 587 1934 verbi
605 1916 636 1934 ac
646 1909 709 1939 iugi
723 1909 845 1938 Christi,
859 1908 926 1933 foris
940 1908 1008 1939 qui-

416 1946 481 1970 dem
495 1945 579 1974 duri,
591 1944 637 1968 sed
649 1945 725 1968 intus
735 1944 897 1968 dulcissimi.

342 2008 373 2038 l.
385 2006 483 2038 Melet
499 2006 546 2036 lac
556 2005 611 2037 sub
624 2005 731 2044 linqua
742 2001 864 2040 ejus.1d
878 2000 1010 2040 quidem

303 2062 451 2086 necesse.
460 2053 539 2083 Nam
551 2051 638 2090 quod
653 2051 687 2080 iu
698 2050 809 2088 lingua
822 2049 882 2086 est,
894 2048 1010 2079 durum

304 2100 409 2131 sonat.
425 2099 529 2131 Verba
543 2098 689 2136 sapientis
710 2096 800 2135 quasi
819 2095 957 2132 stimuli,
983 2097 1012 2126 et

304 2147 383 2177 sicut
398 2146 475 2175 clavi
498 2146 531 2174 in
553 2145 650 2174 altam
665 2143 768 2180 desisti.
785 2143 877 2173 Alius
894 2142 942 2172 est
957 2150 1012 2171 cu·
1026 2145 1028 2150 ·

762 203 793 232 S.
814 201 1047 232 BERNARDI
1067 201 1261 231 ABBATIS

1036 255 1158 293 jacula.
1175 257 1325 297 Denique,
1340 256 1400 289 sub
1421 256 1534 298 lingua
1551 254 1622 294 ejus
1642 251 1740 294 quid?

1038 301 1120 331 Audi
1135 303 1328 341 Prophetam
1343 312 1351 334 ε
1365 304 1469 336 Labor
1488 305 1515 335 et
1530 303 1626 334 dolor.
1641 301 1739 331 Porro

1038 347 1097 376 sub
1120 347 1231 386 lingua
1248 349 1318 386 ejus
1339 351 1406 380 mel
1421 350 1455 381 et
1473 350 1543 388 lac,
1569 347 1626 388 qui
1644 345 1740 384 juxta

1039 392 1191 422 eumdem
1211 394 1404 432 Prophetam
1423 396 1569 426 laborem
1592 392 1686 432 fingit
1705 391 1741 422 in

1038 439 1214 478 praecepto.
1240 441 1366 472 Miraris
1394 442 1516 480 fingere
1539 440 1739 476 Veritatem3

1038 491 1114 513 nam
1137 485 1251 515 mirari
1268 486 1366 524 licet,
1391 487 1542 517 dubitare
1563 494 1629 516 non
1646 483 1740 515 licet.

1023 529 1073 567 >Si
1090 531 1124 561 et
1147 531 1287 562 alterum
1312 533 1430 563 testem
1453 532 1590 571 quaeris,
1610 531 1682 570 lege
1706 529 1742 559 in

1038 576 1237 616 Evangelio,
1266 578 1343 616 quia
1368 579 1463 616 finxit
1485 587 1516 608 se
1539 578 1658 616 lonqius
1684 576 1740 605 ire.

1039 622 1159 659 Quidni
1180 623 1370 662 figmentum
1385 623 1538 662 figmento
1563 618 1743 652 exhibeat?

1039 667 1207 706 Siquidem
1236 669 1307 707 ipse
1335 668 1429 699 novit
1454 668 1647 707 figmentum
1670 673 1744 696 nos-

1040 714 1125 744 trum
1139 735 1149 752 ,
1170 714 1287 754 utique
1308 715 1429 746 laboris
1444 715 1639 754 impatiens,
1661 712 1744 743 dilam

1039 760 1162 791 tionem
1173 769 1239 793 non
1253 762 1427 800 sustinens,
1436 761 1550 799 fragile
1565 760 1606 791 ad
1618 759 1745 790 utrum·

1039 814 1116 845 que.
1128 807 1185 837 Pie
1201 816 1276 846 ergo
1291 807 1456 846 providit,
1472 808 1509 837 ut
1521 805 1658 837 haberet
1671 803 1744 843 pie-

1039 854 1088 883 tas
1101 853 1348 891 promissionem
1369 854 1447 884 vitae
1470 853 1541 890 ejus
1564 860 1637 891 quae
1655 858 1744 880 nunc

1040 898 1088 928 est
1100 921 1110 937 ,
1126 899 1159 928 et
1171 898 1288 929 futurae
1298 907 1307 937 ς
1319 907 1381 929 nec
1396 899 1542 929 laborem
1552 905 1669 928 verum
1681 896 1744 926 im-

1040 945 1196 983 poneret,
1219 945 1278 975 sed
1305 945 1407 984 magis
1429 944 1567 983 fingeret
1594 943 1630 974 in
1659 950 1744 981 prae-

1041 990 1147 1028 cepto.
1165 990 1249 1025 Audi
1269 991 1430 1029 quomodo
1455 990 1601 1021 laborem
1621 989 1743 1027 fingere

1041 1035 1111 1073 ipse
1133 1044 1167 1066 se
1181 1036 1308 1075 prodat.
1331 1038 1438 1067 Tollite
1448 1037 1673 1075 juqummeum
1691 1044 1746 1064 su-

1039 1091 1093 1119 per
1115 1091 1187 1119 vos,
1210 1083 1240 1112 et
1258 1083 1413 1113 invenietis
1428 1083 1565 1120 requiem
1580 1080 1745 1111 animabus

1040 1129 1158 1159 vestris.
1174 1129 1290 1167 Juqum
1311 1129 1393 1158 enim
1407 1136 1510 1158 meum
1529 1135 1621 1158 suave
1636 1127 1679 1157 est
1690 1147 1701 1162 ‚
1716 1127 1745 1156 et

1041 1182 1118 1205 onus
1143 1183 1247 1204 meum
1269 1174 1342 1205 leve.
1367 1173 1534 1211 Quomodo
1556 1180 1623 1203 non
1650 1171 1746 1202 fictus

1040 1219 1147 1257 labor,
1160 1219 1217 1251 ubi
1231 1227 1297 1250 non
1308 1219 1400 1250 labor
1412 1240 1421 1257 ‚
1437 1219 1495 1250 sed
1509 1218 1641 1258 requies
1655 1218 1745 1249 inve·

1041 1264 1152 1295 uitur?

1079 1312 1111 1342 2.
1133 1311 1182 1341 lta
1206 1319 1281 1350 ergo
1294 1310 1386 1341 labor
1401 1311 1436 1341 in
1456 1311 1585 1349 lingua,
1599 1310 1665 1340 mel
1685 1310 1746 1340 sub
1783 1304 1789 1310 ’

1040 1356 1164 1396 lingua.
1187 1357 1273 1395 Quid
1293 1365 1392 1395 supra
1416 1356 1582 1394 linguam?
1597 1356 1746 1386 [neffabi-

1041 1404 1084 1433 lia
1096 1425 1104 1441 ,
1117 1412 1189 1442 quae
1199 1411 1264 1433 non
1279 1403 1359 1433 licet
1372 1403 1497 1433 homini
1507 1403 1606 1441 loqui.
1617 1402 1744 1432 Miseri!

1041 1450 1097 1488 qui
1114 1450 1218 1479 solum
1238 1449 1324 1489 quod
1343 1449 1377 1478 in
1391 1449 1501 1487 lingua
1516 1448 1624 1479 sonuit
1639 1448 1746 1478 atten-

1041 1496 1174 1534 dentes,
1193 1504 1255 1526 nec
1276 1495 1363 1534 quod
1385 1495 1445 1526 sul)
1465 1495 1575 1534 lingua
1597 1495 1746 1525 recondi-

1040 1542 1129 1579 tum,
1150 1550 1211 1571 uec
1230 1541 1315 1580 quod
1339 1549 1436 1579 supra
1463 1540 1641 1578 repositum
1662 1540 1744 1579 fuit,

1041 1595 1157 1626 capere
1179 1587 1368 1625 potuerunt.
1385 1589 1492 1617 Durus
1504 1588 1546 1617 est
1558 1587 1607 1616 liic
1625 1595 1744 1623 sermo,

1026 1633 1205 1672 linquiunt.
1228 1633 1336 1663 Durus
1362 1632 1514 1670 equidem
1529 1653 1538 1669 ,
1555 1631 1613 1661 sed
1634 1632 1744 1661 tamen

1026 1679 1128 1709 *idem
1144 1679 1194 1710 est
1207 1679 1345 1715 verbum
1360 1679 1447 1709 vitae.
1466 1679 1527 1718 Qui
1546 1687 1609 1708 ηοη
1627 1678 1745 1716 bajulat

1040 1735 1160 1755 crucem
1172 1734 1262 1756 sitam
1273 1746 1282 1763 ‚
1299 1726 1326 1755 ct
1342 1725 1478 1762 seqttilitr
1491 1732 1537 1754 me
1546 1745 1555 1762 ,
1569 1732 1632 1753 non
1643 1726 1686 1754 cst
1697 1733 1744 1753 mc

1040 1773 1159 1810 dianus.
1177 1773 1212 1802 Si·
1226 1773 1292 1809 quis
1314 1771 1396 1800 venit
1417 1771 1457 1799 ad
1478 1778 1545 1806 me,
1560 1771 1588 1798 et
1602 1777 1664 1798 non
1683 1771 1746 1799 odit

1038 1820 1160 1856 patrem
1176 1819 1204 1847 ct
1226 1818 1359 1847 matrem
1371 1837 1382 1852 ‚
1398 1815 1497 1845 adhuc
1512 1816 1615 1844 aulem
1630 1815 1660 1844 et
1679 1816 1746 1845 ani-

1040 1873 1126 1893 mam
1137 1868 1249 1900 suam,
1265 1871 1328 1892 non
1342 1863 1385 1892 est
1401 1870 1447 1891 me
1461 1862 1579 1899 (Isqmts.
1591 1860 1676 1897 Quid
1690 1860 1747 1890 du-

1040 1910 1109 1940 rius
1124 1910 1252 1948 poterat
1268 1907 1352 1938 dici?
1367 1908 1436 1937 Noli
1452 1915 1572 1937 errare.
1589 1906 1684 1944 Lapis
1699 1907 1747 1936 vi-

1042 1956 1136 1985 detur
1153 1964 1160 1983 :
1178 1954 1271 1993 panis
1285 1954 1345 1984 est.
1362 1953 1470 1982 Durus
1485 1952 1519 1981 in
1535 1952 1674 1990 cortice,
1690 1952 1747 1982 sed

1042 2001 1252 2031 suavissimus
1261 1999 1294 2029 in
1303 1999 1459 2029 medulla.
1469 1998 1584 2027 Tentat
1594 1997 1625 2027 te
1635 1998 1746 2028 Domi-
1762 2017 1767 2023 ·

1041 2055 1102 2077 nus
1129 2048 1218 2076 Deus
1244 2046 1332 2075 tuus.
1359 2044 1452 2074 Fidei
1478 2043 1688 2083 exercitatio,
1714 2045 1746 2075 et

1042 2093 1190 2132 probatio
1206 2091 1391 2122 dilectionis
1407 2091 1456 2120 est
1474 2090 1561 2119 fictio
1576 2090 1638 2120 ista
1658 2091 1746 2120 labo-

1042 2141 1097 2170 ris.
1111 2140 1184 2169 Esto
1201 2140 1310 2169 tamen
1324 2137 1408 2176 lapis
1423 2137 1474 2167 sit.
1490 2137 1573 2166 Num
1587 2136 1625 2166 tu
1642 2137 1745 2168 credis

304 2191 358 2230 jus
372 2192 491 2221 molliti
503 2191 578 2222 sunl:
592 2197 757 2219 sermones
773 2198 872 2228 super
883 2189 1009 2225 oleum3
1026 2170 1127 2224 lquod
1143 2186 1175 2215 et
1191 2185 1351 2214 daemones
1367 2181 1526 2212 credunt?
1541 2183 1576 2212 Si
1593 2182 1673 2219 filius
1689 2184 1747 2213 Dei

305 2237 365 2268 sed
386 2237 495 2266 oleum
528 2235 709 2275 peccatoris
736 2243 801 2265 non
829 2234 1012 2273 impinguet
1027 2241 1090 2269 rs>
1103 2233 1149 2261 (h'c
1163 2233 1197 2261 ut
1212 2231 1325 2269 lapides
1346 2230 1397 2260 isti
1418 2237 1513 2267 panes
1526 2228 1615 2273 flavit.
1629 2227 1745 2258 Omnes

305 2283 405 2321 caput
419 2290 541 2312 meum.
556 2281 713 2319 Corripiat
726 2289 777 2311 me
793 2280 1012 2320 magisjustus
1042 2278 1191 2308 novimus
1204 2277 1277 2315 quis
1288 2276 1349 2305 hoc
1360 2274 1456 2304 dixit.
1471 2274 1539 2303 Non
1552 2274 1679 2303 dubitat
1690 2274 1745 2303 ille

307 2328 342 2359 et
357 2327 525 2365 increpet,
546 2334 623 2355 nam
649 2327 711 2356 hoc
732 2326 767 2356 in
788 2302 1134 2363 misericordialposse
1159 2323 1226 2353 solo
1243 2322 1333 2352 dictu
1360 2319 1442 2360 (quo
1463 2319 1597 2358 quidem
1619 2319 1745 2349 facilius

309 2373 379 2405 est:
393 2380 490 2411 quam
502 2372 583 2402 illud
599 2372 706 2402 oleum
720 2372 902 2410 impinguet
915 2372 1012 2410 caput
1043 2370 1185 2400 nihilest
1196 2369 1205 2408 )
1217 2367 1374 2406 exlapide
1384 2374 1500 2405 panem
1512 2365 1618 2396 facere
1629 2373 1744 2404 ,quem

308 2426 439 2456 meum,
462 2417 497 2447 in
512 2425 575 2456 quo
591 2418 638 2447 est
651 2417 755 2447 dolus.
781 2418 897 2448 Pulcre
923 2417 1012 2448 euim
1043 2416 1145 2445 silium
1154 2415 1215 2445 Dei
1226 2422 1295 2445 esse
1305 2413 1487 2444 credit.Fas
1498 2413 1546 2442 est
1556 2413 1588 2442 et
1599 2411 1639 2442 ab
1655 2412 1743 2441 hoste

306 2472 374 2496 non
397 2464 529 2500 molles,
551 2462 608 2493 sed
632 2464 743 2493 molliti
764 2463 918 2494 dicuntur
942 2471 1013 2494 ser·
1027 2489 1029 2508 1
1044 2461 1164 2492 doceri.
1182 2461 1334 2491 Dicamus
1346 2460 1379 2490 et
1390 2467 1448 2489 nos
1460 2458 1540 2488 Filio
1551 2456 1698 2487 DeizDic
1710 2457 1745 2485 ut

307 2517 422 2541 mones
436 2509 490 2540 vel
504 2507 644 2539 suasoris
659 2508 853 2547 adulatoris,
869 2509 924 2540 vel
938 2517 1013 2539 sua-
1028 2526 1029 2550 j
1043 2508 1168 2547 lapides
1182 2508 1236 2538 isti
1253 2514 1351 2545 panes
1366 2505 1455 2535 fiant.
1470 2504 1547 2534 Nam
1563 2504 1596 2534 et
1619 2503 1676 2533 ille
1690 2502 1745 2541 qui

308 2555 392 2587 soris
408 2553 535 2593 iniqui,
551 2552 638 2592 quod
666 2552 710 2584 sit
734 2553 770 2582 in
785 2553 833 2584 eis
855 2562 920 2584 non
943 2555 1012 2584 tam
1028 2555 1029 2559 ’
1044 2554 1214 2584 hominum
1228 2553 1343 2591 utique
1355 2573 1363 2589 ,
1379 2558 1443 2581 non
1458 2550 1641 2588 daemonum
1649 2556 1746 2579 venc-

308 2610 388 2633 vera
405 2601 438 2632 et
450 2599 570 2638 solida,
583 2607 681 2639 quam
698 2599 897 2638 superducta
921 2600 955 2630 et
970 2600 1013 2629 si-
1045 2600 1095 2629 rat
1110 2600 1145 2630 in
1160 2599 1314 2635 salutem,
1332 2597 1377 2627 sic
1391 2595 1570 2625 confutavit
1598 2594 1746 2625 adversa-

660 2645 822 2686 siquidem
850 2644 912 2685 ipsi
937 2645 1011 2676 siuit
1046 2645 1131 2685 rios,
1147 2647 1186 2676 ut
1209 2645 1361 2684 parvulos
1387 2642 1544 2673 erudiret.
1566 2641 1634 2672 Non
1660 2640 1746 2671 enim

311 2648 435 2681 mulata
460 2646 601 2680 suavitas
626 2655 635 2676 ι
