1830 3073
250 213 290 243 5¹⁴

249 267 479 298 servandorum
509 267 602 299 initia
630 269 747 300 nostrae
777 276 949 298 eonversa—

250 313 349 344 iionis
363 314 508 352 exercet,
522 314 600 344 dum
613 314 719 344 adhuc
733 313 867 352 quidem
880 320 950 341 mo-

248 359 380 397 dicum,
392 358 450 390 sed
464 359 573 389 tamen
584 359 652 397 jam
672 360 784 388 lumen
809 358 844 387 in
858 357 951 386 nobis

250 405 310 434 cst.
325 404 390 435 Nisi
401 403 484 436 forte
499 413 651 443 magnum
659 412 692 434 se
699 403 814 442 putant
828 403 950 433 habere

248 450 370 489 lumen,
385 450 504 489 quibus
520 450 648 481 Veritas
666 450 734 480 ait:
752 451 830 480 Cum
844 449 952 486 seceri-

248 496 286 526 tis
299 498 404 527 omnia
417 505 485 536 quoe
496 498 647 535 proecepta
662 496 733 526 sunt
746 495 842 530 vobis,
851 495 950 531 dicite,

250 541 330 580 Quia
342 544 421 572 servi
435 543 554 572 inutiles
567 550 690 578 sumus,
706 549 774 579 quoe
794 540 951 570 debuimus

248 588 348 624 facere
361 589 498 626 fecimus.
512 588 574 617 Sed
587 586 807 625 hoc,inquies,
819 587 952 625 propter

246 629 469 663 humilitatem
499 632 628 662 monuit
660 640 729 662 esse
762 631 948 661 dicendum.

246 677 345 708 Plane
365 679 496 716 propter
516 677 756 707 humilitatem:
778 676 836 706 sed
854 685 951 706 num-

246 723 327 761 quid
356 724 464 752 contra
492 722 666 751 veritatem
680 721 692 750 ἓ
728 722 887 751 Caetcrum
923 721 949 751 si

246 768 333 797 circa
348 767 505 797 sactorum
520 775 649 805 quoque
665 766 844 797 custodIam
860 766 950 797 inve-

247 813 356 842 nimur
374 813 477 842 adhuc
494 813 766 850 negligentiores,
783 819 880 842 nemo
902 820 950 842 sa-

246 859 340 896 piens
353 866 426 887 eum
436 858 562 895 liquare
577 858 716 887 culicem
727 858 878 895 moneat,
894 858 949 896 qui

246 903 371 933 utinam
386 910 450 932 non
465 902 583 940 glutiat
603 904 658 932 vel
673 903 846 932 camelum.

706 216 737 244 5.
758 215 994 243 BERNARDI
1015 216 1208 243 ABBATis

986 268 1077 297 Volat
1093 269 1228 299 verbum
1252 269 1463 301 irrevocabile
1474 292 1483 308 ,
1499 270 1586 301 volat
1603 271 1684 300 tom-

984 320 1045 350 pus
1059 312 1278 351 irremeabile,
1293 323 1354 344 ncc
1372 315 1515 345 advertit
1526 314 1682 353 insipiens

984 357 1063 394 quid
1076 358 1215 389 amittat.
1228 360 1325 390 Libet
1339 360 1558 398 confabulari,
1573 360 1682 396 aiunt,

985 402 1086 432 donec
1114 403 1194 433 hora
1222 404 1404 441 praetereat.
1431 405 1456 434 Ο
1477 405 1580 435 donec
1600 413 1685 443 prae-

984 447 1091 478 tereat
1103 449 1185 479 hora
1202 449 1210 479 !
1231 457 1250 479 0
1270 448 1372 480 donec
1385 450 1586 489 pertranseat
1600 451 1685 480 tem—

984 493 1065 531 pus!
1083 494 1186 525 donec
1208 494 1287 524 hora
1302 495 1496 533 praetereat‘,
1510 503 1607 534 quam
1622 494 1684 525 tibi

983 540 1024 569 ad
1048 541 1205 579 agendam
1219 540 1459 579 poenitentiam,
1478 541 1518 571 ad
1531 540 1683 571 obtinen-

983 585 1058 615 dam
1073 587 1216 625 veniam,
1229 586 1271 617 ad
1291 586 1520 624 acquirendam
1535 587 1684 625 gratiam,

983 631 1023 660 ad
1062 632 1198 670 gloriam
1232 631 1482 670 promerendam
1519 632 1685 661 miseratio

982 677 1160 709 Conditoris
1193 678 1342 716 indulget
1359 679 1367 707 !
1402 678 1504 708 donec
1540 677 1685 707 transeat

982 722 1131 762 tempus,
1146 732 1209 762 quo
1231 724 1377 754 divinam
1390 723 1452 754 tibi
1472 722 1686 761 repropitiare

982 768 1144 799 debueras
1172 769 1329 807 pietatem
1342 777 1351 807 ς
1366 776 1539 807 properare
1564 767 1603 797 ad
1629 774 1686 796 an-

981 813 1120 851 gelicam
1137 814 1337 852 societatem,
1352 814 1514 851 suspirare
1529 812 1569 842 ad
1588 812 1686 842 amis·

982 866 1050 887 sam
1065 859 1303 897 haereditatem,
1318 859 1482 897 adspirare
1498 858 1538 887 ad
1548 857 1686 896 promis-

982 911 1046 932 sam
1061 903 1270 942 felicitatem3
1287 905 1431 935 excitare
1449 904 1616 934 remissam
1630 910 1687 932 vo-

286 948 316 977 2.
333 949 373 978 At
386 948 413 978 si
425 948 493 984 jam
506 956 620 978 manus
630 949 793 978 mundatae
809 947 948 987 fuerint,
982 949 1139 979 luntatem
1151 971 1161 988 ,
1186 949 1267 980 flere
1295 950 1497 980 commissam
1530 947 1687 987 iniquita-

245 1002 305 1024 nec
321 994 366 1024 sic
381 994 512 1032 quidem
525 995 677 1025 continuo
694 995 734 1024 ad
755 1002 811 1024 cor
833 996 950 1026 transi-

245 1040 318 1069 tur:
341 1040 437 1070 lahiis
457 1047 534 1070 sane
555 1040 750 1070 mundandis
771 1041 950 1071 secundum

245 1085 390 1115 studium
412 1086 445 1115 et
464 1085 573 1115 media
594 1085 778 1115 sollicitudo
799 1086 948 1116 debetur.

244 1130 337 1167 Quod
363 1131 390 1162 si
419 1131 562 1168 dixeris,
591 1132 694 1160 Rarus
723 1132 772 1160 est
801 1131 856 1169 qui
882 1139 951 1161 ser-

246 1184 359 1206 mones
373 1185 447 1208 suos
461 1177 495 1206 in
508 1177 633 1214 judicio
649 1176 821 1214 disponere
839 1176 951 1206 videa-

246 1223 387 1260 tur3vel
406 1231 448 1253 ex
462 1223 523 1253 hoc
549 1223 667 1260 disces,
691 1230 790 1260 quam
811 1222 854 1252 sit
880 1230 950 1251 rara

244 1267 418 1306 perfectio,
430 1277 505 1298 cum
519 1276 580 1298 nec
591 1267 774 1306 profectum
786 1268 951 1297 inveneris

245 1313 396 1344 omnibus
423 1322 494 1344 esse
523 1321 740 1344 communem.
766 1312 843 1350 Quis
873 1321 950 1342 sane

245 1359 406 1397 nimeret,
414 1361 549 1397 quantas
556 1358 843 1396 modicumlinguae
851 1366 952 1388 mem-

245 1403 341 1434 brum
357 1405 527 1435 contrahat
535 1405 644 1435 sordes
653 1413 661 1442 ς
670 1413 766 1443 quam
777 1404 951 1442 multiplex

245 1449 280 1478 in
295 1449 390 1479 labiis
404 1449 639 1480 incircumcisis
654 1449 863 1479 immunditia
879 1458 953 1479 coa-

245 1495 394 1533 guletur3
424 1496 547 1534 quanta
571 1496 615 1526 sit
642 1495 808 1533 pernicies
829 1496 894 1525 oris
916 1496 950 1524 in

246 1540 475 1580 circumspecti
487 1541 560 1572 ?Est
574 1541 663 1571 enim
673 1541 785 1579 lingua
801 1541 951 1572 dissoluta

245 1587 281 1616 in
293 1587 496 1618 sermonibus
511 1587 642 1625 otiosis,
659 1588 709 1617 est
722 1586 833 1624 lingua
847 1587 953 1625 impu-

246 1632 330 1670 dica,
349 1634 398 1663 est
412 1634 445 1663 et
455 1633 662 1671 magniloqua
678 1641 687 1663 ε
704 1641 840 1671 quarum
848 1634 953 1671 prima

245 1681 402 1719 lasciviae,
414 1689 552 1720 sequens
561 1681 750 1720 arrogantiae
765 1681 951 1712 famulatur.

246 1728 302 1758 Est
312 1728 413 1757 etiam
428 1727 538 1766 lingua
551 1727 662 1757 dolosa
672 1749 681 1765 ,
699 1728 733 1757 et
746 1727 827 1756 item
842 1727 952 1766 lingua

245 1773 405 1803 maledica
415 1782 423 1802 :
433 1781 570 1811 quarum
582 1773 683 1802 altera
696 1773 732 1802 in
747 1772 952 1812 falsiloquam

247 1818 280 1846 ct
289 1817 500 1847 adulatoriam
513 1818 736 1848 subdividitur
747 1827 755 1847 :
766 1819 868 1848 altera
876 1827 954 1850 vero

245 1870 332 1892 nunc
348 1863 384 1892 in
399 1862 481 1893 facie
498 1863 712 1893 contumelias
724 1863 856 1902 irrogat,
868 1872 954 1896 nunc

248 1908 392 1939 detrahit
416 1909 451 1939 in
474 1909 612 1939 occulto.
635 1909 726 1946 Quod
751 1909 779 1939 si
799 1909 840 1940 de
865 1911 967 1948 omni¹

982 995 1070 1024 tem!
1097 995 1149 1025 Sic
1168 995 1336 1033 nimirum,
1361 995 1408 1026 sic
1422 994 1591 1033 agricolae,
1612 1000 1685 1023 cum

983 1041 1040 1070 diu
1072 1040 1256 1071 desiderata
1290 1041 1424 1070 affuerit
1463 1038 1686 1078 opportunitas

983 1085 1182 1123 seminandi3
1198 1087 1244 1115 sic
1258 1085 1437 1122 vinitores,
1459 1093 1534 1115 cum
1549 1092 1686 1121 exspec-

985 1133 1086 1161 tatum
1120 1132 1250 1169 tempus
1280 1130 1458 1169 putationis
1495 1128 1685 1164 advenerim

984 1177 1148 1207 invenisse
1162 1177 1404 1214 occupationes,
1430 1176 1464 1205 et
1491 1174 1583 1213 quasi
1604 1174 1686 1204 irre-

983 1222 1252 1261 prehensibiliter
1266 1222 1336 1252 sine
1352 1229 1449 1260 opere
1461 1220 1548 1250 diem
1563 1220 1687 1249 transc-

983 1268 1066 1306 gisse
1079 1267 1249 1298 laetantur?
1260 1267 1312 1297 Sic
1328 1266 1523 1297 instantibus
1532 1264 1688 1294 nundinis

984 1314 1150 1343 institores
1178 1313 1313 1342 nectere
1349 1320 1472 1349 moras,
1504 1310 1687 1340 occasiones

983 1367 1127 1398 quaerere
1135 1359 1252 1395 solent,
1267 1366 1309 1388 ne
1318 1365 1415 1395 quem
1424 1356 1506 1386 forte
1515 1356 1575 1385 sibi
1590 1364 1632 1385 ex
1640 1356 1687 1385 eis

984 1406 1145 1443 quaestum
1165 1403 1339 1442 provenire
1356 1401 1543 1440 contingat?
1562 1401 1615 1431 Sic
1631 1401 1688 1431 dc-

984 1452 1082 1490 nique
1097 1458 1257 1490 pauperes
1271 1449 1509 1485 mendicantes,
1520 1455 1592 1477 cum
1605 1447 1687 1476 mul-

985 1498 1026 1527 tis
1041 1496 1234 1527 clamoribus
1243 1496 1394 1525 evocatus
1408 1493 1539 1523 tandem
1555 1492 1688 1522 affuerit

985 1544 1263 1581 eleemosynarum
1272 1540 1474 1577 distributor,
1492 1539 1687 1569 diverticula

985 1589 1126 1627 captant,
1139 1588 1173 1618 et
1189 1586 1456 1618 concurrentibus
1466 1585 1562 1615 sociis
1569 1592 1687 1614 vacuos

984 1635 1134 1665 ambiunt
1154 1640 1312 1671 occupare
1333 1639 1480 1661 recessus
1493 1652 1503 1668 ,
1524 1630 1558 1661 et
1576 1630 1686 1661 fovere

985 1681 1124 1710 latebras
1136 1680 1171 1709 in
1187 1678 1314 1716 angulis
1326 1677 1509 1716 platearum
1523 1675 1538 1705 ἒ

1024 1725 1055 1755 [ι.
1072 1725 1203 1755 Utinam
1225 1725 1338 1752 tamen
1358 1721 1413 1751 vel
1437 1721 1541 1750 solum
1558 1720 1687 1756 tempus

986 1771 1061 1801 vitae
1082 1770 1288 1800 amitteretur
1310 1768 1346 1797 in
1359 1766 1469 1797 verbis
1486 1766 1494 1795 ἒ
1514 1766 1572 1796 sed
1591 1765 1688 1794 multi

987 1817 1020 1847 in
1048 1817 1099 1846 his
1125 1816 1224 1846 etiam
1247 1814 1349 1843 vitam
1370 1811 1520 1842 amittere
1541 1818 1688 1848 compro-

986 1863 1126 1892 bantur:
1143 1869 1204 1891 nec
1228 1859 1323 1890 modo
1347 1858 1410 1897 ipsi
1436 1856 1606 1893 amittere,
1629 1856 1688 1886 sed

986 1909 1132 1938 adimere
1148 1914 1291 1945 quoque,
1315 1905 1349 1934 et
1363 1905 1424 1933 hoc
1438 1902 1593 1932 fratribus
1609 1902 1687 1931 suis.

248 1956 303 1984 vel
324 1955 424 1984 otioso
449 1955 550 1985 verbo
560 1976 570 1992 ‚
597 1955 825 1993 quodcumque
853 1949 967 1986 locuti*
986 1956 1034 1984 An
1063 1962 1128 1984 non
1155 1952 1310 1982 amittunt
1337 1950 1439 1980 vitam
1473 1947 1688 1984 detractores,

247 2000 371 2031 fuerint
385 2001 546 2038 homines,
561 2002 627 2031 Deo
642 2001 717 2031 sunt
730 2001 890 2031 reddituri
902 2009 955 2032 ra·
986 2001 1052 2029 Deo
1071 1998 1227 2035 odibiles,
1240 1996 1378 2027 odibiles
1393 1993 1493 2024 vitae?
1509 1993 1602 2031 Fugit
1615 1992 1689 2022 Vita

247 2046 370 2076 tionem
387 2047 420 2076 in
432 2046 627 2084 diejudicii:
643 2046 764 2084 quanto
776 2045 954 2077 districtius
986 2053 1065 2083 quos
1079 2044 1168 2074 odit:
1189 2044 1222 2073 et
1236 2050 1316 2080 quos
1329 2040 1404 2070 Vita
1419 2039 1512 2078 fugit,
1527 2038 1608 2067 mori
1630 2046 1690 2067 ne-

249 2091 290 2120 de
299 2092 399 2121 verbo
411 2092 725 2129 mendaci,mordaci
740 2093 772 2122 et
786 2091 953 2130 injurioso,

250 2136 292 2165 de
309 2138 392 2166 elato
408 2138 460 2167 vel
475 2138 616 2175 lascivo,
636 2137 677 2167 de
700 2136 880 2167 adulatorio
900 2139 954 2167 aut

251 2181 445 2212 detractorIO
454 2183 687 2219 judicabuntur
700 2182 715 2211 ’ἐ

291 2227 322 2256 5.
338 2227 439 2263 Quam
463 2236 540 2257 vera
567 2228 741 2266 sententia,
758 2228 896 2266 Fratres,
918 2229 954 2258 In

250 2272 443 2310 multiloquio
469 2281 532 2302 ἠοη
560 2274 686 2312 cffuqies
715 2276 886 2312 peccatum.
914 2274 955 2303 Ut

251 2316 341 2346 enim
367 2317 557 2354 praeteream
582 2321 717 2356 caetera,
741 2320 768 2348 si
783 2320 956 2358 propterea

251 2362 388 2392 otiosum
402 2363 451 2392 est
464 2363 613 2400 verbum,
625 2365 710 2401 quod
722 2365 846 2394 nullam
857 2365 957 2395 ratio-

251 2408 394 2438 nabilem
423 2416 552 2438 causam
575 2409 715 2439 habeat:
731 2419 829 2448 quam
857 2411 958 2440 ratio-

252 2462 328 2484 nem
342 2454 382 2483 de
399 2461 436 2483 eo
453 2453 590 2483 reddere
602 2454 790 2493 poterimus,
810 2455 895 2493 quod
909 2457 957 2486 cst

252 2500 370 2536 praeter
381 2497 542 2527 rationem
557 2497 679 2527 iNemo
694 2500 839 2528 vestrum
852 2521 862 2536 ,
882 2500 957 2529 Fra-

253 2545 332 2581 tres,
357 2544 449 2581 parvi
475 2542 615 2572 aestimet
638 2544 780 2581 tempus,
806 2544 894 2581 quod
922 2545 956 2573 in

254 2588 365 2618 verbis
393 2587 591 2618 consumitur
616 2587 726 2617 otiosis
751 2596 759 2616 ε
796 2588 956 2625 siquidem

987 2099 1075 2120 cesse
1091 2090 1151 2119 est.
1168 2089 1215 2118 An
1230 2095 1294 2117 non
1316 2087 1349 2116 ct
1370 2086 1440 2123 ipse
1463 2083 1618 2120 moritur,
1634 2082 1690 2120 qui

989 2143 1151 2167 venenum
1166 2134 1267 2170 bibit,
1283 2131 1370 2170 quod
1384 2130 1415 2160 ei
1431 2128 1615 2159 malesuada
1636 2128 1691 2157 de<

989 2182 1134 2212 tractoris
1148 2180 1257 2217 lingua
1268 2176 1437 2216 propinat?
1452 2175 1612 2213 siqnidem
1625 2174 1691 2204 fur-

989 2227 1048 2257 tim
1064 2226 1095 2257 ei
1110 2224 1296 2255 dilectionis
1315 2223 1384 2252 vita
1405 2220 1608 2251 subtrahitur
1625 2228 1632 2247 :
1657 2221 1691 2248 et

989 2271 1065 2302 dum
1091 2270 1209 2306 nescit,
1237 2268 1395 2307 paulatim
1424 2266 1459 2295 in
1487 2273 1526 2295 eo
1549 2264 1691 2294 fraterna

989 2316 1106 2347 caritas
1118 2315 1312 2352 refrigescit.
1329 2312 1506 2343 Auditurus
1528 2311 1577 2340 cst
1597 2309 1692 2338 sorsi-

989 2364 1044 2393 tan
1059 2362 1129 2400 ipse
1154 2368 1282 2399 quoque
1303 2359 1356 2389 cui
1378 2356 1571 2388 detrahitur.
1591 2355 1692 2384 L‘ndi-

990 2416 1051 2447 que
1067 2407 1155 2437 enim
1176 2406 1276 2436 verba
1300 2404 1428 2440 volant,
1459 2404 1492 2432 ct
1516 2400 1691 2431 multorum

990 2453 1080 2491 prius
1101 2460 1155 2482 ora
1170 2458 1275 2481 sermo
1297 2448 1535 2488 pertransiens,
1557 2445 1691 2476 difficile

991 2499 1061 2528 ficri
1084 2498 1192 2536 potest
1219 2496 1300 2534 quin
1328 2494 1528 2533 singulorum
1550 2489 1692 2521 creverit

991 2544 1127 2581 linguis,
1148 2543 1181 2572 et
1198 2541 1290 2580 quasi
1303 2535 1369 2578 jam
1384 2537 1556 2577 provectus
1571 2534 1692 2564 resera-

990 2590 1044 2618 tur
1059 2589 1099 2617 ad
1115 2596 1203 2623 eum,
1219 2586 1260 2616 ad
1278 2586 1370 2623 cujus
1385 2583 1507 2621 spectat
1522 2580 1687 2610 ostensam.

254 2635 382 2674 tempus
398 2633 597 2673 acceptabile
612 2634 671 2670 est,
689 2633 721 2663 et
742 2632 811 2664 dies
831 2633 953 2663 salutis.
970 2618 975 2670 Ξ
992 2634 1102 2672 ltaque
1125 2630 1392 2662 scandalizabitur
1411 2627 1562 2666 audiens,
1587 2626 1620 2657 ct
1643 2625 1692 2655 ta-
