1830 3073
509 194 564 222 DE
586 189 798 221 DlVERSIS
819 187 969 216 SERMO
995 187 1116 216 xxvi.

112 252 232 285 ‹livinae
247 249 297 293 (ut
312 249 444 289 dig-num
466 247 528 288 est)
542 246 686 285 subjecta
701 245 742 275 sit
752 252 808 274 vo-

111 299 242 336 luntati,
258 297 342 328 sicut
357 295 402 326 ait
416 295 579 332 Propheta
597 302 605 322 ε
623 294 731 323 Itomae
743 293 808 321 Deo

108 345 244 383 subjecta
267 344 324 373 erit
344 343 451 372 anima
476 340 567 371 mea?
592 339 663 369 Scio
678 336 808 376 quidem

111 392 290 420 creaturam
306 395 449 425 omnem,
464 386 559 423 velit,
572 384 666 423 nolit,
683 382 809 419 subjec-

111 436 178 464 tam
194 442 263 464 esse
273 433 434 463 Creatori:
450 432 507 462 sed
522 440 540 461 a
556 431 701 461 creatura
712 428 810 460 ratio-

110 479 178 509 nali
199 478 381 509 voluntaria
401 476 559 515 subjectio
578 475 753 514 quaeritur,
773 474 810 505 ut

111 523 292 554 voluntarie
308 523 467 555 sacrificet
480 522 616 553 Domino
627 542 637 559 ,
654 519 688 550 et
712 520 810 549 confi-

110 571 218 600 teatur
234 569 358 600 nomini
376 568 446 606 ejus
463 577 471 598 1
490 576 556 598 11011
573 566 648 605 quia
662 565 809 595 terribile

111 615 145 644 et
163 615 327 652 sanctum,
342 622 407 644 non
421 613 498 652 quia
516 611 736 649 omnipotens,
753 609 810 640 sed

111 659 188 698 quia
209 660 331 690 bonum
355 659 415 689 est.
431 659 472 689 At
484 666 561 689 vero
573 656 810 694 subjectionem

112 706 206 736 istam
229 705 393 743 triplicem
421 711 492 733 esse
515 706 649 733 necesse
671 702 720 731 est
742 710 750 730 :
774 702 811 731 ut

111 750 195 788 quod
207 750 332 781 certum
345 749 393 779 est
403 749 507 778 Deum
518 748 618 785 velle,
633 747 667 777 id
681 754 738 776 nos
752 755 811 777 ve-

108 795 206 824 limus
214 794 344 824 omnino
360 801 368 821 :
386 793 420 822 et
434 792 520 831 quod
535 792 658 822 certum
672 792 721 821 est
735 799 810 821 eum

109 840 218 875 nolle,
243 838 396 869 similiter
424 844 632 868 exsecremur
656 835 690 866 et
713 844 771 866 nos
801 844 809 864 t

109 884 196 923 quod
215 885 326 915 autem
341 883 504 912 incertum
527 882 577 912 est
595 881 706 911 utrum
729 881 811 911 velit

111 938 152 960 an
168 929 262 967 nolit,
278 936 386 967 neque
400 928 542 958 velimus
554 935 597 957 ex
610 927 690 965 toto,
705 934 810 964 neque

112 975 241 1013 penitus
262 981 328 1005 non
349 974 504 1004 velimus.
519 973 581 1003 Hic
602 973 711 1011 certe,
736 973 812 1002 Fra-

112 1023 191 1058 tres,
208 1021 241 1050 in
255 1020 317 1050 hoc
328 1019 435 1049 medio
447 1018 552 1048 totum
566 1017 752 1055 perieulum
764 1018 812 1048 est

113 1066 367 1103 Religiosorum,
389 1063 467 1093 dum
490 1063 669 1093 infeliciter
683 1062 813 1092 blandi-

113 1119 185 1140 mur
199 1110 303 1147 nobis,
317 1110 350 1139 et
360 1107 528 1147 palpantes
543 1107 729 1137 seducimus
742 1115 814 1136 nos-

116 1156 281 1193 metipsos.
304 1155 389 1184 Hinc
409 1153 546 1190 accidit,
573 1153 611 1182 ut
632 1152 814 1182 dissimule-

115 1209 186 1230 mus
195 1199 325 1229 Domini
341 1206 486 1236 quaerere
499 1196 718 1234 voluntatem,
735 1197 812 1226 dum

114 1246 148 1275 et
162 1245 303 1274 nostram
319 1243 424 1273 facere
435 1263 444 1279 ,
461 1241 494 1272 et
508 1241 650 1279 aliquam
666 1241 706 1270 de
721 1240 813 1278 igno-

114 1290 218 1320 rantia
244 1289 364 1319 habere
378 1288 530 1318 volumus
551 1286 810 1316 excusationem.

113 1334 190 1372 Quis
206 1335 298 1365 enim
322 1334 372 1364 est
395 1333 452 1363 ille
473 1333 539 1363 tam
560 1331 679 1362 infelix
702 1339 813 1360 mona-

115 1381 197 1410 chus
207 1401 216 1418 ‚
231 1380 286 1418 qui
303 1379 338 1409 id
350 1379 436 1408 nolle
452 1377 588 1415 audeat,
603 1375 691 1414 quod
705 1377 813 1406 certus

115 1428 164 1457 est
172 1427 274 1457 Deum
283 1426 368 1457 velle
379 1433 388 1463 ς
399 1424 454 1454 3111
465 1423 551 1462 quod
560 1423 667 1453 certus
679 1421 727 1452 est
738 1430 812 1452 eum

113 1473 212 1510 nolle,
230 1471 263 1500 id
276 1470 363 1501 velle
375 1468 568 1508 praesumat?
583 1468 646 1498 Sed
657 1467 691 1497 in
706 1468 813 1498 medio

113 1518 298 1556 periculum
319 1516 369 1546 est
384 1516 454 1553 his,
472 1515 528 1554 qui
547 1514 614 1552 jam
634 1514 754 1552 egressi
774 1514 813 1544 de

115 1564 251 1600 saeculo,
267 1562 301 1591 in
323 1562 394 1592 1000
419 1560 637 1592 conversionis
653 1560 812 1597 habitant,

114 1611 279 1646 tamquam
294 1608 329 1638 in
348 1607 497 1646 paradiso
513 1606 688 1645 voluptatis
705 1614 713 1635 ε
731 1606 815 1636 510111

116 1655 149 1683 111
165 1653 273 1683 medio
287 1653 428 1691 paradisi
442 1653 567 1691 lignum
587 1651 815 1690 transgressio--

115 1699 165 1729 nis
189 1699 329 1738 positum
354 1699 445 1736 erat,
467 1699 504 1728 in
527 1706 591 1736 quo
611 1697 815 1736 praevaricati

116 1744 191 1773 sunt
211 1744 362 1782 parentes
383 1743 500 1782 primi3
522 1743 646 1781 lignum
670 1743 815 1773 scientiae

116 1788 192 1818 boni
204 1789 321 1818 etmali
334 1796 344 1826 3
357 1797 423 1818 non
434 1782 562 1819 tantum
574 1788 664 1827 boni,
673 1788 727 1819 vel
738 1788 816 1818 mali

118 1834 233 1871 solius,
251 1834 308 1864 sed
322 1834 398 1864 110111
414 1834 448 1864 01
462 1834 553 1864 111311.

159 1880 190 1908 5.
207 1879 380 1917 Propterea
394 1887 469 1917 rogo
484 1886 553 1918 vos,
568 1878 696 1910 Fratres
708 1901 717 1917 ,
740 1878 817 1909 dili-

117 1926 234 1962 genter
255 1924 433 1962 attendite,
457 1924 534 1963 quia
555 1925 641 1954 nihil
655 1924 738 1954 mihi
763 1933 818 1955 oc-

117 1971 219 2001 currit
236 1971 321 2009 quod
340 1970 456 2001 utilius
469 1970 599 2009 possitis
613 1971 738 2000 audire.
754 1971 815 2000 Ubi

117 2017 205 2046 certa
222 2016 270 2046 051
292 2015 353 2045 Dei
366 2016 534 2054 voluntas,
550 2016 683 2046 omnino
706 2016 816 2046 nostra

118 2064 273 2102 sequatur
286 2085 295 2101 ,
315 2064 350 2093 in
370 2062 422 2094 his
442 2063 620 2102 videlicet,
636 2063 677 2094 de
700 2064 817 2102 quibus

118 2109 243 2139 certum
257 2109 378 2148 aliquid
389 2110 424 2139 in
434 2109 608 2148 Scripturis
618 2110 817 2149 invenimus,

119 2155 176 2184 3111
193 2155 264 2192 ipse
284 2155 424 2193 Spiritus
446 2154 616 2185 manifeste
638 2155 755 2185 clamat
782 2155 817 2185 in

119 2201 268 2231 cordibus
288 2200 406 2231 nostris
426 2201 505 2239 quid
526 2201 734 2232 sentiendum
757 2201 817 2240 sit,

121 2247 156 2276 ut
171 2246 219 2276 051
231 2246 365 2284 caritas,
378 2246 566 2284 humilitas,
583 2243 724 2284 castitas,
740 2247 818 2277 obe-

121 2291 243 2321 dientia
254 2312 264 2328 ,
289 2292 478 2329 caeteraeque
492 2291 650 2329 virtutes3
667 2292 736 2322 haec
762 2300 819 2331 ap-

121 2336 292 2371 probemus
315 2336 536 2366 indubitanter
558 2337 593 2366 et
612 2337 817 2376 appetamus,

123 2388 193 2415 «11110
215 2381 343 2417 placere
358 2381 425 2411 Deo
443 2382 563 2412 scimus
582 2382 817 2413 indubitanter.

125 2426 175 2453 τ-10
201 2427 233 2455 ct
255 2433 294 2455 03
315 2427 505 2457 omnimodis
519 2427 624 2458 odisse
643 2428 818 2466 debemus,

124 2471 163 2499 de
187 2471 304 2509 quibus
326 2472 450 2501 certum
472 2473 521 2503 est
543 2473 629 2512 quod
657 2474 761 2504 oderit
782 2484 819 2505 03

124 2516 228 2553 neus,
244 2517 281 2546 ut
297 2516 345 2546 051
361 2517 534 2556 apostasia,
551 2518 738 2557 fornicatio,
758 2520 820 2550 ini-

123 2560 247 2598 qnitas,
263 2561 477 2600 impatientia.
494 2564 528 2592 ln
544 2563 594 2592 his
609 2572 684 2593 vero
705 2564 818 2605 rebus,

126 2604 163 2636 dc
185 2605 302 2642 quibus
326 2607 407 2636 nihil
432 2609 510 2638 certi
535 2617 703 2647 possumus
727 2610 819 2642 inve-

1495 204 1533 221 vlt)

840 242 912 271 nire
925 263 934 278 ,
949 241 1039 271 nihil
1063 241 1185 271 certum
1201 239 1349 271 voluntas
1364 244 1468 273 nostra
1486 245 1543 273 ‹le-

841 287 931 317 finiat
947 296 955 317 :
975 287 1032 318 sed
1047 286 1148 324 magis
1163 285 1304 323 pendeat
1320 288 1405 316 inter
1420 290 1544 319 utrum..

841 341 920 371 que,
937 333 994 362 aut
1010 332 1126 363 saltem
1142 329 1251 360 neutri
1272 331 1357 367 parti
1377 333 1473 363 nimis
1485 334 1543 364 ad-

841 378 974 415 haereat,
987 377 1132 415 cogitans
1146 383 1288 414 semper,
1298 383 1339 404 110
1352 375 1433 406 sorte
1441 378 1542 408 altera

840 431 913 461 pars
927 424 995 453 Deo
1006 422 1108 461 magis
1116 421 1244 460 placeat
1256 429 1264 458 ;
1276 420 1310 450 et
1323 421 1428 458 parati
1444 422 1544 451 simus

840 469 1044 499 voluntatem
1061 467 1132 505 ejus
1148 466 1240 505 sequi
1255 466 1290 495 in
1305 473 1544 504 quamcumque

840 514 967 552 partem
1001 521 1075 544 eam
1100 511 1348 551 cognoverimus
1376 511 1539 541 inc-linari.

840 561 939 590 Nemo
953 568 1050 598 super
1060 558 1113 589 his
1123 567 1195 597 quae
1207 557 1295 588 certa
1307 557 1382 587 sunt
1392 556 1541 587 haesitet:

841 614 937 636 nemo
952 605 1052 636 dubia
1067 613 1126 644 pro
1141 603 1239 634 certis
1254 602 1405 633 admittat
1420 611 1427 631 :
1445 610 1541 632 nemo

842 652 905 682 sibi
919 652 955 682 in
968 652 1078 682 dubiis
1090 650 1251 688 judicium
1260 649 1419 687 vindicet,
1434 648 1548 686 praeci—

841 698 965 736 pitetve
975 696 1173 728 sententiam
1183 704 1191 734 ;
1202 695 1236 725 et
1244 695 1454 734 experiemur
1461 692 1546 732 quod

841 743 1001 782 scriptum
1015 742 1065 773 est
1077 751 1086 771 ι
1100 744 1173 773 Pam
1187 741 1286 773 malta
1301 739 1492 779 ‹liliqentibus
1505 739 1547 768 le-

842 798 907 827 90111
923 791 1010 819 tuam
1022 809 1032 825 ,
1043 789 1194 824 Domine,
1209 788 1238 816 et
1251 795 1315 816 uon
1326 787 1368 816 est
1382 786 1442 815 illis
1455 793 1547 815 scan-

842 835 959 865 dalum.
974 834 1067 864 Unde
1084 833 1175 863 enim
1188 832 1264 862 sunt
1283 830 1448 868 scandala,
1459 829 1545 860 unde

842 879 987 910 turbatio
997 901 1006 918 ,
1021 879 1084 910 nisi
1099 878 1185 917 quod
1200 877 1364 917 propriam
1377 876 1548 915 sequimur

843 926 1062 963 voluntatem,
1080 926 1114 956 et
1135 925 1261 955 temere
1283 923 1369 962 quod
1392 924 1546 953 volumus

843 971 878 1002 in
890 972 984 1002 corde
996 971 1104 1001 nostro
1119 969 1324 1008 definientes,
1340 969 1367 999 si
1379 977 1442 1007 quo
1455 969 1548 998 modo

844 1017 878 1047 id
901 1017 1071 1055 prohiberi
1101 1016 1267 1054 contingat
1291 1015 1347 1045 aut
1371 1015 1546 1053 impediri,

845 1063 998 1092 continuo
1006 1062 1105 1092 etiam
1115 1061 1149 1090 in
1157 1060 1410 1098 impatientiam,
1420 1060 1454 1089 in
1462 1068 1551 1089 mur-

845 1108 1062 1138 murationem
1078 1107 1111 1136 et
1130 1107 1165 1136 in
1180 1105 1368 1135 scandalum
1383 1104 1478 1143 proni
1493 1113 1548 1134 su—

846 1160 936 1190 mus,
951 1161 1016 1182 non
1031 1151 1256 1188 attendentes,
1271 1150 1424 1188 quoniam
1439 1151 1549 1180 omnia

847 1198 1061 1235 cooperantur
1081 1197 1117 1226 in
1131 1197 1254 1226 bonum
1274 1196 1344 1233 1115,
1360 1197 1417 1234 qui
1432 1205 1550 1227 secun—

846 1242 922 1272 dum
937 1242 1138 1280 propositum
1155 1241 1263 1272 vocati
1284 1241 1361 1271 sunt
1374 1242 1475 1272 sancti
1495 1251 1502 1270 :
1517 1244 1550 1272 et

846 1288 933 1326 ipse,
956 1288 1013 1326 qui
1035 1287 1129 1317 1101115
1150 1295 1241 1317 035115
1261 1286 1392 1318 videtur
1405 1308 1414 1323 ,
1443 1295 1548 1317 sermo

845 1333 977 1371 quidam
1001 1332 1063 1362 Dei
1086 1332 1153 1371 est,
1175 1340 1268 1363 suam
1286 1331 1381 1361 nobis
1401 1331 1550 1362 indicans

846 1377 1066 1409 voluntatem?
1077 1377 1117 1408 At
1124 1378 1322 1416 quicumque
1330 1376 1415 1406 nihil
1424 1377 1549 1408 certum

846 1424 886 1453 de
901 1423 1087 1461 huiusmodi
1099 1423 1133 1453 in
1149 1423 1244 1453 corde
1260 1430 1317 1452 suo
1332 1422 1477 1460 posuerit
1491 1431 1499 1460 3
1515 1424 1550 1452 in

846 1477 1084 1507 quamcumque
1109 1469 1236 1508 partem
1251 1467 1363 1507 postea
1377 1468 1550 1499 converta-

847 1516 909 1553 tur,
920 1515 1128 1546 scandalizari
1139 1522 1203 1545 non
1214 1514 1347 1552 poterit.
1358 1514 1422 1543 Aut
1435 1514 1462 1545 si
1471 1514 1549 1552 quid

847 1563 953 1593 facere
968 1563 1098 1601 cogitat,
1113 1563 1201 1593 unde
1216 1562 1405 1592 mandatum
1421 1563 1548 1592 certum

847 1609 1032 1647 nonhabet,
1048 1609 1075 1639 si
1090 1608 1292 1639 voluntatem
1308 1615 1400 1638 suam
1414 1616 1550 1646 suspen-

847 1663 912 1685 sam
921 1655 1078 1693 tenuerit,
1092 1654 1194 1684 donec
1206 1654 1377 1684 Praelatum
1393 1662 1487 1683 suum
1503 1653 1552 1682 in-

847 1700 1008 1740 terroget,
1023 1701 1057 1731 et
1077 1701 1117 1730 ab
1140 1708 1178 1730 eo
1199 1699 1322 1738 quaerat
1340 1699 1472 1729 Domini
1493 1707 1552 1729 vo-

848 1747 1025 1785 luntatem,
1048 1746 1103 1776 cui
1116 1745 1190 1776 vice
1210 1745 1313 1783 ipsius
1336 1744 1466 1782 obedit3
1486 1753 1550 1774 11011

849 1791 1095 1822 conturbabitur
1104 1790 1262 1830 quiequid
1274 1790 1304 1820 ei
1316 1790 1525 1828 praecipiatur
1541 1798 1550 1819 z

849 1836 1001 1874 quoniam
1026 1844 1104 1867 vere
1125 1843 1191 1874 pax
1214 1835 1317 1865 multa
1340 1834 1551 1872 diligentibus

851 1883 954 1921 legem
969 1881 1121 1919 Domini,
1139 1882 1172 1912 et
1186 1888 1251 1913 non
1267 1881 1316 1911 est
1334 1880 1399 1912 illis
1417 1880 1552 1911 scanda-

849 1929 928 1958 lum.

888 1973 920 2004 [ι.
936 1974 1033 2004 Porro
1048 1972 1134 2012 quod
1149 1972 1217 2003 dixi
1234 1995 1242 2011 ,
1258 1972 1459 2003 voluntatem
1482 1981 1552 2003 sus-

848 2027 982 2058 pensam
1002 2020 1134 2056 teneat,
1159 2019 1214 2048 aut
1238 2019 1439 2049 voluntatem
1460 2027 1549 2048 5113111

849 2065 969 2096 divinae
983 2064 1135 2102 subjiciat
1148 2064 1306 2095 voluntati
1317 2073 1326 2102 3
1339 2073 1404 2094 non
1419 2064 1459 2094 de
1476 2072 1552 2093 con-

850 2111 1060 2149 cupiscentiis
1070 2109 1317 2148 desideriorum,
1326 2118 1391 2139 non
1403 2110 1443 2139 de
1459 2110 1554 2139 affec-

850 2156 993 2187 tionibus
1022 2156 1106 2186 dico.
1134 2156 1220 2186 Illud
1242 2155 1330 2186 enim
1353 2156 1551 2194 impossibile

851 2202 910 2240 est,
927 2202 1005 2232 dum
1020 2202 1125 2232 adhuc
1145 2201 1180 2231 in
1195 2202 1255 2231 hoc
1267 2202 1393 2240 peccati
1406 2210 1552 2239 corpore,

849 2246 884 2276 in
895 2247 956 2278 hoe
972 2255 1106 2286 corpore
1121 2246 1235 2278 mortis
1252 2247 1360 2277 anima
1376 2247 1552 2277 detinetur.

849 2293 933 2331 Quid
945 2293 1033 2324 enim
1042 2293 1128 2324 esset
1136 2293 1225 2323 aliud
1236 2301 1333 2332 quam
1339 2293 1408 2323 vita
1419 2301 1553 2330 aeterna,

850 2339 918 2369 tota
933 2339 1110 2370 affectione
1126 2339 1272 2370 divinam
1285 2340 1319 2369 in
1334 2339 1486 2369 omnibus
1502 2348 1552 2368 sc—

851 2385 907 2423 qui
925 2384 1151 2416 voluntatem?
1177 2385 1239 2415 Sed
1263 2393 1456 2415 consensum
1479 2392 1552 2414 1105-

851 2431 937 2460 trum
951 2438 1084 2461 necesse
1101 2430 1151 2460 est
1174 2430 1295 2461 divinae
1317 2430 1479 2467 subjicere
1496 2438 1552 2459 vo-

851 2476 988 2515 luntati,
1013 2477 1039 2507 si
1054 2485 1168 2515 pacem
1190 2477 1344 2507 aeternam
1355 2496 1364 2513 ,
1389 2476 1416 2505 si
1440 2483 1551 2513 paceni

852 2522 1074 2554 desideramus
1099 2523 1221 2553 habere
1242 2520 1434 2560 praesentem
1446 2541 1454 2553 ,
1470 2520 1554 2549 510111

853 2567 1009 2607 scriptum
1033 2568 1081 2598 est
1096 2576 1104 2598 :
1132 2569 1245 2598 Pacem
1267 2575 1368 2598 meam
1397 2567 1433 2595 do
1449 2566 1532 2595 vobis
1543 2587 1552 2599 ,

834 2639 836 2641 .
852 2621 956 2650 pacem
971 2613 1109 2652 relinquo
1125 2613 1219 2644 vobis.
1242 2612 1390 2647 Domine,
1414 2609 1458 2639 ait
1479 2610 1559 2639 Prwr
