1810 3073
275 208 334 240 {78

273 271 439 303 speramus
459 262 541 296 mira
557 266 731 304 serenitas,
753 268 849 305 plena
871 265 978 296 suavi-

272 312 338 349 tas,
364 312 484 342 aeterna
519 312 686 342 securitas.
719 313 863 341 Primum
896 310 977 339 illud

272 356 371 388 faciet
390 359 512 388 veritas
532 358 636 395 Deus,
660 357 837 387 secundum
862 356 978 386 caritas

269 401 375 441 Deus,
397 403 532 434 tertium
554 412 679 433 summa
700 403 842 440 potestas
865 403 976 431 Deus:

269 449 306 478 ut
320 450 362 479 sit
375 450 462 480 Deus
486 449 594 480 omnia
609 449 643 478 111
659 449 826 485 omnihus,
849 448 976 477 ratione

270 496 450 533 recipiente
463 496 570 525 lucem
583 494 888 532 inexstinguibilem
899 515 907 531 ,
922 501 978 523 vo-

268 540 394 571 luntate
409 550 523 580 pacem
544 540 848 580 imperturbabilem
865 547 978 569 conse-

269 588 410 625 quente,
427 587 583 616 memoria
606 586 688 616 fonti
712 585 917 615 indeficienti
933 594 977 615 ae—

268 633 438 662 terualiter
450 633 642 662 inhaerente.
654 631 809 661 Videritis
821 639 877 661 vos
886 653 895 668 ,
906 639 977 660 rec-

268 678 343 707 tene
357 679 499 716 primum
512 677 593 707 illud
606 678 686 707 Filio
696 700 704 715 ,
718 677 853 715 Spiritui
867 678 975 707 sancto

269 731 425 761 sequens,
440 724 527 754 Patri
552 724 705 754 ultimum
723 723 912 761 assignetis,
929 723 974 752 sic

267 767 377 799 tamen
401 771 438 799 ut
461 769 546 799 nihil
571 769 687 798 horum
713 769 768 798 vel
792 768 898 806 Patri,
921 769 975 798 vel

266 816 366 854 Filio,
393 817 445 846 vel
472 815 608 853 Spiritui
624 815 733 844 sancto
757 814 973 852 subtrahatis3

269 870 310 892 116
325 862 376 892 6111
393 862 475 892 forte
498 868 706 899 personarum
721 861 776 889 aut
796 860 975 897 plenitudi-

268 916 342 938 nem
358 907 483 937 minuat
504 906 687 943 distinctio,
713 906 768 934 aut
793 905 974 943 proprieta-

268 954 335 982 tem
357 953 451 982 tollat
466 951 635 989 perfectio,
659 951 761 980 Simul
783 951 816 980 et
836 951 897 979 hoc
919 951 974 980 ad-

268 998 410 1035 vertite,
426 996 504 1035 quid
529 996 636 1025 simile
659 996 717 1025 filii
742 996 840 1033 hujus
865 997 973 1026 saeculi

267 1043 482 1082 experiantur
505 1042 546 1072 de
583 1042 688 1072 carnis
720 1041 905 1079 illecebris,
935 1043 973 1072 de

266 1089 380 1119 mundi
403 1087 613 1128 spectaculis,
629 1089 662 1118 et
677 1088 717 1118 de
742 1088 867 1126 pompis
889 1089 974 1118 sata-

266 1143 339 1166 nae:
364 1144 438 1165 cum
459 1136 571 1165 tamen
593 1134 654 1164 hoc
675 1134 780 1164 totum
805 1134 865 1172 sit,
888 1135 972 1164 unde

265 1182 335 1212 vita
360 1190 502 1220 praesens
524 1180 632 1211 eludit:
658 1180 794 1210 miseros
815 1181 974 1210 amatores

265 1237 354 1266 suos,
384 1229 515 1258 dicente
540 1228 687 1257 Johanne
720 1235 728 1255 ε
764 1229 913 1266 Quicquid
942 1229 972 1256 in

264 1277 378 1305 ’1111111110
394 1276 455 1311 est,
477 1275 718 1312 concupiscentia
741 1275 844 1303 carnis
866 1275 926 1310 cst,
947 1276 974 1303 et

266 1322 506 1359 concupiscentia
527 1321 703 1356 oculorum,
726 1321 753 1349 et
772 1319 898 1350 ambitio
918 1328 970 1350 516-

263 1368 336 1397 culi.
353 1368 428 1396 Haec
446 1366 485 1396 (16
501 1365 737 1404 redemptionis
750 1365 871 1396 fructu.

311 1414 341 1442 7.
365 1414 401 1442 In
424 1413 517 1442 modo
542 1420 690 1450 quoque,
710 1420 824 1450 quem,
841 1413 867 1442 si
881 1420 973 1442 reco-

262 1458 349 1496 litis,
365 1459 427 1488 Dei
450 1466 519 1488 esse
536 1457 795 1487 exinanitionem
816 1457 972 1487 diffinivi-

264 1513 355 1542 mus,
370 1504 432 1533 tria
442 1505 521 1533 item
534 1503 697 1541 praecipue
710 1503 804 1533 vohis
817 1503 972 1533 intuenda

266 1550 468 1581 commendo.
486 1551 552 1579 Non
570 1549 658 1578 enim
680 1548 820 1586 simplex
836 1550 891 1578 aut
905 1557 972 1578 mo-

265 1595 336 1635 djca
353 1596 409 1626 illa
435 1595 614 1625 exinanitio
638 1594 699 1624 fuit
715 1603 723 1621 :
741 1594 798 1624 sed
820 1595 971 1632 semetip-

263 1650 336 1671 sum
363 1641 548 1671 exinanivit
571 1648 675 1678 usque
701 1639 741 1669 ad
767 1648 916 1678 carnem,
932 1641 969 1669 ad

262 1689 402 1717 mortem
413 1709 422 1724 ,
433 1686 472 1715 ad
488 1693 631 1715 crucem.
644 1686 723 1722 Quis
735 1685 831 1723 digne
844 1687 970 1724 penset,

265 1735 392 1771 quantae
408 1732 508 1763 fuerit
522 1732 718 1761 humilitatis
730 1755 739 1769 ,
753 1732 972 1761 mansuetudi-

263 1780 334 1818 nis,
358 1779 573 1818 dignationis,
595 1779 771 1808 Dominum
793 1777 971 1816 majestatis

265 1835 360 1857 carne
389 1826 499 1864 indui,
523 1826 673 1855 mulctari
699 1826 820 1862 morte,
846 1827 969 1864 turpari

265 1872 386 1903 cruce?
409 1873 472 1903 Sed
495 1873 576 1902 dicit
606 1872 750 1910 aliquis:
773 1872 841 1901 Non
868 1872 970 1902 valuit

265 1927 344 1957 opus
356 1928 451 1949 suum
465 1926 616 1957 reparare
629 1918 760 1947 Creator
774 1918 895 1955 absque
912 1918 971 1948 ista

264 1964 480 1995 difficultate?
504 1964 631 2001 Valuit,
665 1964 722 1993 sed
751 1963 867 1993 maluit
898 1973 969 1994 cum

262 2010 385 2048 injuria
399 2011 449 2040 sui
459 2032 468 2048 ,
482 2018 525 2040 ne
536 2009 713 2048 pessimum
725 2010 822 2047 atque
839 2009 970 2039 odiosis<

262 2057 382 2086 simum
391 2056 507 2086 vitium
518 2055 760 2094 ingratitudinis
771 2056 971 2086 occasionem

262 2103 348 2132 ultra
374 2102 535 2141 reperiret
558 2102 592 2131 in
615 2101 759 2131 homine.
781 2102 864 2131 Sane
889 2103 973 2131 mul-

264 2148 334 2177 tum
353 2148 550 2186 fatigationis
569 2148 758 2186 assumpsit,
779 2157 843 2186 quo
861 2149 972 2178 multae

264 2192 450 2224 dilectionis
474 2194 643 2224 hominem
672 2194 854 2224 debitorem
882 2195 973 2224 tene-

264 2240 333 2275 ret,
349 2240 630 2278 commoneretque
647 2240 821 2278 gratiarum
836 2240 972 2271 actionis

265 2283 438 2314 difficultas
464 2286 717 2323 redemptionis,
741 2294 838 2324 quem
864 2286 971 2316 minus

749 213 779 241 S.
807 210 1041 241 BERNARDI
1065 211 1261 240 ABBATIS

1012 265 1186 295 creationis
1200 266 1373 297 attenuans
1387 264 1528 299 humana
1550 265 1716 307 impietas,

1012 309 1256 346 ingratitudinis
1270 313 1440 342 materiam
1455 313 1531 344 inde
1552 315 1717 353 sumebat,

1011 354 1095 384 unde
1111 356 1230 386 amorIs
1253 364 1383 387 causam
1399 358 1519 389 habere
1539 359 1716 398 debuerat,

1011 399 1108 438 idque
1135 401 1177 430 ad
1200 403 1403 433 excusandas
1428 405 1654 436 excusationes
1680 405 1714 436 in

1011 446 1163 482 peccatis.
1177 446 1240 476 Sed
1254 447 1456 478 obstructum
1468 450 1517 479 est
1531 458 1565 480 os
1580 450 1715 489 loquen-

1012 491 1093 520 tium
1110 491 1235 529 iniqua.
1252 492 1337 522 Luce
1355 493 1471 524 clarius
1486 495 1595 533 patet,
1610 503 1713 533 quan-

1011 536 1079 564 tum
1093 536 1187 566 modo
1200 545 1259 574 pro
1274 538 1307 566 te
1317 559 1326 574 ,
1343 545 1361 567 o
1376 538 1490 576 1101110,
1506 539 1714 577 dispendium

1010 580 1089 611 fecit
1112 591 1120 610 τ
1147 582 1188 612 (16
1218 582 1358 612 Domino
1386 592 1520 620 servus,
1545 585 1585 614 (16
1612 584 1716 615 divite

1010 636 1150 666 pauper,
1167 636 1243 658 caro
1259 629 1299 658 de
1315 629 1441 667 Verbo,
1458 631 1492 660 et
1506 630 1546 660 de
1558 631 1619 661 Dei
1634 631 1716 661 Filio

1011 673 1151 702 hominis
1175 674 1262 703 filius
1287 674 1359 704 fieri
1385 683 1449 704 non
1473 675 1637 713 despexit.
1652 677 1717 706 Me-

1009 719 1116 748 mento
1138 718 1206 756 jam
1231 720 1282 758 te,
1299 720 1361 749 etsi
1387 720 1427 750 de
1452 721 1556 750 nihilo
1577 721 1716 759 factum,

1008 772 1070 793 nou
1095 765 1205 794 tamen
1228 765 1268 794 de
1291 766 1395 795 nihilo
1417 766 1635 805 redemptum.
1651 767 1716 798 Sex

1007 810 1122 839 diebus
1138 810 1284 841 condidit
1298 811 1424 849 omnia,
1441 813 1475 842 et
1495 812 1529 842 te
1545 813 1632 843 inter
1646 821 1716 842 om-

1005 855 1071 884 nia.
1098 856 1139 885 At
1163 864 1242 886 vero
1267 865 1326 895 per
1347 858 1431 887 totos
1455 857 1591 896 triginta
1617 866 1717 889 annos

1006 902 1157 939 operatus
1188 903 1238 932 est
1260 903 1400 933 salutem
1429 904 1519 933 tuam
1545 904 1579 933 in
1606 904 1715 934 medio

1006 948 1113 977 terrae.
1132 947 1156 976 O
1173 950 1331 986 quantum
1347 949 1509 980 laboravit
1524 949 1711 980 sustinens!

1006 992 1114 1021 Carnis
1129 993 1359 1031 necessitates,
1376 994 1479 1024 host-is
1498 994 1713 1034 tentationes,

1006 1045 1113 1067 nonne
1126 1038 1189 1068 sibi
1201 1039 1307 1068 crucis
1322 1040 1509 1077 aggravavit
1521 1040 1712 1079 ignominia,

1005 1083 1120 1114 mortis
1145 1084 1326 1114 cumulavit
1348 1085 1502 1114 horrore?
1526 1086 1713 1117 Necessarie

1006 1127 1151 1166 quidem.
1167 1129 1236 1165 Sic,
1264 1129 1310 1158 sic
1336 1129 1485 1159 homines
1510 1130 1543 1159 et
1565 1130 1714 1167 jumenta

1005 1174 1156 1211 salvasti,
1172 1175 1328 1212 Domine,
1344 1175 1615 1213 quemadmodum
1629 1177 1714 1207 mul-

1005 1220 1162 1258 tiplicasti
1178 1221 1436 1250 misericordiam
1451 1223 1541 1251 tuam
1558 1221 1657 1252 Deus.

1044 1266 1075 1296 8.
1092 1267 1166 1296 llaec
1177 1266 1401 1305 meditamini,
1414 1267 1447 1296 in
1460 1267 1511 1297 his
1523 1268 1712 1300 versamini.

1004 1312 1138 1342 Talibus
1169 1312 1389 1342 odoramentis
1417 1312 1565 1342 refovete
1588 1313 1713 1344 viscera

1004 1358 1129 1396 vestra,
1154 1367 1226 1397 quae
1251 1358 1307 1387 diu
1330 1357 1424 1388 torsit
1447 1358 1525 1388 odor
1548 1359 1714 1390 molestior

1004 1404 1231 1441 peccatorum,
1256 1404 1293 1433 ut
1318 1403 1492 1433 abundetis
1516 1404 1550 1433 et
1572 1403 1623 1434 his
1647 1413 1709 1434 un-

1003 1448 1150 1487 guentis,
1183 1457 1250 1478 non
1280 1448 1391 1478 minus
1416 1448 1589 1486 suavibus,
1615 1458 1712 1487 quam

1003 1494 1210 1523 salutaribus.
1227 1495 1291 1523 Nec
1313 1494 1424 1523 tamen
1449 1493 1554 1523 adhuc
1570 1502 1627 1524 vos
1650 1503 1712 1532 pu-

1003 1539 1081 1569 tetis
1096 1539 1217 1569 habere
1230 1540 1285 1569 illa
1301 1540 1442 1577 optima,
1455 1548 1526 1577 quae
1538 1540 1571 1569 in
1587 1548 1711 1578 sponsae

1002 1584 1158 1614 uberibus
1173 1585 1453 1614 commendantur.
1470 1586 1515 1614 De
1531 1586 1648 1623 quibus
1664 1587 1713 1616 in-

1003 1630 1113 1668 cipere
1147 1631 1258 1668 modo,
1288 1631 1424 1660 finiendi
1457 1631 1524 1668 jam
1552 1633 1713 1662 sermonis

1003 1676 1149 1714 angustia
1175 1677 1340 1715 prohibet.
1362 1677 1440 1713 Quae
1464 1677 1551 1707 dicta
1571 1678 1647 1707 sunt
1671 1678 1712 1708 (16

1003 1722 1093 1759 aliis,
1109 1723 1220 1752 tenete
1236 1722 1410 1759 memoria,
1423 1723 1557 1761 probate
1573 1723 1659 1760 vita;
1679 1724 1713 1753 et

1003 1768 1042 1798 de
1065 1768 1116 1798 his
1138 1768 1251 1805 juvate
1273 1776 1326 1797 me
1342 1768 1495 1806 precihus
1517 1769 1652 1806 vestris,
1678 1771 1712 1799 ut

1003 1814 1099 1852 digne
1113 1813 1200 1852 loqui
1216 1813 1338 1852 possim
1352 1813 1439 1852 quod
1453 1814 1487 1843 et
1509 1813 1646 1852 dignum
1671 1815 1713 1844 sit

1002 1860 1101 1890 tantis
1112 1868 1234 1898 sponsae
1247 1859 1376 1889 deliciis
1386 1868 1394 1897 3
1409 1861 1442 1890 et
1453 1860 1576 1889 vestras
1587 1860 1711 1890 animas

1003 1906 1042 1935 ad
1079 1914 1220 1935 amorem
1261 1904 1400 1935 aedificet
1435 1905 1543 1944 sponsi
1579 1905 1709 1935 Domini

1002 1952 1104 1982 nostri
1115 1952 1193 1981 Jesu
1207 1951 1344 1988 Christi,
1357 1958 1466 1981 amen.

1203 2070 1372 2117 56111110
1401 2084 1495 2117 xn.

1004 2160 1043 2184 De
1062 2159 1181 2190 pretioso
1199 2161 1347 2189 unguento
1369 2159 1491 2189 pietatis:
1511 2160 1538 2182 et
1563 2158 1597 2182 de
1617 2165 1706 2183 vene·-

1050 2197 1156 2219 ratione
1175 2202 1190 2217 a
1207 2194 1324 2219 subditis
1341 2201 1407 2225 erga
1426 2194 1557 2218 Praelaios
1576 2201 1637 2218 suos
1656 2201 1710 2218 ex-

1048 2231 1179 2254 hibenda.

1044 2287 1073 2315 l.
1091 2286 1164 2316 Duo
1179 2293 1232 2315 me
1247 2285 1412 2323 unguenta
1427 2285 1521 2316 vohis
1535 2285 1707 2316 tradidisse

267 2337 337 2359 esse
360 2329 513 2359 devotum
530 2330 652 2360 fecerat
674 2331 868 2361 conditionis
894 2331 972 2360 faci·
1005 2331 1182 2362 recordor:
1209 2339 1310 2360 unum
1335 2331 1563 2370 contritionis,
1591 2331 1707 2361 delicta

265 2374 351 2404 litas.
368 2375 452 2411 Quid
473 2375 558 2404 enim
576 2376 706 2405 dicebat
730 2377 825 2406 homo
842 2378 971 2407 creatus

267 2421 301 2450 et
326 2419 491 2458 ingratus?
515 2421 620 2450 Gratis
653 2422 785 2459 quidem
819 2422 971 2452 conditus

267 2474 355 2504 sum,
371 2465 426 2495 sed
450 2465 538 2495 nullo
560 2467 698 2496 auctoris
715 2469 901 2504 gravamine
918 2470 968 2498 vel

267 2511 376 2540 labore
393 2520 400 2539 :
418 2511 578 2550 siquidem
597 2511 697 2548 dixit,
714 2513 745 2541 et
762 2512 864 2542 factus
880 2523 968 2551 sum,

267 2557 537 2595 quemadmodum
551 2558 583 2587 et
599 2557 762 2587 universa.
779 2558 864 2594 Quid
881 2567 970 2596 mag-

267 2610 344 2631 num
372 2603 437 2641 est,
467 2603 645 2642 quamlibet
671 2611 784 2641 magna
813 2604 843 2632 in
880 2605 967 2633 verbi

267 2648 422 2679 ,facilitate
463 2649 657 2680 donaveris?
688 2649 738 2679 Sic
776 2649 968 2679 heneficium

1004 2377 1105 2407 multa
1129 2376 1371 2415 complectenst
1392 2377 1532 2406 alterum
1558 2376 1708 2406 Devotio-

1004 2424 1072 2460 nis,
1095 2423 1197 2452 multa
1220 2423 1390 2452 continens
1413 2422 1592 2460 heneficia3
1615 2422 1707 2452 ambo

1004 2469 1144 2499 salubria
1154 2492 1163 2507 ‚
1176 2468 1231 2498 sed
1245 2476 1308 2498 non
1322 2468 1416 2498 ambo
1431 2469 1554 2498 suavia.
1566 2468 1706 2497 PrImum

1003 2515 1163 2553 siquidem
1200 2514 1407 2552 pungitivum
1441 2514 1600 2551 sentitur,
1631 2513 1706 2551 quia

1004 2561 1113 2590 movet
1142 2560 1182 2590 ad
1214 2559 1498 2598 compunctionem
1520 2566 1629 2588 amara
1654 2565 1706 2587 re-

1005 2606 1146 2636 cordatio
1159 2608 1383 2644 peccatorum,
1400 2606 1432 2636 et
1448 2605 1591 2635 dolorem
1606 2603 1704 2634 facit:

1004 2660 1076 2681 611111
1093 2660 1230 2689 sequens
1253 2651 1484 2688 mitigatorium
1508 2650 1566 2690 sit,
1589 2649 1708 2679 divinae
