1846 3078
860 371 1105 424 ΞΪΘὶ-ἓῧο

857 560 904 585 DE
928 560 1105 586 DIVERSIS.

292 646 391 673 Sermo
402 645 452 671 IX.
465 647 486 669 1.
498 646 590 669 Anima
598 644 644 669 illa
656 645 732 669 beata.
744 645 891 670 Nimirum
902 648 1013 670 sanctus
1022 646 1202 676 Benedictus,
1213 653 1299 677 quem
1318 646 1480 671 Bernartius
1490 649 1580 671 censet
1593 645 1688 670 vidisse

262 688 356 713 Deum
365 706 372 718 ,
384 688 450 711 licet
466 687 569 717 raptim
579 704 587 717 ‚
601 686 705 717 absque
717 686 828 710 vehiculo
841 689 977 713 creaturoe,
991 693 1022 711 ac
1033 687 1151 717 proinde
1167 689 1195 710 in
1207 688 1258 712 Dei
1271 688 1379 714 lumine,
1393 690 1425 711 ut
1436 687 1566 719 loquitur
1578 687 1689 718 Grego-

262 735 329 754 rius.

292 767 385 792 XVII.
401 768 423 791 5.
437 768 521 791 Donec
534 766 594 790 hora
604 769 745 797 praetereat.
759 767 832 791 Hinc
842 767 987 798 colligitur
998 766 1224 792 cisterciensibus
1231 767 1332 792 boram
1345 768 1495 799 aliquando
1508 767 1543 792 ad
1555 767 1689 792 confabu-

263 809 380 833 landum
393 815 547 833 concessam
561 809 652 833 fuisse.
665 808 749 833 Unde
763 808 808 831 vir
818 811 929 832 sanctus
941 812 949 836 (
961 815 1045 833 serm.
1061 808 1095 833 de
1108 809 1268 834 Humberto
1279 813 1287 837 )
1300 810 1397 835 otiosos
1406 815 1527 834 suorum
1538 816 1687 839 sermones·²

261 849 348 878 iocos,
359 849 559 877 scurrilitates,
571 849 639 872 alibi
651 849 736 872 etiam
753 848 937 872 detractiones
949 849 1052 879 arguit.

290 886 368 910 XIX.
382 888 405 911 1.
414 887 471 910 Non
483 889 606 917 iqnoravit
618 889 671 911 ille.
684 887 799 911 Sanctus
818 888 1018 918 Hieronymus.

289 927 366 952 XXI.
381 927 405 952 lt.
419 929 479 952 Hoec
491 930 654 952 semicinctia.
668 928 718 952 His
731 928 824 952 verbis
837 928 1000 958 designatur
1012 928 1238 954 cisterciensium
1248 930 1309 955 vilis
1318 930 1430 954 habitus
1439 948 1447 961 ,
1461 929 1575 960 regibus
1586 928 1688 952 nihilo-

260 968 356 992 minus
370 968 545 992 venerahilis.

289 1008 439 1032 XXXVII.
458 1009 480 1031 1.
496 1008 630 1038 Concupivi
641 1008 740 1036 videre.
752 1008 815 1032 vidi.
831 1007 950 1032 Habitus
966 1008 1084 1039 proinde
1102 1008 1149 1033 hic
1160 1016 1253 1034 sermo
1266 1010 1296 1034 in
1311 1010 1406 1034 reditu
1418 1017 1452 1034 ex
1468 1010 1552 1040 longo
1563 1008 1685 1040 quodam

260 1047 362 1071 itinere
373 1065 380 1076 ,
393 1047 466 1071 sorte
478 1047 615 1071 Romano.

290 1088 312 1111 7.
327 1088 377 1121 Qui
388 1089 446 1118 plus
460 1096 532 1118 quam
544 1095 627 1112 nauem
647 1090 670 1112 et
685 1089 750 1112 retia
762 1088 896 1118 reliquere.
907 1088 988 1112 Certe
1000 1089 1162 1118 primorum
1178 1089 1315 1113 ordinum
1330 1089 1459 1113 homines
1476 1095 1526 1120 per
1537 1089 1567 1113 id
1580 1090 1689 1118 tempus

258 1130 287 1153 in
304 1127 444 1153 Ordinem
459 1130 658 1153 cisterciensem
669 1146 676 1158 ,
690 1130 812 1152 maxime
826 1130 854 1152 in
869 1129 1111 1154 Claram-Vallem
1121 1147 1128 1159 ,
1139 1129 1325 1155 confluebant.

289 1169 360 1193 XLI.
376 1170 398 1193 3.
412 1170 574 1193 Proelatorum
587 1170 722 1200 dereliquit
737 1171 851 1200 imperio.
865 1169 1055 1194 Praelatorum
1075 1170 1178 1194 scilicet
1196 1178 1298 1195 eorum
1312 1169 1491 1199 auctoritati,
1508 1168 1559 1199 qm'
1578 1167 1689 1197 regulus

259 1211 422 1233 monasticas
437 1211 642 1241 condiderunt,
655 1211 744 1235 immo
756 1212 881 1234 aliorum
893 1212 977 1235 etiam
989 1211 1176 1242 praelatorum
1190 1211 1398 1242 dispensationi,
1410 1211 1461 1235 ubi
1472 1216 1554 1234 causa
1564 1211 1590 1232 et
1599 1215 1689 1232 neces-

258 1250 321 1273 sitas
330 1250 470 1279 postulare
484 1250 605 1273 videtur.

287 1289 373 1315 XLV.
394 1292 466 1316 Alias
477 1293 502 1315 1.
518 1300 550 1316 ex
562 1294 655 1322 parvis.
669 1291 712 1317 Ab
726 1292 780 1317 hoc
792 1299 892 1324 nempe
906 1293 1014 1318 incluso
1030 1299 1160 1318 sermone
1177 1293 1319 1324 incipiunt
1336 1297 1491 1321 sermones,
1508 1290 1594 1321 vulgo
1606 1290 1687 1313 Parvi

260 1333 432 1362 nuncupati,
446 1340 515 1363 quos
526 1333 654 1357 Horstius
664 1334 842 1358 sermonibus
855 1335 884 1358 de
892 1335 1006 1359 Diversis
1015 1335 1174 1364 accensuit,
1182 1334 1326 1358 nonnullis
1337 1334 1414 1357 inter
1423 1332 1560 1356 Sententias
1571 1331 1686 1361 rejectis.

290 1370 389 1396 XLVI.
404 1373 486 1397 Periit
503 1375 585 1397 virtus
599 1375 645 1398 illa
657 1382 671 1397 a
682 1382 727 1399 me.
742 1374 834 1399 Simili
846 1374 931 1398 modo
947 1374 980 1398 de
991 1381 1018 1398 se
1030 1375 1160 1405 loquitur
1172 1374 1335 1398 Bernardus
1347 1376 1448 1401 (serm.
1470 1371 1502 1394 50
1520 1371 1550 1394 in
1569 1370 1648 1394 Cant.
1663 1373 1687 1398 ),

258 1415 326 1432 curn
339 1412 374 1434 ait
384 1411 468 1435 fidem
477 1419 556 1436 suam
570 1414 598 1436 in
612 1415 742 1438 saeculari
751 1415 807 1438 vita
815 1417 961 1438 mortuam
971 1415 1053 1439 fuisse
1062 1431 1069 1444 ‚
1079 1417 1175 1446 utpote
1183 1416 1240 1438 sine
1252 1414 1383 1445 operibus
1392 1421 1398 1442 3
1410 1414 1467 1443 post
1475 1411 1686 1436 conversionem

261 1456 327 1473 ‘'el'O
339 1457 418 1474 suam
428 1470 436 1482 ,
446 1455 494 1477 etsi
505 1455 671 1479 meliuscule
684 1455 818 1479 habuerit
827 1474 834 1486 ,
846 1458 939 1479 tamen
952 1463 1021 1487 saepe
1033 1456 1128 1480 botros
1139 1455 1283 1479 bonorum
1295 1460 1415 1485 operum
1429 1451 1588 1484 praefocasse
1598 1449 1669 1472 iram
1680 1465 1688 1476 a

260 1490 519 1522 tulissejatctantiam
529 1511 537 1524 ‚
548 1495 658 1520 foedasse
666 1496 781 1520 inanem
793 1497 912 1527 gloriam
923 1505 929 1525 3
941 1504 992 1521 nec
1003 1498 1078 1528 gulae
1087 1498 1171 1521 etiam
1185 1498 1295 1527 peccata
1307 1495 1359 1519 sibi
1372 1494 1503 1518 defuisse:
1513 1498 1581 1517 cum
1592 1494 1686 1516 tamen

258 1535 341 1556 nemo
352 1533 496 1558 Bernardo
509 1535 615 1564 lenior,
629 1535 768 1560 humilior
777 1553 784 1566 ‚
801 1538 1004 1567 temperantior
1014 1554 1021 1567 ‚
1036 1538 1107 1561 sicut
1119 1539 1146 1561 et
1161 1537 1261 1561 castior
1272 1535 1373 1559 fuerit.

858 1619 897 1643 IN
920 1618 1094 1644 CANTICA.

289 1691 350 1715 lloc
371 1691 478 1722 insigne
496 1697 565 1721 opus
582 1690 745 1715 Bernartius
776 1696 958 1722 aggressusest
975 1694 1103 1722 tempore
1122 1691 1270 1715 Adventus
1296 1690 1364 1714 anni
1382 1689 1461 1719 4155,
1473 1689 1532 1719 post
1549 1691 1636 1710 suum
1653 1691 1686 1708 ex

260 1733 411 1764 Aquitania
428 1733 562 1756 reditum.
577 1732 648 1756 Inde
660 1732 691 1755 in
705 1732 814 1755 Italiam
829 1732 863 1755 ad
875 1733 1103 1762 componendum
1116 1733 1235 1757 schisma
1246 1731 1390 1763 profectus
1407 1730 1608 1758 interruptum
1622 1725 1687 1749 reli-

258 1775 320 1806 quit
332 1782 338 1802 ;
351 1775 495 1799 confestim
505 1776 600 1797 autem
609 1775 667 1804 post
679 1773 804 1796 reditum
814 1779 899 1796 suum
911 1776 1089 1804 resumptum
1099 1774 1225 1797 laborem
1236 1780 1325 1803 usque
1333 1772 1367 1795 ad
1378 1773 1501 1794 mortem
1511 1767 1695 1792 continuavit¹

260 1822 311 1839 nec
324 1817 418 1838 tamen
438 1815 514 1837 intra
528 1813 682 1837 octodecim
695 1819 794 1842 annos,
814 1815 877 1836 tum
897 1814 980 1837 variis
996 1813 1125 1838 Ecclesiae
1145 1813 1284 1844 regnique
1297 1812 1429 1843 negotiis,
1443 1813 1507 1834 tum
1521 1808 1687 1838 importuna

258 1855 473 1878 adventantium
491 1853 651 1885 frequentia
663 1853 764 1877 crebro
779 1853 987 1883 interpeilatus,
1000 1854 1141 1884 complere
1153 1854 1251 1877 valuit.
1264 1852 1406 1877 Remansit
1420 1857 1486 1880 ergo
1504 1847 1687 1879 imperfectus

257 1896 337 1920 labor
350 1895 384 1919 ad
395 1898 478 1925 caput
498 1895 616 1918 tertium
633 1893 757 1923 Cantici,
777 1900 792 1917 a
812 1900 869 1924 quo
885 1894 1059 1918 Gillehertus
1077 1894 1111 1918 de
1131 1893 1303 1925 HoyIanffia,
1316 1896 1342 1916 et
1358 1893 1410 1923 ipse
1423 1889 1609 1915 Cisterciensis
1630 1887 1687 1919 Hy-

257 1937 378 1966 bernus,
390 1937 468 1961 istam
490 1936 688 1966 expositionem
699 1934 876 1958 continuavit
889 1941 978 1966 usque
991 1935 1025 1958 ad
1037 1935 1116 1960 hunc
1130 1942 1245 1959 versum
1257 1935 1352 1966 quinti
1364 1933 1457 1964 capitis
1474 1940 1479 1956 :
1492 1933 1607 1955 Dilectus
1617 1936 1686 1953 meus

257 1979 378 2002 candidus
391 1981 414 2002 et
426 1977 593 2003 rubicundus.
606 1976 685 2000 editis
696 1975 874 2000 sermonibus
883 1978 945 2000 octo
957 1978 984 2000 et
997 1976 1201 2007 quadraginta,
1214 1977 1329 2000 vir-sane
1341 1975 1486 2000 Bernardo
1499 1971 1611 1997 dicendi
1623 1978 1686 2006 gra<

258 2019 341 2043 vitate
355 2020 381 2041 et
392 2018 491 2047 pietate
505 2023 561 2040 non
574 2016 703 2039 multum
715 2015 844 2040 inferior.

288 2058 362 2083 Cum
375 2058 470 2083 omnia
480 2057 566 2082 sancti
577 2057 716 2081 Bernardi
727 2064 810 2088 opera
826 2057 921 2081 solidae
932 2057 1041 2088 pietatis
1051 2064 1082 2082 ac
1094 2057 1232 2082 doctrinae
1243 2064 1325 2082 succo
1338 2057 1442 2081 referta
1454 2058 1534 2084 sunt,
1550 2056 1614 2078 tum
1628 2053 1685 2076 ‹lu›

257 2100 398 2130 praecipue
410 2098 485 2130 apud
497 2105 593 2122 omnes
604 2098 634 2121 in
647 2098 737 2128 pretio
749 2104 802 2121 esse
815 2097 916 2121 debent
925 2115 933 2128 .
952 2099 1094 2123 nimirum
1111 2099 1179 2123 libri
1196 2099 1230 2123 de
1241 2098 1470 2124 Consideratione
1479 2114 1486 2126 ,
1499 2099 1524 2119 et
1536 2095 1685 2120 Sermonoz

257 2140 286 2162 in
299 2139 411 2163 Cantica
428 2139 614 2163 canticorum.
629 2138 663 2162 In
677 2138 730 2162 illis
741 2138 881 2168 siquidem
895 2138 990 2169 libris,
1004 2139 1146 2171 quidquid
1159 2140 1280 2164 sanctius
1290 2139 1319 2162 in
1333 2138 1415 2163 sacris
1427 2137 1527 2161 litteris
1539 2138 1564 2159 et
1576 2136 1604 2158 in
1620 2140 1685 2158 cow

257 2181 341 2210 ciliis,
355 2180 494 2211 quidquid
510 2180 650 2203 salubrius
661 2180 690 2203 in
702 2180 810 2210 scriptis
828 2182 958 2203 veterum
973 2180 1092 2205 Pati-um
1106 2184 1132 2205 et
1146 2182 1176 2205 in
1189 2181 1308 2205 decretis
1321 2183 1452 2204 veterum
1466 2178 1639 2202 Pontificum
1651 2174 1682 2198 ad

258 2221 382 2250 regimen
390 2220 517 2244 Ecclesiae
528 2219 724 2250 praescribitur
734 2227 740 2248 3
751 2219 779 2242 id
789 2226 873 2243 omne
884 2220 936 2243 sub
946 2221 1065 2251 eleganti
1077 2222 1242 2252 compendio
1255 2221 1492 2252 comprehensum
1506 2218 1637 2241 habetur.
1650 2216 1683 2238 ln

255 2261 299 2285 his
314 2267 380 2284 vero
393 2262 584 2291 sermonibus,
598 2267 792 2291 quaecumque
805 2262 913 2291 peralta
923 2263 1009 2286 sancti
1022 2263 1148 2287 Doctoris
1159 2270 1242 2294 opera
1254 2263 1288 2287 ad
1298 2269 1391 2286 mores
1401 2259 1598 2285 informandos
1609 2260 1633 2281 et
1650 2256 1683 2280 ad

256 2304 385 2335 pietatem
406 2303 610 2326 accendendam
620 2320 627 2332 ,
647 2310 841 2334 quaecumque
859 2303 893 2327 de
913 2304 987 2328 vitiis
1007 2306 1032 2327 el
1053 2305 1223 2334 virtutihus,
1243 2307 1328 2335 atque
1349 2303 1382 2327 de
1400 2305 1457 2327 tota
1471 2302 1528 2325 vita
1539 2300 1683 2331 spirituali

257 2351 377 2376 respersa
387 2347 451 2368 sunt
461 2352 467 2372 ;
486 2345 515 2367 in
528 2345 570 2368 his
578 2363 585 2374 ‚
601 2345 720 2376 inquam
730 2364 737 2376 ,
750 2345 928 2369 sermonibus
938 2346 1001 2369 haec
1015 2346 1111 2369 omnia
1121 2346 1235 2370 solidius
1246 2353 1277 2370 ac
1289 2345 1439 2369 sublimius
1450 2345 1665 2375 pertractantur
1675 2360 1681 2371 ,

254 2387 282 2409 et
295 2392 328 2408 ex
338 2384 523 2415 mysticarum
543 2385 743 2415 allegoriarum
761 2386 917 2411 involucris
928 2393 958 2410 ac
971 2386 1070 2418 figuris
1079 2404 1086 2416 ‚
1098 2387 1183 2411 totius
1202 2386 1381 2417 perfectionis
1393 2387 1543 2410 eruuntur
1561 2391 1680 2412 arcana,

256 2432 313 2450 non
321 2425 416 2449 minus
425 2425 552 2455 jucundo
561 2428 644 2456 atque
656 2427 721 2450 utili
729 2433 816 2457 quam
828 2427 944 2451 sublimi
956 2427 1040 2452 modo
1052 2428 1109 2452 :ita
1120 2430 1153 2452 ut
1166 2428 1197 2451 hi
1209 2428 1359 2452 Sermones
1368 2427 1536 2458 quasicastae
1544 2425 1678 2456 quaedam

257 2468 371 2498 piorum
382 2467 536 2491 hominum
550 2467 658 2491 deliciae
671 2469 800 2492 censendi
812 2470 874 2493 sint.

286 2509 308 2533 1.
321 2510 347 2533 2.
364 2509 402 2533 De
418 2510 493 2532 amici
511 2516 569 2532 arca
585 2510 716 2539 proestitos.
732 2509 841 2533 Alludit
857 2511 891 2533 ad
903 2510 977 2534 illud
994 2510 1079 2534 Lucae
1091 2517 1098 2534 ε
1112 2511 1198 2535 Amice
1209 2529 1214 2537 .
1233 2511 1357 2535 commoda
1369 2510 1433 2534 mihi
1447 2513 1497 2534 tres
1508 2516 1594 2540 panes.
1609 2508 1677 2532 11:21:

256 2548 342 2572 verba
352 2548 509 2579 significare
521 2548 657 2572 videntur
667 2548 891 2574 Claraevallenses
902 2551 1003 2575 dedisse
1013 2558 1127 2582 operam
1140 2551 1262 2582 legendis
1273 2551 1411 2576 Parabolis
1422 2553 1447 2575 et
1457 2550 1626 2574 Ecclesiastae
1634 2566 1641 2578 ,
1653 2552 1680 2572 et

255 2589 290 2613 ad
301 2597 404 2614 eorum
424 2591 533 2620 regulas
545 2597 636 2614 mores
647 2597 708 2616 suos
724 2593 913 2622 composuisse.
926 2593 1013 2618 Forte
1027 2600 1142 2625 quoque
1160 2594 1275 2619 nomine
1287 2595 1362 2619 amici
1379 2593 1504 2625 aliquem
1523 2592 1600 2619 illius
1611 2593 1683 2616 tem-

256 2631 329 2661 poris
342 2634 487 2655 auctorem
500 2632 640 2663 intelligit.

288 2669 322 2695 V.
335 2671 372 2695 ¹0.
387 2672 524 2702 Prtnctpso.
538 2672 641 2697 Confer
655 2673 688 2696 de
704 2673 783 2697 Grat⁴
796 2674 819 2696 cl
835 2673 882 2697 libv
899 2673 968 2700 ΑΝ).
979 2691 986 2704 ,
998 2681 1011 2698 c
1036 2676 1077 2703 13,
1099 2682 1124 2698 n.
1140 2674 1190 2704 Ψι,
1203 2675 1242 2699 1ιῦ.
