1810 3073
498 247 543 274 IN
568 244 772 275 CANTICA
792 244 942 272 SERMO
966 243 1132 273 XXVIII.

105 308 179 332 cnm
206 308 279 331 cura
294 298 443 329 afficitur.
463 299 612 337 Expedit,
630 297 751 336 inquit,
767 298 801 327 ut

104 355 183 377 unus
204 347 352 377 moriatur
372 345 461 374 homo
475 353 532 383 pro
553 345 681 383 populo,
696 345 724 373 et
737 351 800 372 ‘non

104 393 168 422 tota
192 399 261 430 qens
280 392 384 428 pereat
400 400 409 419 .-
427 390 561 428 expedit
585 390 622 419 ut
637 397 720 419 unus
740 396 799 427 pro

103 437 251 467 omnibus
266 435 452 474 denigretur
467 434 678 465 similitudine
694 433 799 463 carnis

103 481 249 519 peccati,
277 482 310 510 et
339 489 404 510 non
430 482 494 511 tota
521 489 598 519 gens
628 479 796 517 nigredine

101 527 332 556 condemnetur
348 527 482 565 peccati.
494 525 649 564 Splendor
657 524 796 562 etfigura

101 571 287 602 substantiae
315 572 375 603 Dei
402 571 610 602 obnubiletur
637 570 671 600 in
696 569 797 599 forma

99 617 185 646 servi
201 625 258 655 pro
267 618 334 647 vita
344 617 440 648 servi.
452 617 573 646 Candor
582 616 656 646 vitae
667 616 796 645 aeternae

99 662 258 700 nigrescat
271 663 303 692 in
318 671 498 700 carne,pro
509 670 604 691 carne
617 660 793 699 purganda.

99 707 269 744 Speciosus
291 708 388 737 forma
416 716 482 745 prae
509 707 584 736 filiis
608 706 794 744 hominum,

99 760 156 789 pro
173 753 246 783 liliis
261 753 427 783 hominum
445 752 665 782 illuminandis
680 751 795 781 obscu—

98 800 189 828 retur
212 800 245 828 in
269 800 434 837 passione,
450 798 600 836 turpetur
622 797 656 827 in
681 807 792 835 cruce,

96 844 215 880 palleat
240 844 272 872 in
296 845 421 874 morte:
440 851 482 873 ex
503 844 570 873 toto
585 851 649 872 non
674 844 717 873 sit
742 844 792 881 ei,

96 888 219 926 species
234 897 337 927 neque
354 889 468 927 decor,
484 890 519 918 ut
534 888 595 918 sibi
617 888 793 926 speciosam

96 933 192 971 atque
208 934 354 964 decoram
366 935 510 973 acquirat
525 943 673 973 sponsam
686 934 794 963 Eccle-

94 978 174 1007 siam
189 979 258 1010 sine
275 981 397 1010 macula
415 981 448 1010 et
463 980 532 1010 sine
547 987 637 1017 ruga.
654 979 793 1016 Agnosco

94 1023 214 1060 pellem
230 1024 423 1062 Salomonis,
437 1025 534 1054 immo
544 1025 649 1062 ipsum
663 1024 695 1052 in
708 1024 793 1062 pelle

94 1068 184 1105 nigra
206 1069 407 1100 Salomonem
433 1070 620 1108 amplector.
639 1070 744 1099 Ilabct
760 1070 793 1099 et

95 1113 242 1143 Salomon
274 1115 495 1153 nigredinem,
523 1115 581 1144 sed
610 1115 643 1143 in
671 1115 759 1152 pelle
784 1123 792 1143 τ

95 1157 170 1188 foris
186 1159 294 1197 nIger,
316 1161 349 1189 in
378 1161 451 1190 cute
467 1168 576 1196 niger,
591 1168 656 1188 non
682 1160 791 1189 intus:

93 1204 236 1242 alioquin
251 1206 350 1235 omnis
375 1206 472 1242 gloria
487 1205 552 1242 ejus
569 1205 639 1242 filice
660 1205 739 1242 regis
754 1205 792 1234 ab

92 1251 184 1279 intus.
214 1251 301 1279 Intus
327 1250 507 1279 divinitatis
529 1250 666 1287 candor,
696 1250 793 1279 decor

93 1295 249 1325 virtutum
260 1317 270 1332 ,
285 1295 436 1333 splendor
455 1295 581 1334 glot-ize,
599 1295 792 1324 innocentiae

92 1341 216 1377 puritas
237 1351 246 1370 ε
272 1341 329 1370 sed
358 1341 438 1378 tegit
469 1341 535 1370 haec
566 1340 793 1378 despicabilior

93 1386 288 1416 infirmitatis
304 1386 407 1423 color;
424 1386 457 1415 et
471 1386 560 1424 quasi
588 1385 793 1416 absconditus

94 1433 200 1461 vultus
216 1432 285 1469 ejus
301 1433 333 1461 et
349 1433 538 1470 despectus,
555 1431 631 1460 dum
648 1431 793 1461 tentatur

92 1485 150 1513 per
165 1479 271 1506 omnia
285 1485 342 1516 pro
356 1477 569 1507 similitudine
582 1477 702 1514 absque
716 1476 793 1514 pec-

92 1524 172 1552 cato.
201 1523 344 1561 Agnosco
375 1522 548 1561 denigratae
577 1522 712 1552 formam
737 1531 794 1552 na-

90 1569 188 1606 turae3
216 1577 349 1607 agnosco
374 1568 500 1598 tunicas
525 1569 596 1598 illas
619 1568 790 1607 pelliceas,

90 1615 358 1652 protoplastorum
395 1614 599 1652 peccantium
632 1614 789 1644 habitum.

90 1660 236 1699 Denique
250 1660 458 1699 semetipsum
468 1659 791 1697 denigravitformam

90 1707 168 1735 servi
193 1708 357 1744 accipiens,
383 1708 416 1735 in
439 1707 666 1735 similitudinem
693 1707 793 1736 homi-

89 1760 165 1780 num
186 1752 285 1789 factus
298 1773 306 1787 ‚
324 1753 352 1781 et
367 1751 474 1781 habitu
489 1753 626 1781 inventus
641 1753 675 1780 ut
689 1752 789 1781 homo.

90 1797 230 1833 Agnosco
253 1796 312 1825 sub
332 1797 417 1834 pelle
436 1796 539 1833 haedi,
555 1797 609 1834 qui
625 1799 792 1833 peccatum

90 1841 266 1879 significat,
292 1841 326 1871 et
357 1849 489 1871 manum
519 1850 591 1879 quas
622 1843 791 1879 peccatum

91 1895 153 1916 non
170 1887 262 1925 fecit,
280 1888 313 1916 et
327 1888 445 1917 collum
462 1896 522 1925 per
536 1886 621 1925 quod
642 1888 719 1917 mali
738 1896 791 1917 co-

88 1932 200 1969 gitatio
223 1941 285 1962 non
307 1932 476 1969 transivit3
494 1932 634 1970 ideoque
655 1940 720 1962 non
743 1934 789 1963 est

90 1978 240 2008 inventus
259 1978 350 2008 dolus
370 1977 405 2007 in
426 1986 480 2008 ore
499 1977 580 2014 ejus.
602 1978 683 2007 Novi
707 1979 791 2017 quod

88 2022 130 2051 sis
145 2023 229 2052 lenis
241 2024 355 2052 natura
365 2045 374 2061 ,
387 2023 474 2053 mitis
488 2024 521 2052 et
538 2023 671 2053 humilis
683 2024 789 2061 corde,

88 2068 223 2098 blandus
235 2069 367 2106 aspectu
377 2091 386 2107 ,
397 2068 504 2098 suavis
522 2068 639 2107 spiritu
652 2070 703 2099 :et
717 2070 791 2108 qui-

87 2113 160 2142 dem
178 2115 291 2143 unctus
311 2114 382 2143 oleo
401 2114 524 2144 laetitiae
545 2123 611 2152 prae
633 2115 790 2144 consorti-

89 2158 148 2188 bus
159 2159 234 2190 tuis.
252 2159 342 2189 Unde
358 2167 433 2198 ergo
444 2168 530 2189 nune
546 2159 586 2189 ad
598 2159 699 2190 instar
709 2161 789 2190 Esau

88 2203 209 2241 pilosus
233 2205 266 2234 et
296 2204 651 2243 hispidus2ciijusnam
676 2214 788 2244 rugosa

89 2249 122 2278 et
148 2249 232 2279 tetra
255 2250 359 2289 imago
379 2250 467 2288 haec,
487 2252 520 2281 et
543 2251 629 2281 unde
650 2251 686 2281 hi
710 2252 790 2290 pili?

89 2293 150 2322 Mei
165 2294 249 2324 sunt.
271 2295 349 2324 Nam
370 2295 481 2333 pilosae
497 2304 611 2326 manus
635 2297 789 2327 similitu-

87 2338 198 2368 dinem
213 2339 400 2378 exprimunt
414 2342 604 2378 peccatoris.
626 2342 712 2372 Meos
734 2351 788 2381 ag-

88 2391 184 2413 nosco
198 2383 256 2414 hos
270 2385 373 2423 pilos:
391 2386 472 2414 etin
493 2387 578 2423 pelle
600 2395 672 2418 mea
693 2388 788 2419 video

89 2428 190 2458 Deum
206 2429 403 2460 Salvatorem
419 2439 541 2460 meum.

127 2473 238 2504 5.Non
262 2475 371 2505 tamen
391 2476 537 2506 Rebecca
558 2477 604 2508 sic
625 2477 719 2509 illum
742 2480 789 2510 in-

89 2518 176 2557 duit,
201 2519 257 2549 sed
286 2521 401 2559 Maria,
421 2522 510 2552 tanto
532 2523 712 2562 digniorem
732 2527 788 2564 qui

87 2563 349 2595 benedictionem
370 2566 550 2605 acciperet,
562 2571 683 2606 quanto
694 2578 789 2600 sanc-

87 2609 149 2638 tior
169 2619 239 2648 quae
265 2611 403 2649 peperit.
423 2612 462 2642 Et
476 2612 559 2643 bene
581 2612 616 2643 in
638 2622 710 2645 meo
728 2615 788 2645 ha-

86 2653 157 2684 bitu
176 2663 183 2684 t
199 2655 272 2693 quia
287 2656 367 2686 mihi
382 2656 568 2688 benedictio
582 2659 784 2700 vindicatur,

1473 248 1532 278 223

835 295 916 325 mihi
949 295 1129 333 postulatur
1154 293 1336 326 haereditas.
1367 296 1532 335 Siquidem

833 340 981 370 audierat
997 349 1005 369 τ
1022 341 1150 370 Postula
1178 349 1198 369 a
1224 349 1290 377 me,
1315 342 1343 370 et
1371 343 1449 371 dabo
1480 345 1534 374 tibi

834 388 932 425 gentes
945 386 1151 416 hoereditatcm
1163 387 1249 415 tuam
1258 406 1266 421 ‚
1280 387 1307 414 ct
1319 388 1534 423 possessionem

833 434 918 462 tuam
934 433 1078 462 terminos
1087 433 1189 461 terrae.
1210 432 1321 467 Tuam,
1338 431 1461 468 inquit,
1474 432 1536 462 hcr-

831 479 1008 514 recHtatcm‚
1035 476 1190 514 tuamque
1214 477 1431 514 possessionem
1453 476 1534 506 dabo

831 523 903 552 tibi.
921 522 1085 560 Quomodo
1109 522 1200 551 dabis
1223 521 1272 558 ei,
1289 521 1315 551 si
1335 529 1392 550 sua
1416 520 1482 550 est?
1497 522 1535 551 Et

830 568 988 606 quomodo
1003 576 1093 598 suain
1117 575 1228 597 mones
1246 568 1284 597 ut
1304 564 1467 605 postulet?
1479 566 1535 596 aut

830 613 988 651 quomodo
1022 621 1078 643 sua
1089 633 1098 651 ,
1131 613 1159 642 si
1192 620 1327 643 necesse
1361 611 1461 641 habet
1497 611 1535 641 ut

829 657 989 695 postulet?
1013 658 1092 687 Mihi
1121 657 1258 696 proinde
1286 657 1451 696 postulat,
1476 656 1534 694 qui

828 711 932 732 meam
953 703 992 733 ad
1007 703 1067 733 hoc
1089 703 1198 733 induit
1211 703 1364 741 formam,
1379 702 1416 732 ut
1431 701 1535 732 susci-

828 748 895 786 piat
906 757 1045 778 cansam.
1058 749 1185 787 Quippe
1195 750 1351 788 disciplina
1364 749 1448 787 pacis
1463 757 1533 777 nos-

828 796 883 823 έναι
907 803 998 832 super
1022 803 1113 831 eum,
1137 795 1267 825 dicente
1292 794 1474 832 Propheta:
1491 795 1534 823 Et

826 841 978 869 Dominus
1004 841 1036 869 in
1059 848 1092 869 co
1118 841 1220 878 posuit
1248 841 1442 878 imquitatem
1469 847 1534 868 om-

826 885 912 914 nium
927 887 1079 915 nostrum.
1094 886 1183 915 Unde
1199 885 1300 916 debuit
1316 885 1466 923 fratribus
1477 893 1534 922 per

827 931 932 959 omnia
954 931 1104 967 similari,
1120 930 1203 961 sicut
1224 931 1270 960 ait
1293 930 1479 968 Apostolus,
1495 931 1529 960 ut

826 976 995 1006 misericors
1009 976 1104 1013 ficret.
1115 976 1291 1014 Propterea
1311 984 1373 1005 vox
1390 976 1510 1014 quidem
1520 995 1530 1012 ,

826 1029 888 1050 voae
913 1021 1008 1051 Jacob
1036 1023 1097 1060 εει,-
1126 1031 1238 1052 manus
1266 1023 1371 1051 autem
1380 1042 1390 1057 ,
1420 1028 1533 1050 manus

826 1068 897 1096 sunt
908 1068 1004 1096 Esau.
1016 1067 1114 1096 Suum
1124 1066 1266 1105 estquod
1275 1066 1409 1095 auditur
1418 1074 1460 1095 ex
1472 1073 1530 1095 eo:

827 1112 912 1149 quod
925 1112 959 1141 in
985 1121 1022 1142 eo
1036 1112 1184 1149 videtur,
1198 1113 1354 1142 nostrum.
1372 1111 1463 1149 Quod
1483 1111 1531 1140 lo-

826 1156 957 1194 quitur,
974 1157 1108 1195 spiritus
1123 1159 1156 1187 et
1170 1158 1239 1187 vita
1251 1158 1318 1187 est:
1332 1157 1419 1195 quod
1434 1164 1532 1194 appa-

826 1202 895 1240 ret,
908 1203 1044 1232 mortale
1056 1203 1090 1232 ct
1104 1211 1202 1232 mors.
1215 1203 1310 1232 Aliud
1323 1202 1485 1240 cernitur,
1498 1201 1531 1230 et

826 1246 913 1276 aliud
922 1248 1076 1277 creditur.
1086 1249 1214 1285 Nigrum
1226 1256 1339 1278 sensus
1354 1247 1531 1284 renuntiat,

826 1291 905 1322 fides
921 1293 1093 1323 candidum
1107 1295 1139 1323 et
1151 1293 1324 1323 formosum
1342 1293 1467 1331 probat.
1478 1293 1532 1322 Ni-

826 1345 884 1373 ger
900 1339 968 1376 est,
991 1338 1047 1368 sed
1072 1340 1174 1368 oculis
1197 1339 1436 1376 insipientium.
1453 1339 1531 1368 Nam

825 1383 972 1413 fidelium
996 1384 1163 1414 mentibus
1177 1384 1333 1414 formosus
1352 1385 1466 1422 vald03
1483 1385 1531 1414 ni-

825 1436 881 1465 ger
890 1429 955 1467 est,
966 1429 1023 1460 sed
1038 1429 1211 1467 formosus3
1223 1430 1315 1468 niger
1326 1431 1531 1468 reputatione

825 1474 961 1504 Herodis
970 1496 979 1513 ,
991 1475 1148 1506 formosus
1160 1476 1360 1507 confessione
1377 1477 1510 1507 latronis
1520 1500 1529 1514 ,

824 1518 1032 1551 Centurionis
1046 1521 1122 1551 fide.

869 1564 901 1595 [ι.
926 1566 1029 1603 Quam
1055 1566 1231 1597 formosum
1263 1567 1449 1599 adverterat
1474 1569 1529 1607 qui

825 1612 1043 1641 exclamavit:
1063 1614 1142 1644 Vere
1164 1614 1254 1644 homo
1268 1614 1317 1644 Mc
1345 1615 1443 1645 Filius
1470 1616 1531 1644 Dei

824 1659 903 1687 erat.
919 1657 981 1687 Sed
996 1659 1028 1687 in
1040 1666 1103 1696 quo
1115 1659 1270 1698 advertit,
1280 1659 1527 1689 advertendum.

825 1701 858 1730 Si
887 1701 975 1731 enim
1006 1702 1193 1733 attenderet
1213 1704 1301 1741 quod
1328 1703 1527 1741 apparebat,

825 1747 982 1783 quomodo
995 1747 1164 1786 formosus,
1174 1749 1333 1787 quomodo
1344 1750 1443 1779 Filius
1456 1750 1535 1780 Dei?

824 1790 908 1827 Quid
935 1791 1000 1821 nisi
1029 1792 1174 1822 deforme
1205 1795 1240 1824 et
1268 1794 1398 1831 nigrum
1428 1795 1528 1824 oculis

825 1837 1042 1874 spectantium
1059 1839 1269 1877 occurrebat,
1285 1848 1360 1869 cum
1377 1840 1528 1878 expansis

824 1882 859 1912 in
874 1891 968 1913 cruce
991 1883 1157 1922 manibus,
1175 1884 1304 1914 medius
1319 1884 1454 1914 duorum
1469 1894 1529 1915 ne-

824 1936 918 1966 quam
929 1950 938 1966 ,
954 1929 1055 1958 risum
1072 1929 1330 1967 malignantibus
1348 1930 1457 1968 daret,
1471 1931 1529 1960 sse·-

824 1975 892 2003 tum
908 1973 1076 2004 fidelihus?
1099 1976 1136 2005 Et
1152 1976 1236 2005 solus
1262 1975 1332 2005 erat
1352 1975 1454 2013 risui,
1469 1977 1527 2014 qni

823 2020 908 2049 solus
925 2019 1053 2058 poterat
1069 2028 1138 2050 esse
1154 2020 1291 2059 terrori,
1307 2021 1393 2052 solus
1415 2022 1529 2052 honori

824 2065 994 2096 debuerat.
1009 2066 1101 2096 Unde
1127 2067 1227 2104 igitur
1241 2067 1383 2097 advertit
1404 2068 1527 2105 pulcri-

823 2111 972 2141 tudinem
987 2112 1157 2150 crucifixi,
1171 2112 1204 2142 et
1226 2113 1309 2150 quod
1325 2113 1353 2143 is
1365 2113 1408 2143 sit
1424 2113 1527 2143 Filius

822 2156 900 2194 Dei,
915 2157 971 2195 qui
988 2166 1056 2186 cum
1076 2158 1188 2196 iniquis
1206 2160 1366 2196 reputatus
1380 2158 1445 2189 est?
1464 2160 1526 2188 Re·
1551 2174 1554 2177 -

821 2203 980 2241 spondere
994 2203 1117 2241 aliquid
1129 2204 1169 2233 ad
1185 2204 1219 2234 id
1231 2205 1373 2234 nostrum
1388 2212 1449 2234 nec
1462 2204 1527 2243 fas,

822 2257 885 2279 nec
905 2257 986 2287 opus
1014 2250 1063 2279 est
1085 2257 1094 2278 ε
1114 2257 1175 2279 nec
1201 2251 1288 2279 enirn
1314 2250 1528 2288 Evangelistae

822 2294 882 2324 hoc
894 2295 1065 2332 diligentia
1074 2296 1304 2333 praeteriit.Sic
1317 2296 1404 2325 enim
1415 2296 1526 2326 habes:

825 2341 937 2371 Videns
964 2343 1068 2370 autem
1092 2342 1236 2371 Centurio
1261 2342 1315 2379 qui
1335 2350 1374 2371 ex
1400 2342 1526 2371 adverso

821 2386 941 2422 stabat,
957 2388 1030 2426 quia
1043 2387 1085 2418 sic
1100 2387 1239 2417 clamans
1253 2388 1441 2425 expirasset,
1454 2387 1498 2415 ait
1515 2395 1526 2415 .-

824 2432 902 2461 Vere
917 2432 963 2462 hic
980 2432 1071 2462 homo
1093 2433 1190 2463 Filius
1211 2433 1270 2463 Dei
1292 2434 1371 2462 crat.
1388 2433 1467 2469 Ergo
1486 2430 1527 2460 ad

822 2484 938 2506 vocem
950 2477 1109 2515 credidit,
1123 2486 1165 2507 ex
1177 2486 1256 2508 voce
1268 2477 1399 2515 agnovit
1408 2476 1526 2505 Filium

822 2522 902 2559 Dei,
919 2523 953 2553 et
963 2530 1027 2553 non
1040 2531 1081 2553 ex
1095 2523 1191 2553 facie.
1204 2523 1279 2553 ‘Erat
1292 2523 1378 2551 enim
1391 2521 1525 2551 fortasse

822 2576 865 2597 ex
891 2569 1008 2599 ovibus
1033 2570 1121 2606 ejus,
1140 2569 1179 2598 de
1204 2568 1321 2606 quibus
1346 2566 1390 2596 ait
1418 2573 1426 2594 ε
1451 2566 1524 2596 Oves

822 2625 897 2647 meoe
909 2626 1012 2647 vocem
1024 2626 1125 2648 meam
1141 2617 1281 2647 audiunt.

862 2663 893 2693 5.
919 2663 933 2691 ι’
946 2662 1053 2693 uditus
1077 2661 1203 2693 invenit
1227 2657 1395 2727 qnodffinon
1412 2657 1523 2690 visus:
