1846 3078
538 230 583 259 ΙΝ
605 229 799 260 ΟΑΝΤῙΟΑ
826 226 973 256 SERMO
1000 224 1148 254 vau.

143 294 209 317 non
225 287 296 318 dico
318 286 475 326 psalmOS,
497 283 553 316 sed
573 293 685 315 versus
707 283 848 321 singulos

143 334 283 363 sentiam
309 331 440 368 ructus,
455 331 489 361 et
513 328 644 369 quidem
672 328 849 359 odoriferos

145 386 243 416 super
271 376 378 407 omnia
403 376 558 406 aromata.
583 374 669 413 Quid
692 372 849 405 Johannis

145 424 240 453 ructu
259 421 454 460 fragrantius
467 443 477 460 ,
491 421 548 460 qui
570 420 669 451 Verbi
694 419 776 449 mihi
799 426 850 449 re-

146 468 236 498 dolet
259 467 494 505 aeternitatem,
511 466 775 505 generationem,
801 464 850 494 di-

145 513 319 543 vinitatem
336 512 349 542 ἓ
381 513 466 550 Quid
504 513 544 542 de
578 510 670 541 Pauli
704 509 850 540 ructibus

144 558 274 597 loquar,
294 559 413 596 quanta
434 558 544 588 orbem
567 555 728 587 suavitate
744 556 850 594 reple-

144 603 271 633 verint?
282 603 430 641 Denique
442 602 558 632 Christi
574 601 677 631 bonus
692 599 770 630 odor
782 600 851 630 erat

143 648 180 678 in
205 649 293 678 omni
312 649 396 678 loco.
424 648 532 678 Verba
555 646 644 677 certe
671 645 849 675 ineffabilia

147 693 208 724 etsi
222 702 286 724 non
296 693 420 732 profert
431 693 467 723 ut
479 692 608 723 audiam
617 714 626 730 ,
636 691 729 721 offert
740 691 850 720 tamen

148 740 186 769 ut
202 740 331 778 cupiam
344 761 355 776 ‚
370 740 403 769 et
425 739 526 769 libeat
548 738 682 768 odorare
703 744 774 774 quae
792 743 852 766 au-

147 784 218 815 dire
236 785 406 814 nonlicet.
427 784 542 814 Nescio
562 782 650 812 enim
668 789 732 820 quo
755 781 851 819 pacto

147 839 211 869 quo
233 832 306 869 plus
326 829 447 866 latent,
468 829 542 866 plus
557 827 705 866 placent;
729 826 763 856 et
783 826 852 856 avi-

147 877 220 906 dius
236 875 401 905 inhiamus
415 874 551 912 negatis.
565 873 702 910 Sedjam
717 872 851 903 adverte

147 920 235 959 apud
250 927 400 958 sponsam
415 919 557 949 similem
572 927 642 949 rem
661 927 669 947 ε
691 918 850 956 quomodo

148 966 249 996 instar
268 965 383 1004 Pauli,
402 965 436 995 in
450 965 605 1003 praesenti
631 964 774 1003 capitulo
788 985 797 1002 ,
819 965 851 994 et

146 1011 309 1041 secretum
329 1019 394 1041 non
409 1010 536 1049 aperit,
559 1017 620 1040 nec
635 1009 783 1048 praeterit
802 1010 852 1040 ta-

148 1064 227 1086 men
247 1056 428 1094 intactum,
451 1056 575 1094 aliquid
603 1056 696 1094 quasi
718 1055 852 1087 olfactui

146 1103 259 1133 nostro
274 1103 464 1141 indulgens,
479 1101 566 1141 quod
580 1101 689 1140 gustui
705 1100 789 1132 forte
801 1101 853 1131 in-

148 1147 247 1177 terim
274 1155 340 1177 non
367 1148 554 1185 competere
579 1146 754 1184 judicarit,
783 1146 852 1177 sive

148 1193 285 1231 propter
322 1192 550 1231 indignitatem
582 1191 743 1230 nostram,
782 1191 851 1223 sive

149 1239 287 1276 propter
301 1238 562 1277 incapacitatem.

188 1283 220 1314 8.
232 1284 366 1314 Dilectus
378 1292 463 1314 ‘meus
476 1283 569 1320 mihi,
582 1284 611 1314 et
624 1291 677 1322 eqo
692 1282 747 1314 illi.
763 1281 854 1322 Quod

148 1336 217 1360 non
232 1329 281 1359 est
302 1328 461 1367 dubium,
485 1328 622 1359 duorum
639 1328 772 1367 quidem
792 1329 854 1360 hoc

149 1375 221 1405 loco
237 1383 325 1405 amor
332 1375 466 1405 mutuus
478 1374 592 1413 flagrat
608 1375 683 1405 :sed
695 1375 729 1404 in
745 1382 854 1405 amore

149 1429 277 1451 summa
302 1421 399 1451 unius
420 1420 566 1459 profecto
586 1420 748 1459 felicitas,
774 1421 855 1451 alte-

148 1467 217 1497 rius
239 1467 321 1496 mira
346 1467 504 1505 dignatio.
519 1467 631 1504 Neque
658 1466 747 1496 enim
768 1466 855 1496 inter

148 1519 246 1550 pares
262 1513 310 1543 est
322 1511 489 1542 consensio
501 1520 559 1542 seu
575 1512 758 1550 complexio
773 1512 853 1542 haec.

151 1558 310 1588 Caeterum
329 1557 409 1596 quid
424 1557 485 1587 ista
501 1565 544 1587 ex
565 1557 626 1588 hae
641 1557 855 1596 praerogativa

150 1604 270 1634 amoris
295 1603 454 1641 glorietur
477 1603 661 1642 impensum
691 1603 777 1640 sibi,
802 1611 856 1633 re-

148 1656 354 1687 pensumque
392 1649 539 1678 vieissim
573 1657 592 1677 a
628 1657 662 1678 se
673 1670 682 1686 ,
714 1648 786 1686 quis
821 1656 855 1678 se

149 1694 272 1732 liquido
287 1701 380 1724 nosse
395 1693 592 1731 praesumat,
607 1693 670 1723 nisi
691 1694 747 1731 qui
771 1701 857 1731 prae-

151 1739 247 1776 ‹ipua
262 1738 406 1777 puritate
417 1738 538 1768 mentis
547 1760 556 1776 ,
569 1739 602 1768 et
611 1738 755 1776 corporis
766 1745 857 1768 sanc-

149 1785 246 1814 titate
259 1806 268 1822 ,
286 1785 320 1813 in
344 1784 518 1822 semetipso
534 1784 694 1813 meruerit
708 1783 775 1813 tale
796 1783 857 1812 ali-

149 1830 230 1868 quid
258 1829 423 1868 experiri?
442 1831 505 1859 Res
530 1830 579 1859 est
602 1829 638 1859 in
660 1829 855 1860 affectibus:

151 1885 212 1906 nec
244 1875 370 1905 ratione
396 1874 436 1905 ad
461 1883 533 1905 eam
558 1874 777 1913 pertingitur,
800 1874 858 1905 sed

152 1921 390 1951 conformitate.
407 1921 512 1958 Quam
528 1919 624 1959 pauci
642 1928 721 1950 vero
736 1921 792 1958 qui
810 1920 858 1950 di-

151 1968 227 1997 cant
241 1976 249 1997 z
266 1968 332 1998 Nos
344 1969 447 1997 autem
459 1967 592 1997 revelata
608 1967 686 2005 [acie
697 1967 858 2005 speculan-

152 2016 194 2044 {es
222 2014 352 2051 ,qloriam
372 2013 520 2049 Domini,
542 2014 575 2042 in
589 2014 727 2043 eamdem
748 2013 857 2052 imagi-

150 2068 221 2089 nem
237 2059 502 2096 transformamur
517 2059 552 2088 de
563 2058 705 2088 claritate
720 2058 752 2087 in
767 2058 858 2088 elari-

152 2107 246 2135 1alem
259 2125 270 2141 ,
287 2105 447 2142 tamquam
463 2113 483 2134 α
497 2105 627 2134 Domini
635 2104 755 2142 spiritu.

192 2151 224 2181 9.
241 2152 364 2180 Verum
374 2150 412 2179 ut
422 2149 482 2180 sub
504 2149 611 2188 aliqua
627 2149 857 2188 qualicumque

151 2195 378 2234 intelligentiae
400 2195 502 2225 forma
518 2195 604 2234 quod
621 2195 754 2233 legitur,
769 2194 858 2225 redi-

151 2243 268 2279 gatur:
286 2242 374 2271 salvo
389 2241 524 2280 quidem
540 2249 665 2279 sponsae
678 2249 736 2271 suo
751 2241 859 2279 singu-

152 2287 212 2316 lari
233 2288 359 2316 secreto
369 2309 378 2325 ,
390 2287 428 2316 ad
441 2287 527 2325 quod
539 2287 671 2317 interim
686 2295 751 2317 non
765 2286 859 2317 datur

153 2331 308 2361 accedere
319 2353 328 2370 ,
340 2332 523 2370 praesertim
538 2332 658 2362 talibus
673 2332 786 2371 quales
800 2341 858 2363 nos

153 2386 285 2415 ‚snmus3
303 2377 532 2415 apponendum
554 2385 631 2408 sane
656 2378 780 2417 aliquid
799 2386 859 2408 no·-

154 2423 204 2452 his
215 2445 223 2460 ,
240 2431 278 2453 eo
300 2423 573 2453 accommodatius
589 2423 629 2453 ad
654 2431 857 2454 communem

154 2477 304 2507 sensum,
323 2477 387 2507 quo
401 2468 570 2506 usitatius,
586 2469 671 2507 quod
692 2470 726 2499 et
750 2469 858 2500 verbis

155 2514 417 2552 consequentiam
430 2535 440 2551 ,
456 2514 489 2543 et
504 2513 708 2544 intellectum
721 2514 775 2544 det
787 2523 859 2553 par-

154 2559 250 2588 vulis.
268 2560 305 2589 Et
316 2559 398 2589 milii
414 2559 547 2598 quidem
559 2560 691 2590 videtur
699 2560 775 2590 satis
788 2568 858 2591 esse

157 2604 198 2634 ad
219 2605 360 2636 nostram
382 2614 521 2644 grossam
544 2606 578 2635 et
600 2606 738 2644 quodam
764 2607 858 2637 modo

158 2650 348 2688 popularem
374 2650 624 2689 intelligentiam
637 2673 646 2689 ,
659 2652 685 2681 si
709 2651 857 2691 dicendo,

1521 228 1577 239 ru·-

1520 238 1580 258 Ol.)

882 283 1017 312 Dilectus
1028 289 1114 310 meus
1127 279 1215 315 mihi,
1230 277 1470 320 subaudiamus,
1480 282 1581 313 inten-

882 328 947 357 ‹12·t.·
962 326 999 356 ut
1009 325 1174 363 sitsensus
1187 345 1197 360 ,
1212 323 1356 353 Dilectus
1370 334 1461 357 meus
1473 328 1579 358 inten-

883 373 932 404 dit
943 373 1043 411 mihi,
1059 373 1093 403 et
1109 379 1166 410 ego
1182 370 1244 401 illi.
1259 371 1459 409 Quamquam
1473 375 1580 405 tamen

882 427 943 450 nec
956 419 1042 450 solus
1054 426 1112 457 ego
1124 417 1159 448 id
1170 415 1326 448 senserim
1336 436 1345 453 ,
1360 423 1420 445 nec
1434 418 1556 454 primus
1571 428 1579 447 :

884 473 957 495 cum
980 463 1141 503 Propheta
1167 462 1244 492 ante
1267 470 1320 491 me
1342 460 1487 500 dixerit,
1514 464 1582 493 13ae-

883 511 1019 548 spectans
1031 510 1202 549 exspectavi
1215 507 1402 543 Dominum,
1415 508 1443 537 et
1458 508 1584 538 intendit

883 555 970 585 mihi.
987 555 1095 586 Habes
1109 553 1221 593 aperte
1231 552 1447 583 intentionem
1456 551 1585 582 Domini

885 601 925 631 ad
945 601 1140 640 prophetam
1156 609 1165 629 ε
1182 599 1284 630 habes
1307 598 1340 628 et
1361 596 1530 636 Prophetae
1547 598 1585 627 ad

884 646 1059 676 Dominum
1087 647 1122 675 in
1148 653 1187 676 eo
1212 643 1297 684 quod
1312 643 1377 674 ait:
1395 644 1590 682 Eoespectans

884 693 1064 730 exspectavi.
1081 692 1158 721 Nam
1168 691 1225 729 qui
1234 689 1416 728 exspectat,
1427 687 1586 718 intendit:

885 737 919 767 et
936 737 1128 775 exspectare
1150 735 1321 766 intendere
1338 734 1398 764 est.
1419 733 1510 764 Idem
1522 741 1590 763 om-

884 781 961 811 nino
976 790 1110 820 sensus,
1139 780 1254 812 eadem
1277 787 1363 818 pene
1380 778 1483 810 verba
1502 779 1590 817 apud

883 827 1097 866 Prophetam,
1113 835 1186 865 quae
1201 825 1288 865 apud
1301 831 1451 863 sponsam
1466 832 1476 854 t
1491 823 1549 854 sed
1573 832 1591 853 a

884 873 1047 911 Propheta
1072 872 1277 911 transposita.
1302 870 1396 901 Prius
1429 869 1591 908 siquidem

885 918 924 957 is,
940 918 1026 958 quod
1040 918 1097 949 illa
1113 917 1276 957 posterius
1289 916 1409 955 posuit,
1428 915 1463 946 et
1477 923 1496 945 e
1511 923 1588 946 con-

886 972 992 995 verso.
1029 964 1033 968 '

927 1011 977 1041 10.
1003 1010 1162 1042 Caeterum
1185 1017 1300 1048 sponsa
1326 1007 1450 1038 rectius
1478 1006 1590 1037 locuta

886 1056 953 1094 est,
966 1055 999 1086 et
1020 1064 1087 1086 non
1110 1055 1316 1094 praetendens
1340 1052 1494 1083 meritum
1509 1073 1518 1090 ,
1534 1052 1592 1082 sed

886 1100 1090 1139 praemittens
1109 1099 1326 1138 beneficium,
1342 1098 1375 1128 et
1390 1106 1424 1128 se
1442 1105 1591 1136 praeven-
1613 1121 1615 1123 .

886 1147 953 1176 tam
968 1146 1082 1177 dilecti
1095 1146 1197 1185 gratia
1213 1144 1386 1176 confitens.
1404 1143 1505 1174 Recte
1522 1151 1591 1173 om-

885 1192 975 1222 nino.
987 1192 1066 1222 Nam
1081 1191 1154 1230 quis
1165 1191 1254 1229 prior
1268 1190 1361 1221 dedit
1377 1189 1439 1228 illi,
1451 1189 1485 1219 et
1499 1189 1591 1219 retri⁴

887 1237 1006 1268 buetur
1035 1237 1088 1268 ei?
1112 1237 1261 1275 Denique
1291 1236 1369 1266 audi
1394 1235 1589 1271 Johannem,

885 1284 966 1322 quid
980 1284 1014 1314 in
1030 1283 1167 1322 epistola
1179 1291 1237 1314 sua
1253 1291 1349 1320 super
1360 1282 1422 1312 hoc
1437 1280 1589 1311 senserit,

886 1331 924 1360 In
940 1330 996 1360 hoc
1011 1332 1053 1361 est
1067 1331 1202 1366 caritas,
1218 1328 1343 1367 inquit,
1354 1336 1419 1358 non
1433 1328 1523 1366 quasi
1536 1335 1592 1356 iios

886 1376 1085 1406 dilexerimus
1103 1377 1204 1406 Deum
1213 1396 1223 1411 ,
1239 1375 1290 1405 secl
1303 1375 1364 1413 ipse
1374 1373 1464 1412 prior
1485 1372 1594 1402 dilexit

886 1430 953 1453 nos.
983 1421 1143 1460 Propheta
1167 1421 1276 1451 tamen
1300 1418 1412 1457 gratiae
1442 1424 1594 1455 praeven-

887 1469 1010 1499 tionem
1031 1469 1094 1498 etsi
1115 1467 1220 1498 tacuit
1231 1489 1241 1505 ,
1254 1474 1320 1496 non
1334 1464 1468 1504 negavit
1482 1463 1594 1494 subse-

888 1512 1051 1542 cutionem
1067 1521 1075 1541 :
1092 1513 1189 1551 plane
1197 1519 1263 1541 non
1276 1509 1392 1540 tacuit.
1408 1508 1472 1539 Sed
1483 1508 1593 1546 accipe

889 1558 996 1589 etalio
1016 1558 1088 1588 loco
1108 1557 1282 1587 certiorem
1302 1556 1342 1586 de
1358 1563 1394 1585 re
1415 1554 1476 1585 ista
1492 1553 1595 1592 ipsius

889 1603 1136 1634 contessionem.
1156 1604 1199 1633 Et
1217 1602 1432 1633 misericordia
1452 1602 1527 1637 tua,
1544 1599 1595 1629 in—

888 1649 960 1687 quit
983 1648 994 1687 (
1008 1649 1148 1678 Domino
1161 1645 1381 1686 loquebatur)
1397 1645 1596 1684 subsequetur

888 1703 935 1724 me
947 1693 1198 1724 omnibusdiebus
1212 1694 1283 1723 vitae
1300 1700 1388 1722 meoe.
1406 1690 1492 1720 Audi
1507 1691 1540 1721 et
1554 1690 1595 1720 de

888 1739 1111 1778 praeventione
1126 1737 1309 1768 identidem
1324 1737 1427 1776 ipsius
1442 1744 1509 1766 non
1531 1737 1596 1765 mi-

889 1793 949 1815 nus
979 1785 1102 1815 certam
1132 1783 1381 1814 manifestamve
1411 1781 1594 1812 scientiam.

890 1833 971 1862 Deus
995 1840 1099 1867 meus,
1131 1829 1261 1868 inquit,
1290 1828 1503 1859 misericordia
1530 1828 1597 1865 ejus·

889 1877 1049 1913 proeveiziet
1064 1885 1123 1906 me.
1144 1876 1227 1905 Item
1243 1874 1282 1904 ad
1296 1874 1473 1904 Dominum
1489 1880 1499 1902 ε
1516 1873 1594 1908 Cilo,

890 1923 948 1960 ait,
964 1923 1194 1961 auticipeutnos
1208 1920 1426 1951 misericordioe
1438 1920 1511 1955 tuae,
1523 1920 1607 1957 quim

889 1978 1037 2007 pauperes
1053 1968 1129 2006 sueti
1136 1975 1242 1998 sumus
1254 1966 1358 1996 nimis.
1372 1965 1488 1995 Pulcre
1495 1964 1607 2003 Spon-'

890 2022 923 2044 sa
946 2012 1137 2053 posterius(
1159 2012 1195 2042 ni
1219 2010 1341 2050 fallor)
1371 2010 1441 2041 haee
1478 2010 1593 2040 eadem

891 2060 990 2089 verba
1002 2067 1068 2089 non
1084 2058 1199 2089 eodem
1214 2057 1328 2088 ordine
1340 2055 1453 2096 ponit,
1470 2055 1528 2086 sed
1543 2064 1596 2085 se-

890 2106 1001 2143 quitur
1017 2106 1050 2135 et
1069 2105 1138 2144 ipsa
1157 2103 1330 2142 Prophetae
1356 2101 1526 2139 ordinem,
1551 2101 1598 2130 lo-

890 2159 992 2189 quens
1014 2151 1076 2181 hoe
1097 2150 1213 2180 modo:
1231 2151 1296 2188 qu
1321 2149 1428 2178 dilecto
1461 2156 1529 2178 meo
1542 2168 1552 2184 ,
1569 2149 1597 2177 et

891 2198 1016 2227 dilectus
1036 2205 1122 2227 meus
1135 2195 1222 2226 mihi.
1245 2195 1307 2225 Cur
1329 2192 1395 2224 ita?
1416 2193 1538 2231 Nempe
1561 2193 1596 2222 ut

891 2242 971 2272 tune
992 2242 1094 2280 magis
1119 2241 1223 2280 gratia
1252 2240 1385 2279 plenam
1409 2246 1444 2269 se
1469 2238 1597 2277 probet,

892 2297 965 2317 cum
986 2288 1090 2318 totum
1107 2287 1219 2325 gratiae
1248 2285 1397 2323 dederit,
1421 2285 1455 2315 et
1478 2283 1597 2322 primas

891 2334 1019 2365 seilicet
1040 2333 1089 2363 illi
1111 2333 1220 2371 partes
1247 2331 1452 2367 adscribens,
1467 2330 1501 2359 et
1521 2329 1598 2358 ulti-

892 2387 970 2409 mas.
1001 2379 1151 2417 Alioquin
1171 2376 1331 2416 quomodo
1358 2375 1462 2414 gratia
1486 2374 1595 2412 plena,

891 2425 919 2455 si
934 2424 1011 2463 quid
1026 2423 1198 2462 habuerIt,
1214 2422 1301 2462 quod
1322 2429 1388 2452 non
1409 2420 1451 2449 sit
1464 2427 1506 2448 ex
1523 2426 1597 2455 gra-

893 2470 958 2501 tia?
973 2471 1040 2500 Non
1064 2470 1113 2500 est
1127 2478 1190 2508 quo
1213 2468 1316 2506 gratia
1328 2465 1446 2501 intret,
1460 2463 1518 2493 ubi
1529 2463 1595 2499 jam

893 2515 1045 2546 meritum
1075 2514 1257 2553 occupavit.
1284 2513 1363 2549 Ergo
1391 2509 1457 2546 jam
1483 2514 1592 2537 ΡιΕΝΛ

892 2567 1073 2592 CONFESSIO
1098 2566 1260 2595 GRATJAE,
1278 2557 1379 2595 ipsius
1400 2552 1510 2591 gratiae
1525 2552 1595 2590 ple-

894 2606 1076 2637 nitudinem
1094 2605 1196 2643 signat
1220 2604 1252 2633 in
1269 2601 1375 2631 anima
1390 2597 1587 2629 confitentis.

893 2654 970 2682 Nam
992 2653 1017 2683 si
1033 2652 1109 2691 quid
1127 2652 1164 2681 de
1179 2647 1308 2687 proprio
1322 2645 1424 2684 inest,
1441 2643 1472 2673 in
1488 2651 1593 2682 ‹pian-
