1810 3073
279 228 339 260 498

462 283 634 319 SERMO
667 287 798 320 XVII.

276 347 317 371 De
334 354 441 374 accessu
460 352 487 374 et
505 357 612 376 recessu
630 351 751 383 Spiritus
771 353 857 377 sancti
878 351 976 376 obser—

307 384 410 419 vando,
431 385 522 417 deque
543 387 650 411 invidia
674 388 778 412 diaboli
798 395 865 419 erga
889 394 977 419 genus

303 419 476 447 humanum.

313 471 343 501 1.
358 471 570 502 rammasse
583 473 660 502 satis
675 481 862 511 processum
879 474 925 502 est
939 472 973 502 in

271 517 456 547 sanctuario
473 517 553 554 Dei,
577 517 655 546 dum
677 520 860 548 scrutamur
879 518 974 546 mira-

268 561 338 592 bile
361 564 615 599 sacramentum,
638 571 679 592 an
703 563 743 592 ad
768 564 974 601 perscrutan-

269 605 348 635 dum
364 607 489 644 adhuc,
517 606 542 635 si
569 607 650 644 quid
671 608 795 645 restat,
818 608 973 638 audemus

268 652 421 690 spiritum
445 653 485 682 ad
506 653 662 683 interiora
683 654 777 692 sequi
796 654 808 683 ἓ
833 654 971 692 Spiritus

267 707 389 737 nempe
405 699 465 729 iste
485 699 648 730 scrutatur
668 708 733 729 non
749 700 853 730 solum
870 700 972 729 homi-

266 752 346 774 num
362 744 456 774 corda
465 745 498 774 et
508 753 616 781 renes,
629 745 685 774 sed
701 745 798 774 etiam
813 745 970 783 profunda

266 790 353 820 Dei:
378 791 410 820 et
432 791 500 820 sive
523 790 563 820 ad
580 792 705 828 nostra,
729 791 797 820 sive
824 791 865 820 ad
887 792 968 829 alta,

266 845 400 866 securus
416 845 531 874 sequor
547 845 622 866 eum
648 845 851 875 quocumque
878 837 966 867 ierit.

265 882 403 911 Tantum
431 883 468 911 ut
493 882 654 912 custodiat
682 883 777 912 corda
802 884 909 912 nostra
936 885 967 913 et

264 927 502 966 intelligentias
514 930 703 965 nostras,ne
717 928 799 958 forte
815 937 888 958 cum
904 937 967 958 non

264 974 387 1011 aderit,
417 974 530 1002 adesse
555 974 726 1011 putemus,
756 975 966 1012 nostrumque

263 1027 322 1056 pro
345 1019 413 1056 ipso
435 1026 610 1056 sequamur
630 1027 760 1048 sensum
785 1019 964 1049 deviantes.

263 1065 362 1094 Yenit
378 1072 516 1102 namque
529 1085 538 1100 ,
555 1066 587 1094 et
602 1064 693 1094 vadit
715 1066 811 1102 prout
826 1065 915 1102 sult3
933 1066 966 1095 et

263 1118 360 1140 nemo
375 1109 471 1139 facile
488 1109 566 1146 scit,
581 1109 668 1139 unde
687 1110 819 1148 veniat,
833 1112 887 1140 aut
903 1119 979 1148 quo

261 1156 372 1186 vadat.
398 1156 439 1184 At
463 1154 551 1185 istud
583 1155 654 1184 sine
680 1155 797 1186 damno
830 1156 963 1186 fortasse

261 1203 376 1232 salutis
391 1201 521 1231 nescire
543 1200 813 1231 licetzcaeterum
835 1202 963 1240 quando

261 1248 392 1285 veniat,
407 1248 461 1277 vel
481 1247 611 1285 quando
623 1247 730 1285 vadat,
748 1248 780 1277 id
795 1248 891 1286 plane
906 1258 963 1287 pe-

260 1294 491 1324 riculosissime
515 1294 690 1332 ignoratur.
709 1295 787 1323 Cum
809 1295 897 1324 enim
914 1296 963 1325 11ae

259 1340 398 1378 Spiritus
414 1339 516 1369 sancti
538 1339 623 1368 circa
641 1347 699 1369 nos
720 1339 962 1377 dispensatoriae

259 1385 392 1423 quidem
427 1384 672 1415 vicissitudines
709 1385 960 1423 vigilantissime

258 1439 324 1460 non
348 1431 573 1468 observantur,
598 1430 634 1459 fit
653 1430 689 1460 ut
710 1439 770 1460 nec
794 1432 960 1462 absentem

259 1475 443 1513 desideres,
480 1484 542 1505 nec
567 1476 760 1512 praesentem
789 1477 958 1519 glorifices.

257 1522 380 1559 Nempe
409 1521 466 1560 qui
490 1521 610 1551 idcirco
636 1522 763 1552 recedit
783 1523 818 1552 ut
834 1523 960 1554 avidius

257 1568 463 1606 requiratur3
485 1575 626 1605 quonam
651 1567 763 1606 modo,
792 1568 818 1598 si
847 1569 958 1599 abesse

256 1613 420 1651 uescitur,
448 1612 654 1652 requiritur?
681 1614 720 1643 Et
746 1622 876 1644 rursum
904 1617 957 1654 qui

256 1660 428 1698 dignanter
443 1660 482 1689 ad
506 1660 567 1689 hoc
588 1659 674 1689 redit
698 1661 735 1690 ut
753 1662 956 1700 consoletur3

254 1707 397 1745 qualiter
411 1705 506 1744 digne
522 1713 580 1743 pro
595 1713 652 1734 sua
666 1705 836 1742 majestate
858 1709 958 1738 susci-

254 1753 356 1791 pitur,
367 1752 394 1782 si
408 1759 467 1781 nec
482 1751 593 1781 adesse
610 1750 771 1781 sentitur?
782 1752 870 1782 Mens
883 1761 957 1792 ergo

253 1808 327 1837 quae
351 1797 478 1837 ignorat
499 1797 700 1834 abscessum,
726 1798 817 1835 patet
842 1799 958 1830 seduc-

252 1844 337 1874 tioni
354 1853 362 1873 ε
386 1844 419 1874 et
443 1852 515 1881 quae
534 1842 680 1873 reditum
701 1851 766 1873 non
783 1843 955 1884 observat,

253 1890 317 1920 erit
332 1890 455 1928 ingrata
469 1889 662 1919 visitationi.

292 1937 323 1966 2.
340 1936 438 1966 Petiit
453 1935 616 1974 quondam
640 1935 766 1974 aliquid
788 1936 921 1967 Elisaeus
937 1947 954 1967 a

250 1983 498 2021 magistro,cum
509 1981 686 2011 discessum
701 1981 770 2018 ejus
785 1982 955 2013 imminere

250 2028 428 2066 persensit3
455 2036 516 2057 nec
542 2027 702 2065 obtinuit,
732 2027 818 2057 sicut
842 2028 954 2067 scitis,

250 2073 313 2103 nisi
331 2082 367 2103 ea
390 2073 523 2111 quidem
545 2072 750 2110 conditione,
772 2073 799 2103 si
826 2074 955 2106 vIderet

250 2119 377 2155 quamdo
393 2119 564 2149 tolleretur
586 2127 604 2149 a
619 2127 665 2149 se.
682 2120 718 2148 In
733 2119 833 2157 figura
847 2120 953 2151 conti-

250 2164 298 2201 git
314 2164 373 2192 hoc
390 2164 472 2201 illis,
489 2164 648 2203 scriptum
660 2165 709 2194 est
730 2165 840 2194 autem
855 2174 953 2204 prop-

250 2210 302 2238 ter
323 2217 392 2238 nos.
414 2210 538 2247 Yigiles
563 2218 632 2240 esse
651 2212 685 2241 et.
710 2211 843 2241 solliciti
867 2211 951 2242 circa

248 2262 329 2291 opus
344 2255 460 2284 nostrae
474 2255 586 2286 salutis
601 2254 611 2295 (
628 2256 712 2294 quod
726 2256 807 2285 mira
823 2257 953 2287 subtili-

248 2300 316 2329 tate
341 2308 377 2329 ac
400 2301 560 2330 suavitate
583 2301 702 2332 divinae
718 2310 784 2332 suae
809 2303 887 2332 artis
902 2303 952 2332 in-

248 2346 411 2375 cessanter
426 2345 538 2375 actitat
552 2346 691 2384 Spiritus
705 2347 738 2376 in
749 2347 865 2378 intimo
877 2357 951 2379 nos-

247 2390 314 2431 tri)
331 2391 523 2430 prophetico
546 2392 701 2422 docemur
722 2394 753 2423 et
779 2402 950 2424 monemur

249 2437 412 2474 exemplo.
439 2436 620 2474 Numquam
641 2445 717 2467 sane
743 2439 813 2468 sine
842 2442 949 2470 nostra

247 2483 445 2523 conscientia
460 2483 611 2520 magistra
625 2483 753 2520 unctio,
769 2493 839 2522 quae
855 2485 949 2516 docet

248 2530 288 2559 de
304 2529 454 2558 omnibus
467 2551 475 2566 ,
490 2529 621 2558 tollatur
637 2536 654 2557 a
667 2529 779 2566 nobis,
796 2530 821 2558 si
840 2530 949 2567 dupli-

249 2576 320 2605 cato
348 2575 496 2605 volumus
531 2583 668 2604 munere
696 2583 760 2604 non
790 2575 945 2605 fraudari.

246 2622 444 2660 Numquam,
463 2629 535 2651 cum
549 2620 698 2657 venerit,
723 2620 869 2651 inveniat
885 2622 947 2650 im-

248 2669 390 2707 paratos,
406 2666 466 2697 scd
483 2674 610 2706 semper
631 2666 738 2696 vultus
753 2674 922 2706 suspensos
935 2688 944 2705 ,

745 235 776 263 S.
797 234 1033 263 BERNARDl
1053 235 1249 264 ABBATIS

1014 296 1240 327 expansosque
1256 290 1416 322 habentes
1435 292 1526 322 sinus
1541 292 1581 323 ad
1595 294 1716 333 largam

1012 334 1143 363 Domini
1159 335 1435 366 henedictIOnem.
1446 338 1563 374 Quales
1575 338 1718 378 denique

1012 379 1151 416 quaerit?
1179 381 1299 410 Similes
1316 381 1488 413 hominibus
1510 386 1715 422 exspectanti-

1012 423 1066 454 bus
1080 425 1238 455 dominum
1252 435 1342 456 suum
1350 448 1360 463 ,
1376 430 1498 465 quando
1509 432 1680 460 revertatur
1693 441 1714 461 a

1009 472 1123 508 nuptiis
1148 481 1158 501 .·
1181 471 1238 509 qui
1266 471 1381 509 utique
1411 473 1451 502 ab
1478 474 1544 504 illis
1565 483 1713 513 supernae

1009 523 1129 546 mensae
1142 517 1279 555 copiosis
1287 517 1413 548 deliciis
1422 527 1524 549 vacua
1535 529 1712 558 numquam

1009 562 1187 592 revertitur
1201 571 1311 592 manu.
1328 563 1538 601 Vigilandum
1554 566 1688 603 proinde
1701 587 1712 606 ‚

1009 607 1041 635 et
1057 607 1256 645 vigilandum
1279 609 1366 638 omni
1392 610 1490 648 hora,
1511 612 1587 649 quia
1608 613 1713 642 nesci-

1007 660 1078 681 mus
1093 661 1154 691 qua
1171 654 1248 683 hora
1263 654 1401 692 Spiritus
1416 658 1572 686 venturus
1586 657 1640 694 sit,
1652 666 1711 689 seu

1006 697 1125 728 iterum
1142 699 1297 730 abiturus.
1311 701 1340 729 It
1354 702 1387 730 ct
1401 701 1487 731 redit
1506 702 1662 740 Spiritu83
1677 704 1711 734 et

1005 744 1060 781 qui
1086 746 1149 775 stat
1173 754 1211 775 eo
1236 747 1369 776 tenente
1381 768 1390 784 ,
1414 746 1585 778 deserente
1616 748 1709 780 cadat

1005 797 1136 821 necesse
1163 793 1211 821 est
1230 800 1237 819 :
1262 792 1319 821 sed
1336 800 1400 821 non
1427 793 1610 831 colliditur,
1632 794 1708 832 quia

1004 834 1159 865 Dominus
1168 845 1294 866 rursum
1303 837 1457 875 supponit
1467 846 1596 868 manum
1604 847 1708 870 suam.

1003 879 1040 908 Et
1056 881 1111 910 has
1128 882 1289 912 alternare
1305 883 1393 913 vices
1409 891 1474 912 non
1495 886 1597 914 cessat
1613 884 1645 913 in
1656 884 1708 916 his

1002 925 1057 962 qui
1080 927 1265 964 spirituales
1294 929 1389 966 sunt,
1419 930 1472 958 vel
1497 938 1576 967 quos
1599 931 1708 968 potius

1002 970 1188 1007 spirituales
1199 974 1335 1011 proinde
1352 975 1420 1012 ipse
1430 982 1539 1004 creare
1550 975 1704 1014 intendit,

1002 1016 1136 1047 vIsitans
1147 1018 1301 1055 diluculo,
1315 1021 1349 1049 et
1363 1019 1470 1050 subito
1480 1021 1629 1058 probans.
1643 1021 1706 1050 De-

1001 1062 1098 1099 nique
1114 1065 1221 1101 septies
1235 1065 1313 1093 cazlz't
1321 1064 1435 1100 justae,
1448 1067 1474 1094 el
1489 1067 1708 1103 septiesresur·

1001 1109 1041 1145 qil
1057 1118 1066 1137 .-
1082 1108 1108 1137 si
1124 1110 1233 1138 tamen
1249 1109 1335 1139 cadit
1354 1111 1385 1139 in
1402 1111 1468 1146 die,
1484 1112 1520 1140 ut
1540 1119 1574 1140 se
1587 1110 1702 1140 cadere

1000 1153 1109 1184 videat
1122 1176 1131 1192 ,
1145 1156 1177 1184 et
1193 1155 1347 1185 cecidisse
1363 1155 1462 1193 sciat,
1479 1156 1511 1185 et
1532 1164 1702 1194 resurgere

976 1207 978 1212 ¹
1000 1200 1126 1238 cupiat,
1144 1202 1176 1230 et
1192 1201 1335 1239 requirat
1349 1210 1481 1231 manum
1497 1201 1702 1241 adjuvantis,

976 1244 977 1262 ³
999 1247 1031 1275 ct
1044 1246 1144 1276 dicat:
1158 1248 1289 1277 Domine
1300 1268 1311 1283 ,
1328 1247 1358 1276 in
1371 1248 1526 1277 voluntate
1540 1249 1594 1277 tua
1605 1257 1702 1285 proes-

999 1293 1084 1322 luisti
1097 1294 1198 1322 decori
1222 1302 1287 1322 meo
1302 1294 1463 1331 virtulem,-
1491 1295 1627 1324 avertisti
1650 1294 1700 1332 sa—

998 1340 1071 1368 ciem.
1096 1341 1182 1368 licam
1199 1348 1219 1369 a
1240 1348 1306 1375 me,
1327 1340 1354 1368 et
1369 1340 1468 1376 factus
1482 1348 1549 1370 sum
1571 1342 1697 1370 contur-

999 1383 1098 1414 batus.

1035 1431 1067 1459 5.
1097 1429 1194 1459 Aliud
1223 1431 1272 1460 est
1296 1429 1446 1460 dubitare
1471 1431 1512 1461 de
1536 1430 1697 1470 veritate,

996 1475 1081 1513 quod
1093 1476 1226 1513 patiaris
1241 1484 1374 1505 necesse
1391 1478 1451 1514 est,
1468 1473 1541 1506 cum
1558 1476 1696 1515 Spiritus

995 1520 1129 1550 minime
1146 1521 1247 1559 spirat
1264 1530 1271 1549 :
1291 1523 1323 1551 et
1339 1521 1429 1551 aliud
1444 1530 1556 1560 sapere
1574 1523 1700 1552 falsita-¹

995 1568 1079 1603 tem,
1111 1567 1196 1605 quod
1219 1566 1314 1597 facile
1341 1575 1458 1604 caves,
1493 1568 1520 1597 si
1546 1568 1694 1598 eamdem

994 1614 1082 1642 tuam
1104 1613 1318 1650 ignorantiam
1333 1621 1397 1642 non
1414 1612 1558 1651 ignoras,
1577 1615 1694 1652 quate-

994 1667 1053 1688 nus
1069 1659 1156 1688 dicas
1164 1659 1197 1688 et
1208 1660 1244 1688 tu
1257 1660 1318 1688 tEt
1329 1659 1435 1697 siquid
1447 1660 1695 1698 1'qnora‹=1',1'9n0-

993 1706 1097 1734 rantia
1116 1714 1185 1734 mea
1199 1713 1317 1734 mecum
1339 1707 1394 1734 est.
1410 1704 1518 1734 Sancti
1538 1705 1597 1734 Job
1617 1714 1693 1735 sen-

993 1750 1093 1779 tentia
1117 1751 1188 1787 est3
1214 1749 1388 1787 agnoscite.
1411 1750 1561 1780 Pessima}
1582 1751 1694 1781 matris

993 1796 1200 1834 ignorantiae,
1216 1795 1365 1833 pessimae
1390 1795 1506 1824 itidem
1520 1795 1595 1825 filiae
1621 1796 1691 1829 duae

991 1842 1082 1879 sunt,
1100 1841 1221 1871 salsitas
1233 1842 1266 1870 ct
1278 1841 1443 1870 dubietas:
1461 1841 1517 1870 illa
1531 1841 1692 1880 miserior,

991 1888 1051 1917 ista
1066 1887 1301 1925 miserabili0r3
1318 1887 1531 1925 perniciosior
1546 1887 1615 1926 illa,
1631 1888 1690 1918 ista

990 1934 1167 1964 molestior.
1183 1934 1269 1963 Dum
1285 1932 1589 1972 loquiturSpiritus,
1604 1934 1691 1964 cedit

990 1981 1126 2018 utraque
1145 1989 1152 2009 :
1170 1981 1202 2009 et
1215 1980 1263 2009 est
1279 1987 1342 2009 non
1357 1979 1459 2008 solum
1476 1979 1616 2017 veritas,
1633 1979 1689 2010 sed

990 2027 1022 2056 et
1052 2027 1139 2056 certa
1154 2025 1288 2055 veritas.
1315 2025 1369 2055 Est
1389 2025 1512 2063 quippe
1541 2025 1688 2056 veritatis

989 2072 1045 2101 ille
1061 2072 1219 2110 Spiritus,
1236 2071 1290 2101 cui
1306 2071 1468 2101 contraria
1479 2071 1601 2101 falsitas
1616 2071 1662 2101 est
1676 2080 1687 2101 t

989 2120 1086 2149 estet
1106 2118 1295 2156 sapientiae,
1321 2126 1393 2155 quae
1412 2125 1486 2146 cum
1507 2117 1550 2147 sit
1570 2118 1687 2148 candor

988 2165 1063 2195 vitae
1080 2165 1225 2201 aeternae,
1242 2165 1274 2193 et
1294 2163 1417 2201 ubique
1434 2163 1572 2201 attingat
1587 2172 1684 2202 prop-

988 2212 1036 2241 ter
1050 2209 1245 2240 munditiam
1266 2217 1375 2247 suam,
1398 2209 1569 2239 obscurum
1584 2210 1685 2239 ambi-

987 2257 1039 2295 gui
1056 2265 1120 2286 non
1135 2256 1291 2286 admittit.
1317 2256 1467 2285 Cavenda
1491 2264 1588 2294 sane,
1612 2263 1683 2286 cum

986 2304 1125 2343 Spiritus
1138 2303 1200 2333 iste
1215 2311 1279 2333 non
1294 2303 1454 2340 loquitur,
1468 2303 1528 2332 etsi
1544 2310 1607 2332 non
1619 2311 1685 2332 mo-

985 2351 1064 2380 lesta
1078 2349 1238 2386 dubietas,
1247 2350 1334 2378 certe
1342 2347 1464 2378 falsitas
1474 2348 1682 2378 exsecranda.

985 2394 1080 2425 Aliud
1106 2395 1155 2424 est
1176 2393 1264 2424 enim
1289 2392 1348 2423 sub
1378 2393 1521 2429 incerto,
1548 2392 1609 2422 hoc
1628 2392 1682 2422 vel

984 2441 1065 2470 illud
1090 2439 1251 2478 opinando
1275 2438 1416 2476 sentire,
1448 2438 1537 2467 aliud
1559 2439 1681 2468 temere

983 2486 1143 2516 affirmare
1159 2485 1245 2523 quod
1259 2484 1395 2514 nescias.
1406 2484 1468 2514 Aut
1484 2492 1558 2521 ergo
1572 2484 1682 2521 loqua-

984 2532 1036 2560 tur
1055 2540 1183 2569 semper
1205 2531 1353 2570 spiritus,
1379 2530 1466 2569 quod
1491 2529 1593 2560 nostri
1610 2529 1680 2567 qui-

983 2577 1056 2606 dem
1071 2578 1205 2607 minime
1231 2577 1359 2607 arbitrii
1386 2577 1435 2607 cst
1451 2585 1459 2605 ε
1483 2577 1539 2606 aut
1554 2574 1679 2614 quando

981 2623 1078 2652 silere
1104 2624 1230 2660 placet,
1255 2623 1315 2652 hoc
1344 2623 1451 2661 ipsum
1479 2622 1618 2659 indicet,
1647 2622 1680 2650 ct

981 2667 1134 2706 loquatur
1155 2669 1269 2697 saltem
1299 2677 1391 2698 suum
1421 2667 1609 2705 silentium,
1637 2673 1683 2696 ue·
