1830 3073
507 221 563 249 DE
582 219 798 249 DIVERSLS
816 220 969 247 SERMO
990 220 1080 247 XVI.

94 276 177 307 ferni
188 299 197 316 ‚
226 277 259 308 et
291 275 425 316 gloriam
459 275 550 314 regni
579 272 786 314 pollicentur.

93 323 184 354 Unde
197 331 270 361 ergo
284 323 375 353 nobis
389 322 454 352 tam
465 330 556 353 vanae
565 343 575 360 ‚
587 321 652 350 tam
662 319 768 349 noxiae
777 340 786 357 ‚

94 370 159 398 tam
181 370 337 400 obscoenae
361 368 591 407 cogitationes,
611 375 683 405 quae
702 372 788 394 nunc

94 414 299 444 immunditia
319 415 352 444 et
364 413 548 444 elevatione
557 435 567 451 ,
579 420 664 442 nunc
675 417 790 448 super-

93 458 146 488 bia
161 459 194 488 et
208 459 384 490 ambitione
395 481 405 497 ,
428 458 617 496 caeterisque
631 455 790 495 passioni-

93 503 152 534 bus
166 505 379 544 contorquent
397 513 472 542 nos,
488 505 525 534 ut
544 504 603 534 vix
617 500 789 540 aliquando

93 549 129 579 in
144 550 353 581 serenitatem
360 552 543 582 sanctarum
555 548 788 587 cogitationum

92 595 309 633 respiremus?
324 598 378 627 Vae
397 596 489 626 nobis
509 603 527 624 a
548 596 676 632 torpore
693 593 726 623 et
739 593 790 622 te-

92 648 170 678 pore
183 642 287 672 cordis
298 641 414 672 nostri!
428 641 483 679 qui
498 639 717 678 permittimus
732 646 789 668 nos

89 686 145 716 his
159 687 357 718 vanitatibus
377 685 527 724 occupari
537 707 546 724 ,
563 686 597 715 et
611 692 675 714 non
689 684 789 722 magis

91 739 136 762 cx
156 733 287 763 instanti
314 732 529 762 transsilimus
557 731 592 760 in
616 730 701 760 bona
725 730 790 758 Do-

91 778 191 817 mini,
206 779 276 809 sive
297 778 330 808 in
345 778 525 815 naturalia,
547 777 616 806 sive
637 775 673 805 in
693 775 790 814 spiri—

90 824 192 853 tualia
202 845 210 860 ‚
223 831 280 853 seu
297 822 396 853 etiam
411 824 445 852 111
458 824 591 853 aeterna.
603 823 642 852 Et
655 822 787 861 quidem

90 869 249 899 naturalia
265 869 347 899 bona
362 877 495 908 magna,
512 868 696 907 spiritualia
720 875 788 897 ma—

87 915 158 953 jora
167 937 176 953 ,
189 915 245 945 sed
253 915 394 945 maxima
404 915 479 945 suut
489 916 620 945 aeterna.
631 914 667 943 In
676 914 789 952 primis

91 969 295 999 reparamur,
319 962 354 990 in
379 961 530 991 secundis
551 960 770 990 exercitamur
780 981 788 997 ,

93 1007 298 1037 extendimur
321 1009 354 1037 et
377 1006 600 1036 beatificamur
618 1006 651 1035 in
669 1006 787 1036 tertiis.

92 1052 123 1082 Si
147 1061 212 1082 non
235 1053 327 1091 potes
351 1053 481 1082 oculum
510 1051 731 1081 meditationis
756 1051 790 1079 in

92 1097 180 1126 illam
205 1098 438 1127 sublimitatem
463 1097 666 1127 aeternalium
691 1097 790 1126 bono-

92 1150 164 1171 rum
185 1142 335 1181 infigere,
355 1143 430 1181 quia
451 1142 606 1172 distantia
633 1143 727 1180 sunt,
758 1143 790 1172 et

92 1195 219 1217 omnem
241 1196 370 1217 sensum
400 1188 623 1225 exsuperant:
641 1186 675 1216 in
697 1187 790 1217 bonis

90 1233 200 1269 gratiae
209 1254 218 1269 ,
231 1241 302 1270 quae
310 1233 384 1262 sunt
394 1232 428 1261 in
442 1232 600 1262 exercitio
613 1232 768 1261 virtutum
780 1255 788 1269 ,

89 1278 195 1308 visum
219 1277 371 1315 reflecte,
391 1278 428 1308 ut
449 1277 561 1307 videas
581 1284 680 1314 quam
700 1285 788 1314 purae

91 1322 295 1352 conscientia}
304 1344 313 1359 ,
321 1331 418 1360 quam
427 1323 537 1352 liberae
546 1321 661 1351 frontis
669 1322 710 1351 sit
718 1331 788 1352 ver-

89 1368 153 1398 sari
165 1368 197 1397 et
206 1368 389 1398 conversari
398 1368 431 1397 in
440 1367 586 1397 castitate
597 1368 630 1397 et
642 1367 787 1405 caritate,

91 1414 124 1443 111
139 1413 294 1452 patientia
316 1413 349 1443 et
371 1413 575 1451 humilitate,
596 1413 787 1452 caeterisque

90 1459 280 1498 virtutibus,
296 1468 368 1498 quae
384 1459 556 1488 amabilem
578 1459 644 1488 Deo
655 1481 664 1497 ,
681 1460 788 1496 placa-

91 1504 189 1534 bilem
199 1503 626 1534 etimitabilemhominibus
635 1504 787 1534 reddunt.

89 1550 180 1587 Quod
194 1550 221 1580 si
244 1551 276 1580 et
292 1550 360 1580 liaec
378 1549 476 1579 nimis
490 1549 642 1579 sublimia
660 1551 737 1580 sunt
756 1552 789 1580 et

90 1596 358 1634 transgredientia
373 1596 598 1625 infirmitatem
619 1597 708 1625 tuam
732 1596 787 1626 (10-

90 1642 183 1671 mitte
198 1642 305 1671 oculos
317 1642 388 1671 tuos
403 1642 437 1670 in
452 1641 537 1670 bona
553 1642 696 1680 naturae,
716 1651 788 1680 (11110

90 1687 151 1717 tibi
167 1688 232 1716 tam
248 1687 422 1716 familiaria
441 1695 511 1717 esse
525 1687 668 1725 (10110111,
685 1696 790 1726 quan-

91 1734 157 1763 tum
166 1735 200 1764 tu
211 1733 380 1762 familiaris
392 1741 425 1762 es
437 1733 510 1762 tibi.
520 1733 584 1762 Nee
594 1733 639 1762 sic
650 1733 789 1763 dicimus

91 1779 174 1808 bona
198 1780 338 1815 naturae,
361 1778 454 1815 quasi
474 1778 585 1816 gratiae
611 1787 678 1808 non
700 1780 763 1809 sint
781 1789 787 1808 :

92 1824 148 1852 sed
163 1824 235 1852 ideo
247 1823 332 1861 quod
344 1823 405 1860 ipsi
418 1823 541 1853 naturae
549 1823 687 1860 quodam
696 1824 790 1854 modo

93 1868 235 1905 ingenita
258 1870 290 1897 01
309 1868 524 1906 complantata
543 1868 682 1906 fuerint,
699 1871 790 1900 ante-

91 1922 187 1953 quam
201 1914 295 1943 fieret
316 1914 486 1951 peccatum
506 1913 588 1942 illud
599 1934 609 1951 ,
623 1915 711 1952 quod
726 1924 789 1945 11011

91 1959 192 1988 5010111
208 1966 376 1996 personam
392 1958 524 1996 infecit,
539 1958 597 1988 sed
615 1960 715 1990 etiam
732 1969 790 1990 na—

90 2004 206 2034 turam.
224 2005 348 2033 Extunc
360 2012 425 2034 non
440 2004 486 2033 ita
498 2003 593 2034 nohis
605 2005 645 2035 ad
656 2014 788 2037 manum

90 2050 276 2087 pervenisse
291 2050 510 2080 monstrantur
522 2051 655 2089 propter
669 2052 789 2083 vulnus

89 2094 267 2133 inflictum,
284 2103 356 2125 cum
368 2096 478 2126 tamen
492 2103 550 2126 nos
571 2096 629 2126 illa
648 2097 742 2128 nohis
757 2101 789 2129 et

89 2141 176 2171 circa
190 2149 247 2171 nos
262 2150 330 2171 esse
341 2142 406 2171 tam
421 2141 617 2181 rationibus,
633 2151 729 2181 quam
744 2145 789 2174 af-

89 2186 285 2216 sectionibus
312 2186 505 2225 plerumque
534 2188 724 2220 sentiamus.
752 2191 789 2221 Et

89 2232 164 2270 quia
179 2240 236 2262 nos
252 2241 294 2262 ex
310 2232 417 2262 anima
433 2233 465 2263 et
489 2241 622 2271 corpore
639 2234 788 2266 consisti-

89 2285 177 2314 mur3
190 2277 282 2314 Juxta
296 2285 409 2308 vocem
424 2278 583 2317 Apostoli,
601 2279 640 2309 ab
656 2279 787 2311 animali

90 2322 199 2360 parte,
217 2323 249 2353 id
265 2323 313 2353 est
330 2331 348 2353 a
362 2323 454 2354 honis
469 2325 628 2363 00100115,
650 2325 790 2365 incipia—

90 2374 180 2403 11105,
196 2369 233 2397 ut
256 2376 322 2397 non
343 2369 383 2399 sit
403 2369 494 2407 prius
508 2370 594 2408 quod
617 2371 787 2409 spirituale

90 2412 157 2449 est,
169 2412 226 2442 sed
239 2414 325 2450 quod
340 2414 493 2444 animale.

130 2457 161 2487 2.
180 2458 261 2488 Sunt
275 2459 384 2489 autem
405 2460 512 2490 omnia
530 2460 613 2491 hona
629 2463 786 2502 corporis,

90 2512 162 2542 quae
177 2504 208 2533 ei
224 2505 423 2535 solummodo
439 2506 636 2546 debeamus,
654 2509 785 2539 sanitas.

90 2550 177 2579 Nihil
201 2550 309 2580 autem
336 2551 366 2580 ei
388 2551 473 2580 ultra
497 2552 641 2583 dandum
663 2556 713 2584 est
734 2557 785 2585 vel

89 2595 310 2633 quaerendum,
323 2596 378 2626 sed
390 2596 449 2626 1100
461 2597 599 2627 10110100
608 2599 785 2639 ligandum,

90 2640 123 2669 et
139 2640 326 2672 frenandum
339 2642 403 2680 051,
418 2651 489 2672 cnm
503 2643 623 2674 fructus
632 2644 701 2681 ejus
712 2647 785 2676 nul-

1485 224 1518 254 51

823 271 872 302 lus
887 273 946 311 sit,
963 273 996 304 et
1010 281 1096 304 mors
1118 273 1161 303 sit
1175 271 1246 304 linis
1264 274 1363 306 illius.
1386 277 1449 308 Sed
1462 278 1517 308 hic

823 317 917 349 fovea
932 319 999 358 051,
1015 328 1086 358 quae
1101 320 1174 350 nolo
1190 328 1247 350 vos
1260 320 1371 352 lateat.
1384 323 1518 353 Insidia-

823 364 875 393 tur
890 365 979 395 enim
989 366 1136 404 voluptas
1150 365 1301 405 sanitati,
1316 367 1428 397 ettam
1442 369 1519 398 sub-

823 410 872 439 tili
885 411 1087 450 malignitate
1098 411 1304 450 prosequitur
1313 433 1323 450 ,
1334 411 1372 441 ut
1382 412 1438 442 vix
1447 421 1518 442 eam

822 455 893 492 quis
901 457 953 487 vel
962 457 1184 495 possitcavere
1193 479 1202 495 ,
1214 457 1269 487 vel
1280 456 1419 486 noverit.
1429 456 1520 492 Quod

822 501 849 530 si
864 502 1024 541 voluptati
1039 503 1199 540 servitur,
1214 509 1279 532 non
1294 500 1442 538 sanitati3
1458 501 1520 530 11οο

819 545 884 582 jam
898 547 938 577 de
954 549 1069 578 natura
1083 557 1148 578 non
1159 549 1225 585 est,
1240 547 1298 577 sed
1312 547 1371 577 sub
1383 546 1499 575 natura
1510 567 1520 582 ‚

822 601 893 630 quae
911 595 1009 624 morti
1031 603 1145 624 manus
1159 595 1230 632 dat,
1248 602 1320 623 cum
1335 592 1521 631 magistram

821 639 990 671 constituit
1013 641 1226 678 voluptatem.
1251 639 1329 669 Inde
1351 639 1451 668 etiam
1473 638 1523 667 est

821 685 905 722 quod
919 685 1015 716 multi
1030 685 1071 715 ad
1085 688 1151 715 tam
1166 685 1320 716 bestiales
1336 685 1369 714 et
1381 683 1522 713 rebelles

821 729 962 768 impetus
982 731 1239 768 descenderunt,
1258 728 1340 769 vel(
1356 729 1394 759 ut
1414 728 1521 758 dicam

821 776 931 806 verius
943 775 952 813 )
966 776 1155 806 ceciderunt
1165 797 1174 813 ,
1186 777 1223 806 01
1229 775 1428 814 voluptatem
1438 782 1523 812 prae·-

820 820 927 851 ferant
942 822 1093 860 sanitati,
1110 822 1176 851 illis
1185 822 1264 860 ipsis
1274 820 1451 859 saepissime
1463 828 1522 850 vo·

820 867 985 905 lutentur,
1005 876 1076 906 (1010
1099 868 1208 899 5010111
1224 867 1374 898 difficiles
1395 866 1522 896 0111011-

820 913 961 943 tissimas
980 914 1132 952 subsequi
1151 913 1327 953 passiones.
1351 912 1442 943 Sicut
1463 920 1522 941 au-

820 959 888 989 tem
916 960 1057 998 corporis
1082 961 1199 990 natura
1227 961 1277 989 est
1305 959 1444 996 sanitas,
1475 957 1521 986 ita

821 1005 926 1035 cordis
940 1006 1055 1035 natura
1072 1007 1122 1036 est
1139 1005 1284 1043 puritas:
1297 1005 1374 1043 quia
1390 1003 1522 1034 turbato

820 1052 913 1080 oculo
928 1059 992 1081 non
999 1051 1165 1081 videbitur
1176 1051 1281 1088 Deus;
1298 1051 1332 1080 et
1343 1059 1397 1080 cor
1409 1051 1523 1079 huma-

820 1104 899 1125 num
914 1096 954 1126 ad
969 1097 1030 1126 hoc
1042 1096 1164 1126 factum
1175 1097 1240 1135 est,
1256 1096 1293 1126 ut
1304 1104 1399 1126 suum
1410 1095 1523 1126 videat

820 1142 1014 1172 Creatorem.
1045 1142 1079 1172 Si
1106 1151 1185 1172 vero
1214 1142 1347 1172 sanitati
1377 1142 1522 1181 corporis

820 1187 958 1216 sollicita
979 1187 1028 1216 est
1053 1187 1253 1224 providenda
1276 1187 1439 1225 custodia,
1460 1196 1522 1225 pu-

820 1232 906 1261 ritati
922 1232 1025 1261 cordis
1040 1232 1130 1262 tanto
1146 1231 1315 1261 sollicitior
1331 1233 1380 1262 est
1395 1232 1523 1270 impen-

820 1277 940 1315 denda,
953 1278 1071 1315 quanto
1080 1286 1154 1315 pars
1167 1277 1228 1307 ista
1240 1277 1368 1315 dignIOr
1381 1278 1437 1308 illa
1451 1286 1522 1308 esse

820 1323 1039 1353 convincitur.
1055 1323 1116 1353 Hic
1130 1324 1241 1353 tamen
1255 1323 1452 1360 simpliciter
1467 1333 1522 1354 ac-

819 1370 958 1407 cipimus
973 1370 1152 1408 puritatem
1164 1391 1173 1406 ‚
1190 1370 1227 1399 ut
1240 1369 1397 1400 videlicet
1412 1371 1522 1401 omnia

818 1423 890 1452 quae
900 1415 1023 1452 agimus
1032 1437 1041 1452 ‚
1054 1423 1135 1453 pure
1146 1414 1179 1444 et
1190 1414 1361 1444 humiliter
1369 1416 1522 1447 confitea-

818 1468 890 1490 mur
900 1460 1038 1490 Domino
1047 1460 1080 1490 in
1091 1460 1234 1490 oratione
1246 1482 1255 1497 ,
1270 1460 1394 1490 homini
1405 1462 1522 1492 incon-

819 1505 976 1544 fessione,
992 1506 1025 1536 et
1045 1506 1190 1535 dicamus
1209 1513 1217 1534 :
1234 1507 1329 1542 Dixi,
1350 1508 1523 1545 Confitebor

819 1554 978 1583 adversum
992 1561 1040 1582 mc
1052 1552 1236 1590 injustitiam
1248 1561 1349 1581 meam
1363 1554 1498 1585 Domino
1510 1576 1520 1592 ,

818 1600 846 1628 et
858 1600 890 1628 tn
897 1599 1042 1629 remisisti
1055 1599 1241 1636 impietatem
1253 1600 1369 1636 peccate
1382 1601 1454 1630 mei.

858 1645 889 1674 5.
906 1645 943 1674 Et
965 1645 1043 1682 quia
1061 1644 1180 1674 sociale
1198 1644 1319 1673 animal
1333 1652 1463 1683 sumus,
1480 1655 1523 1677 ex

819 1688 870 1719 his
884 1698 955 1728 quae
971 1690 1004 1718 in
1023 1689 1117 1719 nobis
1132 1689 1225 1727 50111,
1241 1689 1282 1719 ad
1296 1697 1334 1720 ea
1349 1699 1422 1728 quoe
1437 1692 1523 1723 circa

817 1743 876 1764 nos
902 1736 975 1765 sunt
996 1735 1198 1765 transeamus
1214 1744 1222 1764 t
1240 1735 1294 1773 ut,
1317 1735 1344 1766 si
1366 1736 1439 1766 fieri
1463 1746 1524 1776 po-

818 1780 900 1817 test,
917 1780 1002 1818 quod
1020 1788 1062 1809 cx
1077 1780 1171 1809 nobis
1186 1781 1253 1818 est,
1270 1788 1384 1817 pacem
1400 1782 1523 1814 habea-

819 1833 891 1854 mus
901 1833 974 1854 cum
983 1825 1424 1857 001111110511011111111105.11100
1433 1829 1523 1860 enim

821 1872 870 1901 est
889 1871 946 1900 lex
971 1870 1129 1900 naturalis
1149 1870 1332 1908 societatis,
1353 1871 1391 1901 ut
1413 1874 1522 1904 omnia

819 1924 1029 1954 quaecumque
1052 1916 1146 1946 nobis
1166 1915 1238 1946 fieri
1260 1917 1430 1956 nolumus,
1447 1919 1522 1950 aliis

818 1969 882 1990 non
898 1960 1054 1990 faciamus
1069 1969 1077 1989 :
1097 1961 1131 1990 et
1145 1969 1216 1999 quae
1232 1962 1326 1991 nobis
1340 1962 1412 1992 fieri
1432 1965 1523 1994 volu-

818 2014 907 2044 mus,
921 2007 993 2036 aliis
1008 2007 1199 2044 impendere
1214 2007 1413 2038 studeamus.
1430 2009 1522 2041 Sicut

819 2060 893 2091 ergo
910 2053 1066 2083 debemus
1084 2052 1257 2083 sanitatem
1273 2054 1418 2092 corpori,
1430 2057 1523 2093 puri-

818 2098 918 2129 tatem
934 2098 1043 2128 cordi:
1060 2098 1105 2128 sic
1129 2098 1162 2128 et
1187 2098 1279 2129 fratri
1300 2107 1428 2138 pacem.
1449 2102 1521 2132 Jam

818 2144 895 2175 hinc
924 2144 1161 2174 transeundum
1193 2145 1243 2175 est
1267 2145 1309 2175 ad
1332 2148 1523 2178 sanctorum

819 2190 942 2220 animas
952 2212 961 2226 ‚
982 2198 1053 2228 quae
1066 2190 1105 2220 de
1119 2189 1216 2227 hujus
1230 2191 1437 2222 mortalitatis
1449 2201 1523 2223 car-

819 2244 893 2266 cere
918 2236 958 2266 ad
984 2236 1140 2266 coelorum
1164 2236 1283 2275 gaudia
1308 2237 1520 2269 volaverunt.

820 2284 876 2313 His
883 2283 1026 2322 profecto
1035 2283 1190 2314 debemus
1199 2283 1414 2314 imitationem
1428 2286 1522 2323 :quia

819 2330 943 2360 similes
961 2329 1053 2360 fuere
1069 2329 1163 2360 nobis
1178 2329 1365 2368 passibiles,
1381 2330 1415 2360 et
1429 2332 1521 2362 notas

818 2375 912 2406 nobis
927 2375 1075 2405 fecerunt
1091 2376 1162 2406 vias
1177 2375 1272 2414 vitae,
1287 2384 1367 2415 quas
1389 2377 1453 2407 tam
1472 2377 1523 2407 111-

819 2420 1031 2459 fatigabiliter
1046 2443 1056 2458 ,
1092 2429 1189 2459 quam
1228 2421 1520 2453 interminabiliter

818 2466 1008 2497 tenuerunt.
1028 2466 1091 2497 Sed
1106 2466 1139 2497 et
1155 2466 1221 2497 illis
1233 2466 1288 2506 qui
1302 2475 1366 2497 non
1383 2468 1416 2497 in
1430 2467 1520 2497 tanta

819 2512 990 2542 sanctitate
1003 2520 1061 2542 seu
1073 2513 1206 2551 peracta
1217 2512 1412 2551 poenitentia
1428 2512 1518 2542 exic-

819 2557 912 2595 runt,
934 2558 1189 2596 compassionem
1215 2558 1370 2588 debemus
1395 2557 1429 2587 et
1451 2565 1520 2586 ora-

819 2602 942 2632 tionem
953 2625 962 2641 ,
977 2604 1110 2642 propter
1122 2603 1237 2634 similis
1252 2604 1376 2633 naturae
1391 2610 1519 2632 consor-

820 2647 901 2677 tium
912 2657 919 2677 :
930 2649 964 2678 ul
980 2649 1054 2687 pius
1068 2649 1163 2680 Pater
1178 2649 1303 2680 auferat
1319 2648 1454 2679 scoriam
1468 2656 1522 2679 eo-
