1810 3073
478 228 522 255 1N
543 225 743 256 CANTICA
764 225 915 254 SERMO
938 224 1067 253 xx111.

69 286 186 318 mirum
199 285 226 317 si
240 282 346 316 titubo
359 289 417 320 ego
430 281 475 312 ibi
486 304 495 320 ‚
510 280 638 320 (folium
653 280 764 319 ulique

69 332 153 371 quod
167 339 185 361 a
201 330 299 362 vento
317 327 461 367 rapitur,
478 328 511 358 et
522 327 644 366 stipula
659 323 765 365 sicca)

69 376 124 407 ubi
142 377 176 406 et
191 373 353 406 maximus
368 373 426 403 ille
441 372 678 411 contemplator
691 379 766 402 suos

68 427 194 460 quoque
219 419 342 450 fatetur
367 426 452 457 pene
472 418 575 448 motos
594 417 693 447 fuisse
707 424 766 455 pe-

68 467 143 504 des,
157 473 241 504 pene
257 465 373 496 effusos
390 473 535 503 gressus3
554 464 587 495 et
611 463 741 494 dicebat
755 471 764 492 ε

66 512 170 543 Zelave'
181 520 271 550 super
285 511 406 550 iniquos
415 532 426 548 ‚
454 519 559 549 pacem
572 511 766 549 peccatorum

65 558 179 588 videns.
191 556 321 595 Quare?
336 559 374 587 In
386 557 507 593 labore,
524 555 649 594 inquit,
666 555 766 585 homi-

65 612 211 635 111111111οη
223 605 306 641 sunt,
321 606 349 634 et
363 612 432 633 cum
447 603 619 633 hominibus
630 610 692 632 non
702 603 763 639 sla-

66 650 279 689 qetlabnntur3
295 651 418 688 ideoque
434 650 528 679 tenuit
540 657 589 678 cos
603 647 744 685 snperbia
753 668 763 684 ‚

65 702 108 725 ne
136 695 351 726 humilientur
370 694 411 724 ad
432 692 678 732 poenitentiam,
706 692 764 722 sed

66 739 262 770 damnentur
277 739 408 777 propter
422 737 607 776 superbiam
621 745 694 767 cum
709 745 764 767 su-

64 784 168 822 perbo
183 784 310 814 diabolo
326 784 359 813 et
373 783 496 820 angelis
511 782 593 819 ejus.
609 782 687 811 Nam
704 788 762 820 QUI

65 828 98 858 in
115 829 224 858 labore
237 828 403 858 hominum
414 836 478 858 non
493 827 588 863 sunt,
606 827 642 857 in
653 827 762 856 labore

64 873 245 904 daemonum
263 874 408 912 profecto
427 874 545 911 erunt,
562 873 691 904 dicente
707 873 763 903 Ju-

64 918 136 949 dice
154 928 162 948 :
183 921 227 950 Ite
249 920 403 949 maledicti
416 920 449 949 in
470 920 570 958 {quem
592 920 740 948 (eternum
752 940 761 955 ‚

63 965 117 1003 qui
134 966 265 1003 paratus
286 966 330 995 est
353 965 473 995 diabolo
493 966 522 995 et
550 965 665 1003 amyclis
684 965 760 1003 ejus.

64 1010 117 1040 Est
131 1011 240 1041 tamen
255 1011 315 1040 Dei
330 1011 419 1040 locus
434 1010 468 1040 et
487 1010 548 1041 iste
560 1032 569 1048 ,
590 1011 687 1049 plane
700 1018 763 1040 non

63 1056 152 1086 aliud
167 1065 264 1094 quam
279 1056 392 1087 domus
407 1056 486 1094 Dei,
510 1057 544 1086 et
564 1056 656 1094 porta
677 1056 762 1085 coeli.

64 1101 124 1131 Hic
147 1110 267 1140 nempe
297 1103 408 1133 timeri
432 1102 552 1132 dicitur
581 1103 687 1139 Deus3
710 1102 763 1131 hic

63 1148 210 1178 sanctum
238 1150 271 1179 et
297 1149 447 1179 terribile
474 1157 593 1179 nomen
618 1149 688 1185 ejus
700 1170 710 1186 ‚
732 1150 765 1178 et

62 1193 226 1232 tamquam
240 1195 402 1232 ingressus
410 1195 520 1232 gloriae
530 1196 656 1226 Initium
668 1195 763 1233 plane

63 1242 218 1279 sapientioe
235 1242 325 1271 timor
336 1242 476 1271 Domini.

104 1285 155 1314 Μ.
170 1286 234 1316 Nec
250 1287 282 1316 te
298 1287 447 1324 moveat,
463 1285 548 1324 quod
565 1285 696 1316 initium
716 1294 764 1316 sa-

63 1330 196 1370 pientiae
211 1331 289 1362 huic
312 1331 444 1362 demum
464 1332 535 1362 loco
551 1332 714 1370 dederim,
732 1333 763 1361 el

63 1384 127 1407 non
142 1377 251 1414 priori.
269 1377 317 1407 lbi
329 1378 451 1416 quippe
467 1377 500 1407 in
519 1378 658 1417 quodam
673 1378 764 1416 quasi

64 1423 223 1453 auditorio
251 1431 308 1453 suo
335 1423 506 1453 docentem
540 1423 580 1453 de
615 1423 764 1453 omnibus

64 1469 251 1506 magistram
264 1469 413 1499 audimus
428 1469 646 1508 Sapientiam,
663 1469 717 1499 hic
733 1470 765 1499 et

63 1514 273 1553 suscipimus3
284 1515 328 1544 ibi
341 1515 534 1545 instruimur
548 1515 694 1553 quidem,
708 1515 764 1545 sed

64 1560 117 1589 hic
132 1560 302 1590 afficimur.
321 1561 494 1591 instructio
510 1561 619 1590 doctos
634 1561 763 1598 reddit,

64 1605 190 1635 affectio
205 1606 380 1644 sapientes.
397 1607 453 1636 Sol
471 1614 537 1635 non
555 1614 679 1643 omnes,
691 1607 764 1644 qui-

64 1650 123 1681 hus
137 1651 244 1690 lucet,
257 1652 358 1683 etiam
375 1652 522 1682 calefacit
539 1661 547 1682 z
566 1653 611 1682 sic
628 1652 764 1690 Sapien-

63 1697 108 1727 tia
124 1699 260 1736 multos,
278 1706 359 1737 quos
375 1698 470 1728 docet
487 1698 567 1736 quid
584 1699 625 1728 sit
640 1697 764 1728 sacien-

63 1742 141 1772 dum
153 1765 162 1780 ,
183 1752 248 1773 non
265 1744 420 1773 continuo
435 1744 534 1773 etiam
554 1743 703 1774 accendit
725 1743 764 1773 ad

63 1787 259 1818 faciendum.
290 1789 387 1820 Aliud
415 1791 465 1820 est
488 1789 608 1819 multas
633 1789 764 1819 divitias

63 1834 164 1871 scire,
180 1834 267 1864 aliud
288 1835 322 1864 et
348 1835 513 1873 possidere
531 1843 539 1864 z
562 1842 623 1864 nec
648 1834 764 1864 notitia

65 1879 201 1910 divitem
210 1880 298 1919 facit,
309 1881 366 1910 sed
381 1881 552 1919 possessio.
562 1880 613 1910 Sic
622 1889 763 1919 prorsuS,

63 1925 110 1956 sic
132 1926 221 1955 aliud
247 1928 296 1956 est
319 1934 412 1956 nosse
428 1927 531 1956 Deum
546 1949 554 1964 ‚
571 1927 604 1956 et
620 1926 708 1956 aliud
722 1926 765 1956 ti-

63 1979 152 2002 mere
168 1980 176 2001 :
192 1980 253 2002 nec
269 1971 409 2010 cognitio
425 1972 606 2010 sapientem
621 1994 630 2010 ‚
647 1972 703 2002 sed
722 1972 765 2002 ti-

63 2024 132 2046 mor
145 2016 234 2056 facit,
243 2017 298 2056 qui
314 2018 347 2047 et
358 2017 470 2047 afficit.
483 2018 573 2048 Tune
583 2018 763 2055 sapientem

63 2061 204 2101 dixeris,
219 2071 316 2102 quem
331 2071 387 2093 sua
409 2064 545 2093 scientia
562 2063 672 2094 inflat?
687 2065 764 2102 Quis

64 2108 136 2138 illos
149 2109 311 2147 sapientes
326 2109 390 2139 nisi
414 2109 701 2148 insipientissimus
716 2111 765 2140 di-

64 2154 133 2192 cat,
149 2156 204 2193 qui
221 2164 294 2185 curn
309 2155 534 2194 cognovissent
559 2156 682 2195 Deum,
699 2164 762 2186 non

63 2198 226 2238 tamquam
254 2201 360 2231 Deum
394 2201 659 2240 glorificaverunt
671 2224 680 2241 ,
710 2203 764 2232 aut

64 2246 181 2284 gratias
197 2247 354 2284 egerunt?
372 2249 436 2286 Ego
465 2247 565 2286 magis
581 2256 655 2278 cum
680 2249 764 2287 Apo-

64 2291 144 2321 stolo
158 2293 274 2331 sentio,
289 2293 346 2330 qui
360 2294 502 2333 insipiens
513 2302 567 2323 cor
577 2303 684 2324 eorum
696 2303 765 2324 ma-

63 2337 181 2368 nifeste
213 2339 414 2376 pronuntiat.
445 2339 484 2369 Et
524 2339 608 2369 bene
642 2341 764 2370 initium

63 2383 218 2421 sapientire
241 2385 331 2413 timor
344 2385 472 2414 Domini
493 2393 502 2413 :
517 2384 594 2422 quia
605 2384 683 2415 tunc
697 2386 765 2424 pri-

63 2435 152 2457 mum
176 2429 264 2459 Deus
289 2428 403 2459 animae
419 2429 521 2467 sapit,
538 2438 612 2460 cum
628 2438 698 2460 eam
720 2432 766 2461 af-

66 2472 133 2503 ficit
148 2473 187 2503 ad
203 2474 397 2511 timendum,
412 2482 476 2504 non
493 2482 566 2505 cum
581 2476 714 2507 instruit
725 2477 765 2507 ad

65 2519 243 2549 sciendum.
264 2520 371 2550 Times
396 2520 455 2550 Dei
473 2521 653 2560 justitiam,
669 2522 766 2553 times

65 2565 244 2602 potentiam
261 2574 269 2595 ε
287 2567 320 2596 et
340 2566 426 2604 sapit
447 2565 508 2596 tibi
522 2567 628 2604 Justus
652 2567 687 2598 et
707 2576 766 2606 po-

67 2611 137 2639 tens
157 2611 259 2648 Deus,
275 2611 350 2650 quia
364 2612 461 2641 timor
482 2619 575 2651 sapor
590 2613 649 2643 est.
668 2613 765 2644 Porro

69 2661 159 2692 sapor
182 2657 363 2696 sapientem
395 2656 470 2688 facit
482 2680 490 2696 ,
521 2658 604 2689 sicut
631 2656 762 2690 scientia

1435 229 1494 261 223

801 279 980 318 scientem,
1001 279 1085 310 sicut
1100 279 1223 309 divitiae
1249 279 1396 313 divitem.
1413 284 1496 320 Quid

800 333 874 362 ergo
895 325 984 363 prior
999 324 1088 354 locus
1099 323 1112 353 ἓ
1125 323 1264 354 Tantum
1278 328 1437 363 praeparat
1457 328 1496 356 ad

799 369 1003 408 sapientiam.
1019 368 1090 399 lllic
1101 369 1305 407 praepararis,
1319 371 1356 399 ut
1367 370 1420 401 hic
1436 373 1500 401 ini-

799 415 902 447 tieris.
917 414 1112 454 Praeparatio
1123 436 1131 452 ‚
1147 422 1258 444 rerum
1274 414 1414 453 cognitio
1436 418 1496 446 est.

799 463 916 492 Verum
931 461 1014 492 hanc
1035 460 1194 490 facillime
1215 460 1364 499 sequitur
1385 461 1500 490 elatio-

799 507 849 538 nis
863 508 970 538 tumor
982 528 992 545 ,
1015 506 1042 537 si
1058 514 1122 536 non
1147 505 1306 544 reprimat
1329 506 1427 535 timor
1439 510 1500 542 ,111

799 553 915 583 merito
930 552 1056 583 dIcatur
1074 552 1203 583 Initium
1229 552 1386 590 sapz'entz'ae
1407 551 1501 582 timor

798 599 934 635 Domini,
951 597 1007 637 qui
1022 606 1056 629 se
1068 597 1152 636 pesti
1165 597 1362 636 insipientiae
1376 597 1501 635 primus

798 645 943 682 opponit.
973 644 1022 674 Ibi
1046 644 1158 682 itaque
1181 643 1316 682 quidam
1350 650 1505 673 accessus

797 690 847 719 est
870 689 911 719 ad
940 689 1161 728 sapientiam,
1192 689 1247 719 liic
1271 689 1305 719 et
1326 688 1497 726 ingressus.

796 735 893 765 Porro
916 743 977 765 nec
1003 735 1070 773 hic,
1084 742 1146 764 nec
1162 734 1208 764 ibi
1221 733 1404 772 speculanti
1424 741 1500 771 per-

796 781 881 812 fecta
902 783 950 812 est
966 782 1080 820 quies:
1095 781 1170 820 quia
1183 781 1251 811 illic
1262 782 1349 811 Deus
1365 780 1501 818 apparet

795 827 960 866 tamquam
975 827 1153 865 sollicitus,
1182 827 1237 857 hic
1259 827 1416 865 tanquam
1432 826 1502 855 tur-

797 873 901 904 batus.
929 875 998 904 Non
1020 882 1095 913 ergo
1117 873 1307 904 cubiculum
1334 871 1501 911 quaesieris

797 919 831 949 in
850 919 901 950 his
922 919 1002 950 locis
1015 941 1025 957 ,
1044 927 1184 958 quorum
1199 919 1282 949 alter
1303 917 1501 949 auditorium

797 965 887 1004 quasi
903 965 1070 1004 docentis,
1085 965 1169 996 alter
1182 964 1367 1004 praetorium
1381 963 1501 1001 judicis

798 1011 898 1048 magis
913 1011 1060 1050 apparet.

839 1057 890 1087 15.
906 1056 970 1087 Sed
986 1057 1035 1087 est
1049 1057 1152 1093 locus,
1167 1055 1224 1086 ubi
1237 1064 1318 1087 vere
1329 1055 1500 1094 quiescens

799 1102 831 1132 et
842 1101 973 1140 quietus
986 1103 1131 1132 cernitur
1141 1103 1244 1139 Deus;
1257 1102 1345 1131 locus
1357 1101 1500 1134 omnino.

799 1156 861 1177 non
875 1147 1012 1186 judicis,
1030 1156 1096 1178 non
1115 1147 1277 1185 magistri,
1294 1146 1350 1177 sed
1367 1147 1474 1185 sponsi
1492 1154 1506 1175 2v

799 1193 832 1223 et
845 1193 900 1231 qui
916 1193 998 1223 mihi
1020 1193 1155 1231 quidem
1181 1193 1277 1232 (nam
1292 1193 1332 1223 de
1354 1193 1427 1222 aliis
1442 1201 1501 1223 ne-

798 1238 876 1276 scio)
892 1239 988 1276 plane
1004 1238 1190 1268 cubiculum
1206 1238 1270 1276 sit,
1283 1238 1309 1267 si
1325 1238 1452 1275 quando
1467 1238 1499 1267 in

799 1284 892 1313 illum
909 1284 1083 1322 contigerit
1110 1284 1286 1314 introduci.
1303 1283 1376 1323 *Sed
1390 1305 1399 1321 ,
1415 1284 1498 1313 heu!

798 1337 869 1359 rara
897 1329 996 1368 hora,
1025 1330 1059 1360 et
1084 1337 1185 1368 parva
1208 1329 1315 1360 mora!
1338 1330 1429 1359 Clare
1452 1330 1498 1359 ibi

799 1376 981 1414 agnoscitur
1018 1375 1242 1406 misericordia
1281 1375 1412 1405 Domini
1462 1376 1502 1404 ab

798 1423 940 1459 aeterno,
958 1421 992 1451 et
1011 1430 1114 1460 usque
1128 1421 1161 1451 in
1174 1422 1333 1452 aeternum
1349 1429 1448 1460 super
1462 1421 1502 1450 ti-

798 1468 923 1497 mentes
936 1476 1022 1497 011111.
1036 1468 1074 1497 Et
1089 1467 1170 1497 felix
1182 1468 1237 1506 qui
1254 1467 1362 1498 dicere
1374 1468 1496 1505 potest:

799 1514 955 1552 Particcps
970 1522 1023 1552 eqo
1040 1523 1108 1544 sum
1125 1516 1263 1544 omnium
1275 1515 1447 1544 timentium
1462 1516 1501 1551 te,

797 1563 825 1591 et
845 1563 1079 1592 custodientium
1093 1564 1245 1592 mandata
1261 1564 1325 1592 tua.
1343 1562 1413 1592 Stat
1428 1571 1503 1600 pro-

798 1607 939 1645 positum
956 1608 1029 1645 Dei,
1046 1608 1110 1638 stat
1124 1608 1287 1638 sententia
1302 1609 1392 1646 pacis
1403 1617 1503 1646 super

799 1653 951 1683 timentes
967 1661 1062 1691 eum,
1085 1654 1228 1692 ipsorum
1245 1655 1278 1684 et
1294 1654 1501 1684 dissimulans

799 1699 900 1735 mala,
928 1699 961 1728 et
986 1707 1200 1729 remunerans
1221 1700 1305 1729 bona
1328 1709 1336 1729 z
1360 1699 1397 1729 ut
1420 1699 1501 1728 miro

799 1744 892 1774 modo
909 1745 956 1774 eis
970 1752 1037 1774 non
1059 1745 1154 1775 modo
1169 1745 1252 1775 bona
1264 1767 1273 1782 ‚
1289 1745 1346 1776 sed
1362 1746 1395 1774 et
1416 1745 1501 1774 mala

799 1792 990 1828 cooperetur
1023 1790 1060 1820 in
1087 1792 1221 1821 bonum.
1251 1791 1276 1820 Ο
1311 1792 1398 1821 solus
1422 1799 1501 1821 vere

799 1835 921 1874 beatus,
938 1838 987 1866 cuz·
1010 1845 1073 1867 11011
1088 1837 1252 1876 imputabit
1266 1838 1419 1867 Dominus
1433 1846 1503 1875 pec-

798 1883 919 1912 catum!
934 1883 1011 1913 Nam
1027 1883 1083 1921 qui
1096 1891 1160 1913 non
1168 1883 1320 1913 habuerit
1334 1884 1501 1921 peccatum

799 1936 905 1958 nemo.
915 1930 1026 1960 Omnes
1034 1929 1121 1958 enim
1130 1930 1340 1967 peccaverunt,
1352 1930 1379 1958 ct
1391 1936 1503 1957 omnes

798 1976 883 2013 egent
898 1975 996 2014 {floria
1017 1976 1086 2005 Dei.
1112 1976 1186 2014 Quis
1212 1975 1368 2004 accusabit
1392 1974 1503 2004 tamen

798 2021 941 2051 adversus
961 2021 1068 2051 electos
1096 2020 1179 2050 Dei?
1206 2020 1333 2050 Sufficit
1354 2020 1436 2050 mihi
1460 2021 1501 2049 ad

798 2074 926 2096 omnem
940 2066 1102 2103 justiliam
1125 2066 1228 2096 solum
1246 2066 1367 2096 habere
1390 2067 1502 2104 propi-

798 2112 879 2142 tium
893 2135 901 2150 ,
931 2112 983 2142 cui
1014 2112 1072 2141 soli
1099 2112 1246 2149 peccavi.
1285 2111 1386 2142 Omne
1415 2112 1502 2150 quod

799 2157 880 2187 mihi
896 2158 965 2196 ipse
982 2166 1047 2187 non
1060 2157 1223 2196 imputare
1239 2157 1434 2196 decreverit,
1453 2157 1500 2188 sic

799 2205 847 2234 est
861 2204 951 2242 quasi
967 2212 1030 2233 non
1042 2203 1154 2233 suerii.
1168 2204 1242 2233 NON
1257 2210 1429 2242 PECCARE,
1442 2204 1503 2233 Dei

795 2250 920 2287 justitia
930 2251 994 2280 est:
1007 2248 1293 2287 hominisjustitia,
1302 2249 1502 2287 indulgentia

799 2295 870 2326 Dei.
892 2295 967 2325 Vidi
988 2295 1058 2325 haec
1070 2316 1079 2333 ,
1097 2294 1130 2325 et
1155 2294 1309 2325 intellexi
1325 2295 1413 2326 illius
1428 2303 1503 2325 sen-

799 2341 910 2372 tentiae
929 2340 1104 2372 veritatem
1127 2341 1255 2372 :Omnis
1276 2342 1331 2379 qui
1355 2343 1501 2372 natusest

798 2397 837 2418 cx
851 2390 928 2424 Deo,
940 2396 1003 2418 11οη
1012 2388 1128 2426 peccat,
1142 2387 1216 2426 quia
1228 2388 1383 2426 qeneratz'o
1400 2387 1502 2417 coeles<

800 2436 836 2464 tis
842 2436 941 2465 servat
949 2443 1030 2464 eum.
1039 2433 1212 2465 Generatio
1220 2433 1372 2470 coelestis,
1380 2433 1479 2463 autern
1486 2442 1501 2461 a

800 2479 1040 2517 praedestinatio
1054 2479 1115 2516 est,
1125 2486 1189 2517 qua
1201 2479 1321 2509 electos
1333 2487 1404 2509 suos
1415 2479 1502 2507 Deus

799 2524 918 2555 dilexit
947 2526 981 2555 et
1008 2524 1203 2563 gratificavit
1222 2523 1255 2553 in
1278 2524 1396 2553 dilecto
1421 2522 1501 2550 Filio

799 2577 855 2599 suo
873 2569 950 2600 ante
966 2569 1080 2599 mundi
1097 2568 1360 2599 constitutionem
1371 2588 1379 2603 ,
1395 2566 1441 2596 sic
1467 2568 1501 2595 in

799 2615 908 2645 saneto
920 2614 1113 2654 apparentes
1130 2614 1190 2644 sibi
1200 2636 1210 2651 ,
1225 2614 1262 2644 111
1273 2612 1423 2643 viderent
1436 2612 1502 2642 vir-

800 2660 902 2691 tutem
919 2668 1019 2698 suain,
1039 2660 1071 2689 ot
1084 2659 1217 2698 gloriani
1234 2665 1335 2696 suam,
1352 2665 1413 2696 quo
1430 2657 1499 2694 ejus
