1846 3078
307 247 366 278 5614

308 303 457 342 Denique
468 304 495 335 si
507 304 603 335 fidem
616 304 804 343 interroges,
812 305 895 334 nihil
904 304 1004 332 chris-

307 349 428 391 tianius
443 359 451 380 t
467 351 494 381 si
510 351 804 387 conversationem,
822 349 906 379 nihil
923 349 1004 377 irre-

306 395 561 434 prehensibilius
576 405 584 425 ε
602 397 634 426 et
649 404 719 433 quae
735 395 896 433 loquitur,
912 393 1003 423 factis

306 441 432 479 probat.
459 443 576 472 Videas
602 442 768 471 hominem
793 440 828 468 in
855 440 1003 469 testimo-

306 487 398 517 nium
416 496 481 518 suae
496 488 572 517 fidei
588 485 794 524 frequentare
811 485 982 514 ecclesiam
993 508 1001 523 ,

306 532 463 562 honorare
492 532 715 570 presbyteros,
743 531 858 560 offerre
886 538 1004 560 munus

305 585 411 615 suum,
424 577 656 607 confessionem
666 575 783 613 facere,
795 576 1004 605 sacramentis

305 622 553 652 communicare.
570 621 656 658 Quid
670 621 800 650 fidelius
814 620 903 650 Ham
918 621 1003 659 quod

305 668 346 698 ad
363 668 463 698 vitam
482 674 651 704 moresque
674 667 818 704 spectat,
839 667 1002 696 neminem

306 712 539 749 circumvenit,
559 712 725 741 neminem
741 712 1002 750 supergreditur,

304 758 471 787 neminem
486 757 640 787 concutit.
657 758 783 786 Pallent
800 757 935 795 insuper
949 765 1003 787 ora

302 803 452 841 jejuniis,
473 811 592 840 panem
606 811 671 832 non
697 803 840 833 comedit
861 803 1002 840 otiosus,

304 850 454 886 operatur
475 849 624 879 manibus
645 849 731 879 unde
753 850 855 879 vitam
877 849 1004 879 sust-en-

304 896 360 923 tat.
378 894 440 923 Ubi
460 894 525 931 jam
536 894 672 933 vulpes?
690 895 894 925 Tenebamus
909 903 979 924 eam
994 904 1001 924 :

304 939 462 977 quomodo
484 940 592 978 elapsa
618 940 667 969 est
687 948 704 969 e
728 939 900 969 manibus?
921 940 1003 976 Quo—

304 985 397 1014 modo
424 987 488 1014 tam
520 985 656 1023 repente
688 984 871 1023 disparuit?
903 986 1004 1015 Inste-

304 1039 394 1068 mus,
421 1031 656 1070 investigemus
679 1040 686 1060 :
715 1039 732 1060 a
753 1031 912 1061 fructibus
934 1031 1003 1068 ejus

304 1085 531 1115 cognoscemus
552 1085 635 1107 eam.
663 1078 700 1106 Et
723 1079 810 1107 certe
832 1077 1003 1107 vinearum

303 1123 470 1153 demolitio
496 1124 633 1153 testatur
668 1123 813 1161 vulpem.
852 1123 1004 1153 Mulieres

303 1169 428 1200 relictis
458 1169 557 1206 viris,
594 1170 627 1199 et
660 1169 740 1199 item
772 1169 836 1198 viri
864 1169 1004 1199 dimissis

303 1216 479 1252 uxoribus,
495 1215 536 1245 ad
551 1215 627 1245 istos
642 1223 676 1245 se
689 1215 871 1245 conferunt.
889 1216 1003 1246 ClerIci

304 1263 337 1291 et
355 1261 557 1298 sacerdotes,
579 1261 707 1298 populis
723 1261 933 1299 ecclesiisque
950 1271 1002 1291 re-

304 1307 408 1345 lictis,
426 1307 542 1337 intonsi
559 1308 592 1336 et
606 1306 731 1336 barbati
747 1307 833 1344 apud
849 1315 904 1336 eos
919 1307 1005 1337 inter

304 1354 448 1382 textores
461 1354 493 1382 et
505 1352 661 1383 textrices
673 1353 864 1390 plerumque
877 1353 1003 1383 inventi

303 1401 390 1429 sunt.
408 1400 520 1428 Annon
537 1398 644 1436 grav1s
659 1398 828 1428 demolitio
849 1398 929 1428 ista?
947 1407 1004 1429 an-

304 1452 368 1473 non
384 1452 481 1481 opera
494 1444 643 1480 vulpium
659 1443 748 1473 haec?

345 1489 374 1518 6.
396 1490 518 1518 Verum
533 1497 597 1518 non
613 1489 697 1526 apud
714 1497 826 1519 omnes
845 1489 927 1520 forte
944 1490 1003 1520 ista

303 1536 369 1564 tam
396 1534 567 1564 manifesta
587 1534 879 1572 deprehenduntur
898 1543 905 1563 ε
923 1536 956 1564 et
977 1536 1003 1565 si

304 1581 385 1618 sint,
402 1589 467 1610 non
489 1581 536 1609 est
551 1579 636 1610 unde
653 1580 841 1618 probentur.
858 1581 1002 1617 Quonam

304 1626 398 1654 modo
427 1625 571 1663 capimus
598 1624 692 1654 illos?
723 1625 938 1654 Revertamur
965 1626 1004 1655 ad

304 1670 501 1699 consortium
528 1670 561 1698 et
585 1669 837 1699 contubernium
865 1671 1004 1699 femina-

303 1723 375 1744 rum
393 1724 400 1744 :
415 1715 475 1744 hoc
491 1715 578 1744 enim
593 1715 679 1744 inter
700 1723 754 1744 eos
769 1723 864 1744 nemo
880 1715 935 1753 qui
951 1724 1004 1745 ca-

303 1763 384 1791 rcat.
395 1763 556 1798 Interrogo
568 1769 668 1790 unum
680 1761 866 1799 quempiam
876 1761 1002 1791 horum.

304 1806 390 1836 Heus
402 1808 437 1836 tu
449 1806 532 1835 bone
545 1805 613 1835 vir!
629 1814 776 1843 quaenam
790 1806 857 1835 hacc
872 1806 1003 1844 mulier,

303 1853 336 1881 et
351 1853 437 1882 unde
462 1853 530 1882 haec
552 1851 635 1881 tibi?
660 1852 791 1881 Uxorne
816 1851 894 1882 tua?
916 1853 1002 1891 Non,

303 1898 422 1936 inquit,
438 1906 512 1928 nam
528 1898 603 1927 voto
618 1905 690 1927 meo
708 1897 795 1927 istud
810 1906 874 1927 non
889 1906 1005 1928 conve-

303 1945 362 1974 nit.
376 1945 458 1973 Filia
475 1943 569 1982 ergo?
590 1944 668 1973 Non.
685 1943 770 1980 Quid
794 1943 916 1981 igitur?
935 1945 1002 1974 Non

303 1999 410 2027 soror,
432 1998 496 2019 non
518 1989 648 2027 neptis,
675 1997 738 2018 non
754 1989 861 2027 aliquo
885 1990 1003 2020 saltem

303 2035 556 2074 propinquitatis
570 2035 624 2065 vel
646 2034 816 2066 affinitatis
837 2036 938 2074 gradu
953 2038 1003 2066 at-

303 2083 409 2111 tinens
425 2081 508 2111 tibi?
523 2082 616 2111 Nullo
628 2090 771 2120 prorsus.
788 2083 826 2111 Et
844 2083 1003 2120 quomodo

303 2128 371 2157 tuta
387 2127 446 2157 tibi
458 2135 531 2157 cum
544 2127 604 2157 ista
616 2127 818 2157 continentia
830 2127 904 2158 tua?
920 2128 1002 2158 Sane

304 2180 362 2202 nec
377 2173 455 2203 licet
470 2173 531 2203 tibi
546 2173 644 2203 istud.
666 2173 945 2203 cohabitationem
963 2172 1004 2213 (si

303 2218 427 2256 nescis)
451 2219 594 2248 virorum
617 2218 651 2248 et
672 2218 867 2249 feminarum
889 2220 923 2249 in
943 2220 1002 2258 iis,

303 2263 361 2299 qui
370 2272 488 2293 vovere
498 2265 743 2302 continentiam,
751 2265 893 2295 Ecclesia
902 2267 1002 2297 vetat.

304 2309 413 2338 Sinon
425 2310 472 2338 vis
485 2311 700 2341 scandalizare
717 2311 906 2349 Ecclesiam,
919 2312 1003 2349 ejice

304 2354 472 2383 feminam.
490 2355 639 2393 Alioquin
653 2365 695 2386 ex
710 2357 770 2386 hoc
786 2365 850 2386 uno
869 2358 1002 2394 caetera,

303 2406 376 2435 quae
390 2406 455 2427 non
469 2398 549 2427 adeo
565 2400 737 2430 manifesta
752 2402 825 2431 sunt
836 2423 845 2439 ,
870 2402 1003 2439 procul-

305 2442 404 2472 dubio
425 2443 594 2472 credibilia
609 2444 701 2474 fiunt.

346 2488 377 2517 7.
393 2488 455 2517 Sed
475 2497 538 2527 quo
561 2489 663 2526 mihi,
691 2490 820 2528 inquit,
836 2493 1003 2529 Evangelii

306 2534 377 2564 loco
393 2536 550 2564 monstras
563 2535 764 2573 prohibitum
777 2537 883 2566 istud?
899 2539 1004 2568 Evan-

307 2580 429 2617 gelium
445 2578 633 2618 appellasti?
648 2579 687 2609 ad
703 2581 913 2618 Evangelium
929 2583 1002 2612 ibis.

308 2626 340 2653 Si
356 2625 488 2655 obedias
507 2626 678 2663 Evangelio
689 2648 698 2663 ,
714 2634 778 2655 non
800 2626 900 2656 facies
915 2636 1005 2657 scan-

311 2671 419 2703 dalum
435 2681 442 2702 τ
461 2671 612 2711 prohibet
634 2672 719 2702 enim
745 2672 839 2711 plane
861 2673 1003 2712 Evange-

776 253 806 279 ὃ.
830 250 1063 278 BERNARDI
1090 251 1285 279 ABBATls

1039 303 1118 332 lium
1138 305 1322 335 scandalum
1340 307 1420 337 fieri.
1437 306 1527 338 Facis
1550 308 1659 338 autem
1675 308 1708 338 tu
1720 329 1730 345 .

1040 348 1130 378 istam
1141 358 1205 380 non
1224 354 1401 383 amovendo
1414 353 1508 390 juxta
1521 354 1728 383 constitutum

1037 394 1197 426 Ecclesiae.
1211 396 1383 435 Suspectus
1394 407 1477 437 eras,
1489 399 1521 428 at
1535 407 1620 428 nunc
1631 398 1732 428 mani-

1038 438 1116 470 feste
1125 441 1299 472 censebere
1308 444 1341 473 et
1349 444 1548 482 contemptor
1554 443 1734 481 Evangelii,

1037 485 1069 513 et
1081 486 1230 516 Ecclesiae
1245 487 1440 519 adversator.
1457 490 1542 527 Quid
1557 489 1712 527 judicatis
1722 509 1731 525 ‚

1037 529 1175 562 fratres?
1189 532 1222 562 Si
1239 534 1390 570 pertinax
1410 534 1509 565 fuerit
1523 537 1560 565 ut
1581 543 1642 565 nec
1658 534 1732 564 obe-

1037 576 1103 606 diat
1113 579 1297 616 Evangelio‚
1309 587 1370 608 nec
1380 581 1528 610 Ecclesiae
1537 580 1731 618 acquiescat,

1037 622 1114 659 quid
1138 623 1206 660 jam
1229 624 1437 662 tergiversari
1463 625 1594 663 potest?
1623 626 1731 654 Nonne

1037 670 1147 705 aperte
1162 669 1254 699 vobis
1268 670 1399 700 videtur
1412 670 1612 708 deprehensa
1625 669 1731 707 fraus,

1038 714 1069 742 et
1084 715 1315 752 comprehensa
1329 715 1466 753 vulpes?
1477 716 1510 745 Si
1526 724 1590 745 non
1605 717 1734 744 amovet

1039 759 1210 799 feminam,
1234 769 1298 790 non
1315 763 1445 791 amovet
1469 762 1655 792 scandalum
1682 770 1690 791 :
1707 763 1733 792 si

1038 814 1099 835 non
1121 808 1251 837 amovet
1271 807 1457 837 scandalum
1480 816 1555 838 cum
1583 815 1734 837 amovere

1037 852 1154 889 possit,
1170 854 1384 890 transgressor
1403 855 1534 883 tenetur
1553 853 1732 891 Evangelii.

1036 896 1119 932 Quid
1133 897 1256 928 factura
1272 899 1412 929 Ecclesia
1429 901 1493 937 est,
1510 900 1573 928 nisi
1595 900 1630 928 ut
1645 907 1733 928 amo-

1037 942 1111 971 veat
1126 942 1218 972 illum
1235 944 1291 981 qui
1312 952 1375 972 non
1391 945 1462 974 vult
1477 952 1627 973 amovere
1642 952 1734 973 scan-

1037 984 1162 1023 dalum,
1181 995 1223 1016 ne
1246 988 1288 1016 sit
1310 987 1425 1017 similis
1447 988 1497 1016 illi
1522 987 1735 1017 inobediens?

1037 1031 1115 1060 Nam
1131 1032 1318 1062 mandatum
1334 1033 1433 1063 habet
1453 1041 1495 1062 ex
1510 1033 1570 1062 hoc
1586 1034 1619 1062 in
1634 1034 1736 1063 Evan-

1037 1077 1138 1115 gelio,
1158 1087 1223 1108 non
1238 1087 1369 1116 parcere
1386 1078 1513 1117 proprio
1530 1079 1622 1109 oculo
1643 1087 1735 1109 scan-

1037 1123 1186 1152 dalizanti
1202 1132 1248 1162 se,
1266 1132 1329 1154 non
1344 1125 1467 1162 manui,
1480 1133 1544 1154 non
1558 1124 1635 1163 pedi
1652 1133 1660 1153 τ
1677 1126 1735 1155 sed

1038 1175 1152 1198 eruere
1166 1167 1258 1198 illum
1270 1191 1279 1206 ,
1295 1169 1485 1199 abscindere
1502 1170 1574 1207 ista,
1591 1170 1625 1199 et
1635 1170 1732 1207 proji-

1037 1221 1109 1242 cere
1126 1221 1142 1243 a
1159 1222 1204 1243 se.
1222 1215 1266 1250 Si,
1283 1214 1402 1252 inquit,
1415 1215 1584 1245 Ecclesiam
1599 1224 1661 1244 non
1676 1225 1736 1245 au-

1037 1259 1135 1295 dierit,
1151 1261 1190 1290 sit
1202 1260 1338 1290 tibisicut
1352 1261 1490 1290 ethnicus
1504 1262 1532 1290 et
1540 1260 1732 1298 publicanus.

1075 1304 1107 1334 8.
1127 1305 1317 1335 Fecimusne
1338 1305 1483 1344 aliquid?
1497 1307 1577 1335 Puto
1591 1306 1668 1343 quia
1689 1306 1735 1336 fe-

1038 1351 1150 1380 cimus.
1167 1351 1316 1389 Cepimus
1330 1352 1480 1389 vulpem,
1495 1351 1571 1388 quia
1588 1351 1733 1382 fraudem

1037 1397 1253 1435 percepImus.
1264 1396 1424 1426 Manifesti
1439 1397 1513 1426 sunt
1523 1397 1578 1434 qui
1590 1397 1737 1427 latebant

1038 1443 1108 1472 falsi
1119 1443 1286 1480 Catholici,
1296 1443 1367 1472 veri
1376 1442 1611 1480 depraedatores
1622 1443 1736 1473 Catho-

1037 1489 1117 1518 licae.
1132 1489 1258 1518 Etenim
1271 1489 1347 1518 dum
1363 1496 1491 1518 mecum
1506 1488 1616 1518 dulces
1628 1489 1736 1526 capie-

1037 1535 1092 1564 bas
1111 1535 1200 1564 cibos
1212 1557 1222 1571 ,
1248 1533 1383 1573 (corpus
1399 1534 1472 1563 dico
1488 1534 1520 1563 et
1543 1534 1734 1571 sanguinem

1037 1579 1165 1619 Christi)
1176 1580 1251 1609 dum
1268 1580 1302 1608 in
1316 1579 1408 1609 domo
1424 1578 1484 1608 Dei
1499 1579 1736 1609 ambulavimus

1037 1634 1109 1655 cum
1139 1634 1312 1662 consensu,
1347 1624 1409 1654 fuit
1437 1624 1593 1653 suadendi
1624 1625 1712 1654 locus
1727 1647 1734 1661 ⁷

1038 1672 1135 1700 immo
1164 1670 1387 1708 opportunitas
1420 1670 1595 1699 seducendi
1609 1691 1618 1707 ,
1640 1670 1734 1706 juxta

1038 1716 1119 1745 illud
1140 1715 1313 1753 Sapientiae
1330 1723 1338 1743 ε
1355 1716 1526 1745 simulator
1549 1724 1600 1745 ore
1629 1717 1736 1754 decipit

1038 1762 1170 1790 amicum
1193 1769 1295 1790 suum.
1312 1760 1403 1788 Nunc
1419 1760 1529 1788 autem
1543 1759 1640 1789 facile
1653 1781 1662 1797 ,
1685 1769 1736 1790 se-

1038 1807 1176 1836 cundum
1196 1806 1388 1844 sapientiam
1409 1805 1522 1842 Pauli,
1545 1806 1617 1844 post
1638 1814 1734 1836 unam

1037 1853 1070 1882 et
1081 1851 1254 1882 secundam
1271 1851 1525 1881 admonitionem
1546 1851 1734 1881 haereticum

1038 1898 1203 1928 hominem
1215 1897 1379 1933 devitabo,
1396 1897 1501 1926 sciens
1512 1897 1587 1935 quia
1603 1897 1737 1927 subver-

1036 1952 1089 1973 sus
1107 1945 1155 1973 est
1177 1943 1232 1981 qui
1256 1942 1414 1978 ejusmodi
1432 1943 1501 1978 est3
1531 1949 1568 1971 ac
1592 1942 1729 1980 proinde

1036 1990 1149 2019 cautus
1163 1989 1349 2027 providere,
1364 1996 1406 2018 ne
1416 1988 1482 2025 jam
1497 1988 1539 2017 sit
1551 1989 1584 2017 et
1598 1987 1734 2017 subver-

1036 2043 1098 2064 sor.
1117 2036 1227 2073 ltaque
1242 2034 1394 2064 nonnihil
1411 2034 1471 2071 est,
1486 2033 1580 2070 juxta
1596 2033 1734 2063 verbnm

1036 2081 1216 2119 Sapientis,
1238 2081 1273 2110 in
1295 2080 1423 2110 insidiis
1445 2079 1511 2109 suis
1533 2080 1642 2117 captos
1664 2088 1733 2109 esse

1037 2128 1176 2165 iniquos,
1188 2128 1258 2156 illos
1270 2126 1449 2164 praesertim
1462 2126 1601 2163 iniquos,
1616 2125 1672 2163 qui
1685 2125 1735 2154 in-

1035 2173 1127 2203 sidiis
1140 2181 1198 2211 pro
1208 2173 1304 2202 armis
1319 2172 1365 2201 uti
1376 2172 1462 2201 cauti
1470 2172 1557 2201 sunt.
1567 2172 1645 2200 Nam
1658 2179 1736 2199 con·

1036 2219 1142 2249 ssictus
1154 2219 1284 2248 omnino
1300 2218 1339 2247 ab
1354 2217 1405 2247 his
1417 2218 1450 2247 et
1461 2216 1607 2246 defensio
1623 2216 1734 2254 periit.

1036 2266 1106 2294 Vile
1131 2272 1249 2301 nempe
1273 2264 1333 2292 hoc
1351 2271 1452 2301 genus
1467 2263 1516 2292 est
1540 2262 1574 2292 et
1598 2261 1736 2290 rusticae

1035 2319 1125 2348 num,
1135 2318 1170 2340 ac
1180 2310 1249 2340 sine
1262 2308 1392 2345 litteris,
1405 2308 1440 2338 et
1449 2315 1576 2346 prorsus
1588 2305 1734 2335 imbelle.

1037 2356 1183 2394 Denique
1198 2355 1313 2391 vulpes
1338 2355 1413 2383 sunt
1426 2375 1434 2390 ,
1457 2354 1491 2382 et
1512 2352 1638 2390 pusillae
1655 2360 1662 2379 :
1679 2351 1735 2380 sed

1038 2409 1142 2440 neque
1159 2401 1214 2430 illa
1228 2423 1236 2437 ,
1253 2400 1287 2429 in
1308 2399 1425 2437 quibus
1440 2397 1525 2428 male
1541 2397 1662 2427 sentire
1685 2396 1735 2425 di-

1037 2447 1164 2482 cuntur,
1182 2445 1387 2475 defensibilia
1398 2445 1491 2480 sunt3
1507 2451 1567 2473 nec
1582 2443 1646 2472 tam
1662 2442 1736 2471 sub=

1038 2494 1120 2528 tilia,
1135 2500 1231 2530 quam
1252 2490 1438 2527 suasibilia,
1454 2490 1552 2527 idque
1567 2488 1736 2518 dumtaxat

1040 2538 1238 2569 mulierculis
1251 2535 1378 2567 rusticis
1394 2538 1427 2566 et
1441 2534 1562 2571 idiotis,
1577 2534 1610 2563 et
1624 2533 1734 2570 quales

1038 2585 1150 2622 utique
1166 2591 1277 2613 omnes
1292 2582 1385 2618 sunt,
1403 2581 1558 2618 quotquot
1577 2578 1681 2608 adhuc
1694 2577 1733 2607 dc

1039 2630 1124 2659 secta
1139 2629 1198 2657 hac
1216 2636 1284 2657 esse
1302 2627 1455 2664 expertus
1470 2631 1551 2654 sum.
1567 2622 1630 2652 Nec
1647 2622 1733 2650 enini

1039 2675 1072 2705 in
1094 2673 1218 2703 cunctis
1245 2670 1475 2702 assertionibus
1501 2674 1610 2701 corum
1639 2667 1733 2709 (nam
