1810 3073
472 193 528 222 DE
552 190 764 220 DIVERSIS
788 189 933 218 SERMO
955 191 1079 220 CXIX.

70 248 192 280 tionem
207 247 239 279 et
254 253 407 277 amorem.
422 245 514 283 Quod
534 244 644 275 autem
658 242 767 281 cogni-

71 295 118 324 tio
131 294 197 325 vita
212 293 270 329 sit,
286 291 412 321 Veritas
427 291 618 327 attestatur,
631 290 743 319 dicens
758 297 765 316 :

70 341 141 370 Iloec
164 342 207 370 est
229 339 293 369 vica
319 339 458 374 aetcrna,
478 338 512 367 ut
540 337 722 375 coqnescant
741 335 775 364 te‘

67 387 167 416 Deum
193 391 299 414 verum
312 403 321 419 ,
347 384 376 412 et
404 391 493 421 quem
520 382 636 412 onisistt
664 381 767 410 Iesum

69 430 233 461 Christum.
250 429 287 457 Et
298 427 383 466 quod
395 436 484 457 amor
496 427 538 457 sit
548 434 661 457 sensus
670 446 679 463 ,
691 424 767 454 hinc

68 474 191 512 accipe.
211 473 301 503 Sicut
316 473 411 503 homo
426 472 562 503 interior
576 472 610 502 in
622 470 688 501 vita
703 477 767 499 non

68 519 280 556 discernitur,
295 519 371 557 quia
393 518 427 548 in
441 518 508 548 toto
524 525 581 547 suo
597 516 767 554 aequaliter

67 564 165 602 vivit,
196 564 229 593 in
256 573 354 594 sensu
379 563 491 593 autem
514 561 710 592 discernitur
733 560 767 611 in

67 610 211 649 quinque
227 610 336 648 partes
352 608 554 645 notissimas,
576 605 703 637 scilicet
716 614 768 635 vl—

65 664 158 693 sum,
173 656 301 694 gustum
313 677 322 693 ,
342 654 507 691 auditum,
533 652 719 689 odoratum,
735 651 768 681 et

65 702 188 733 tactum
213 709 222 730 :
245 701 321 739 quia
346 699 442 729 aliter
466 697 567 728 sentit
592 697 627 727 iu
653 697 766 735 oculo,

65 748 161 778 aliter
180 747 213 777 in
228 755 302 783 ore,
317 746 351 776 et
374 744 419 774 sic
439 743 472 773 in
489 743 638 773 caeteris:
655 742 701 772 ita
716 742 768 772 in-

65 793 165 823 terior
180 793 275 822 homo
298 791 332 820 in
348 789 533 828 cognitione
554 789 687 827 quidem
702 796 767 818 non

64 837 271 875 discernitur,
288 836 344 865 sed
366 835 400 864 in
425 843 545 865 amore.
559 835 597 864 Et
611 834 695 864 sicut
709 835 766 864 ille

63 882 98 912 in
125 881 408 921 quinquepertitos
439 888 551 909 sensus
580 879 741 909 dividitur
756 888 764 908 :

63 927 106 958 ita
123 928 182 958 iste
194 927 280 957 circa
294 926 437 965 quinque
451 925 631 955 invisibilia
643 925 703 954 Dei
718 925 768 954 af-

62 972 187 1011 ficitur,
213 981 285 1011 quae
308 972 383 1001 sunt
397 971 518 1001 veritas
530 992 538 1008 ,
554 970 698 1009 justitia,
716 980 768 1001 sa-

61 1019 184 1057 pientia
195 1040 204 1056 ,
221 1018 354 1055 caritas,
366 1017 544 1046 aeternitas.
560 1017 663 1046 Aliter
678 1018 766 1047 enim

61 1064 200 1094 aflicitur
229 1064 314 1093 circa
338 1063 510 1092 veritatem
538 1071 635 1100 quam
660 1063 781 1101 diligit.

61 1111 195 1148 propter
219 1109 426 1138 libertatem:
445 1109 541 1138 aliter
566 1108 650 1138 circa
671 1109 767 1146 justi-

60 1155 160 1193 tiam,
175 1163 270 1193 quam
283 1154 387 1191 diligit
402 1155 534 1192 propter
548 1154 743 1184 suavitatem
757 1163 766 1184 τ

61 1201 156 1230 aliter
196 1201 281 1230 circa
311 1199 499 1237 caritatem,
527 1207 624 1238 quam
660 1200 766 1239 diligit

60 1247 192 1284 propter
215 1245 373 1275 virtutem
390 1253 398 1273 τ
417 1245 512 1274 aliter
526 1245 612 1274 circa
637 1247 765 1275 aeterni-

60 1292 183 1330 tatem,
204 1298 301 1329 quam
315 1290 424 1328 diligit
449 1291 584 1329 propter
607 1292 764 1322 securita-

58 1335 138 1368 tem.

222 1428 391 1462 SERMO
428 1428 590 1462 CXVII.

97 1505 214 1535 HABET
230 1505 335 1535 fidelis
350 1505 456 1535 anima
469 1506 652 1543 paradisum
668 1514 760 1537 suurn

57 1551 236 1589 spiritalem
263 1551 413 1588 quidem,
437 1559 501 1580 non
523 1551 688 1582 terrenum
706 1554 761 1582 :et

56 1596 177 1626 idcirco
190 1597 289 1634 priori
305 1597 361 1626 illo
376 1597 655 1627 delectabiliorem
668 1599 701 1629 et
712 1608 761 1629 se-

57 1645 240 1675 cretiorem.
268 1646 303 1674 In
330 1646 390 1675 hoc
421 1645 603 1676 delectatur
629 1648 758 1687 anima,

55 1690 140 1720 sicut
155 1690 189 1719 in
212 1691 360 1720 omnibus
376 1691 512 1721 divitiis.
529 1692 575 1721 De
591 1692 652 1722 hoc
668 1702 759 1730 para·

54 1734 123 1765 diso
147 1735 307 1773 prodeunt
334 1735 440 1765 fontes
464 1737 618 1774 quatuor,
642 1738 757 1776 idest,

54 1781 191 1817 veritas,
218 1780 352 1816 caritas,
377 1780 501 1818 virtus,
524 1782 694 1818 sapientia.
711 1785 757 1813 De

54 1825 106 1855 his
131 1826 274 1856 [ontibus
296 1826 455 1855 laboranti
482 1827 597 1856 animae
613 1828 759 1859 salubres

54 1879 146 1909 aqua]
163 1872 369 1901 hauriuntur.
390 1872 524 1901 Laborat
539 1873 626 1902 enim
652 1875 758 1905 anima

53 1916 193 1946 humana
218 1917 423 1954 quadruplici
448 1918 559 1947 morbo
580 1919 756 1959 vitiorum,

53 1962 177 1992 scilicet
200 1962 346 1998 timoris,
373 1964 662 2002 concupiscentiae,
684 1976 758 2004 pro-

52 2007 129 2044 priae
166 2007 366 2045 iniquitatis,
397 2008 598 2045 ignoranfiae.
628 2011 756 2044 Timore

52 2052 140 2082 enlm
163 2052 249 2081 victa
274 2052 307 2081 in
330 2052 449 2082 vitium
475 2055 616 2093 cogitur,
639 2065 757 2088 eoncu-

51 2097 211 2135 piscentia
240 2098 351 2127 illecta
386 2099 420 2127 in
448 2099 566 2129 vitium
595 2102 754 2144 trahitur,

51 2143 179 2181 propria
193 2143 363 2181 iniquitate
376 2144 558 2175 voluntarie
572 2147 690 2178 vitium
706 2158 755 2180 se-

51 2233 181 2263 labitur.
200 2234 256 2264 His
269 2235 362 2264 malis
374 2235 556 2266 laborantes
574 2238 608 2267 et
621 2247 754 2276 gemen-

49 2279 98 2308 tes
113 2280 234 2309 animas
244 2280 425 2310 consolatur
433 2282 590 2319 Propheta
601 2305 610 2320 ,
623 2284 750 2316 dicens:

50 2325 206 2355 Ham-ictis
216 2335 314 2363 aquas
327 2328 357 2355 ιή
367 2329 476 2365 qaudm
488 2329 522 2357 de
537 2330 671 2365 sontibus
682 2333 753 2362 Sal-

51 2371 173 2400 vatoris.
201 2372 316 2401 Contra
345 2372 664 2412 pusillanimitatem,
680 2386 752 2414 (μια-

49 2416 197 2452 provenit
222 2417 261 2446 de
277 2417 358 2447 vitio
374 2418 518 2456 timoris,
538 2428 619 2457 aqua
640 2424 752 2460 praesi-

50 2458 173 2490 diorum
188 2461 227 2491 de
245 2461 332 2491 fonte
345 2463 491 2501 virtuti-33
510 2466 619 2495 contra
635 2475 751 2499 coneu-

49 2504 235 2542 piscentIam
252 2508 437 2545 temporalis
455 2510 651 2550 voluptatis,
669 2521 749 2551 aqua

49 2548 282 2582 desideriorum
298 2553 337 2583 de.
354 2553 441 2584 fonte
457 2556 617 2594 caritatis;
638 2560 748 2589 contra

51 2595 203 2626 malitiam
229 2598 420 2630 voluntariae
438 2600 639 2640 iniquitatis,
667 2611 748 2642 aqua

160 2650 186 2669 ἃ,

1448 197 1504 228 Ηΰ

799 241 996 279 J’udiciorum
1017 243 1058 273 de
1084 244 1174 275 fonte
1199 246 1371 279 veritatis:
1394 254 1505 284 contra

802 287 964 317 fallaciam
980 288 1190 328 ignorantiae,
1206 299 1288 330 aqua
1299 295 1505 327 consiliorum

800 333 838 362 de
854 332 941 363 sonte
956 334 1136 372 sapientIae.
1153 335 1191 365 Et
1202 335 1262 366 hoc
1277 337 1311 366 in
1323 340 1455 379 gaudi03
1469 347 1505 374 ut

799 387 869 416 quae
890 379 980 418 prius
995 381 1146 419 gemebat
1170 381 1229 411 sub
1244 383 1386 420 pondere
1407 385 1504 416 vitio—

799 432 889 463 rum,
909 425 1003 455 modo
1025 426 1166 464 gaudeat
1188 427 1223 457 in
1249 427 1422 466 adeptione
1438 432 1506 461 vir-

799 470 902 499 tutum
913 491 923 507 ,
949 472 1162 509 comparando
1178 472 1240 502 sibi
1257 472 1296 502 de
1321 474 1413 512 aquis
1428 483 1505 505 con-

797 513 942 544 siliorum
953 516 1161 552 prudentiam
1170 539 1179 554 ,
1192 517 1232 547 de
1245 526 1325 556 aqua
1340 519 1505 556 praesidio-

797 568 868 589 rum
894 560 1139 600 fortitudinem,
1163 563 1203 593 de
1219 572 1301 602 aqua
1326 565 1505 596 desiderio-

796 613 867 635 rum
883 606 1145 646 temperantiam,
1160 608 1200 638 de
1215 617 1298 648 aqua
1308 609 1504 646 iudiciorum

798 651 971 686 iustitiam:
986 653 1023 682 ut
1032 653 1066 682 in
1075 654 1221 685 adversis
1229 655 1382 687 fortitudo
1393 659 1506 696 expel-

796 697 840 727 lat
853 699 1179 738 pusillanimitatem3
1195 700 1229 730 in
1244 702 1407 740 prosperis
1418 704 1505 734 tem-

797 744 943 779 perantia
956 745 1102 775 refrenet
1116 745 1281 776 lasciviam
1296 756 1304 776 :
1321 747 1355 777 in
1371 750 1504 787 agendis

796 789 919 824 iustitia
934 791 1088 821 excludat
1103 791 1310 830 iniquitatem
1324 803 1332 823 :
1346 794 1379 824 in
1395 795 1505 827 dubiis

797 835 966 872 prudentia
979 837 1118 868 instruat
1132 837 1358 876 ignorantiam.
1372 841 1504 872 Talibus

796 880 902 910 anima
917 881 1097 912 refocillata
1109 883 1199 920 aquis
1209 905 1218 922 ,
1232 884 1264 913 et
1276 885 1387 914 ornata
1400 885 1503 916 virtu-

798 925 899 964 tibus,
925 927 1083 957 extendat
1105 936 1158 965 se,
1186 929 1220 958 et
1243 929 1503 968 comprehendat

796 980 869 1001 cum
891 973 1042 1003 omnibus
1061 973 1205 1011 Sanctis,
1221 983 1293 1013 quae
1310 976 1351 1006 sit
1363 977 1502 1007 latitudo

797 1016 829 1046 et
842 1017 1008 1055 longitudo
1022 1039 1031 1056 ,
1047 1018 1231 1049 sublimitas
1247 1020 1281 1050 et
1294 1021 1500 1059 profundum.

796 1062 869 1092 Haec
884 1063 1023 1100 quatuor
1036 1063 1096 1093 Dei
1113 1064 1236 1094 duobus
1256 1065 1398 1096 brachiis
1413 1076 1502 1098 com-

796 1107 953 1144 prehendi
970 1109 1125 1147 possunt,
1142 1118 1220 1140 vero
1233 1111 1358 1141 scilicet
1373 1120 1499 1151 amore,

780 1157 781 1183 l
796 1153 829 1182 et
840 1161 918 1182 vero
934 1153 1063 1184 timore.
1076 1156 1204 1186 Timore
1220 1157 1454 1188 sublimitatem
1467 1162 1502 1189 et:

796 1197 989 1234 profundum
1000 1221 1010 1236 ‚
1022 1199 1055 1229 id
1067 1200 1318 1238 est,p0tentiam
1327 1203 1360 1232 et
1374 1205 1502 1241 sapien-

797 1244 874 1273 tiam
889 1253 897 1273 :
913 1252 1021 1275 amore
1047 1245 1254 1276 latitudinem
1274 1249 1308 1277 et
1322 1250 1501 1287 longitudi—

796 1297 888 1327 nem,
913 1289 948 1320 id
972 1291 1040 1328 est,
1061 1292 1229 1322 caritatem
1256 1293 1289 1323 et
1310 1295 1498 1327 veritatem.

795 1334 940 1365 'rimetur
967 1335 1055 1365 enim
1079 1337 1182 1376 Deus,
1208 1338 1285 1376 quia
1308 1341 1416 1371 omnia
1440 1351 1501 1380 per

795 1380 971 1417 potentiam
984 1382 1111 1419 potest:
1127 1383 1161 1412 et
1176 1384 1338 1414 veraciter
1350 1385 1500 1427 timetur,

793 1425 867 1462 quia
893 1426 977 1455 nihil
999 1435 1075 1456 eum
1099 1436 1158 1465 per
1189 1430 1381 1467 sapientiam
1406 1433 1497 1466 latet.

794 1471 924 1500 Amatur
952 1473 1056 1510 Deus,
1071 1474 1147 1512 quia
1171 1476 1286 1506 caritas
1301 1478 1350 1508 est
1366 1487 1375 1508 z
1392 1480 1425 1509 et
1441 1489 1499 1511 ve-

793 1517 911 1546 raciter
936 1519 1081 1557 amatur,
1110 1519 1185 1558 quia
1215 1521 1352 1562 veritas,
1381 1525 1415 1554 id
1445 1528 1495 1557 est

792 1562 955 1592 :eternitas
969 1564 1030 1593 est.

946 1651 1115 1686 SERMO
1142 1655 1326 1689 CXVIII.

831 1719 915 1749 State
929 1720 962 1749 ἰη
976 1721 1032 1750 viss
1044 1722 1186 1759 Βοιηὶηἰ,
1203 1725 1231 1754 et
1245 1725 1432 1765 interroqoete
1446 1738 1495 1759 se-

792 1765 880 1793 mitas
894 1765 969 1801 ejus⁴
987 1767 1021 1794 In
1037 1767 1090 1795 via
1106 1768 1235 1798 Domini
1257 1771 1337 1808 stat,
1354 1773 1410 1810 qui
1426 1782 1496 1804 cor-

791 1810 916 1845 porales
931 1811 1152 1842 observantias
1163 1814 1240 1843 boni
1256 1818 1413 1854 propositi
1429 1828 1495 1849 ser-

791 1855 855 1883 vat.
872 1854 934 1884 Sed
959 1857 1036 1893 quia
1053 1859 1217 1895 corporale
1241 1862 1434 1893 exercitium
1454 1866 1493 1895 ad

792 1900 951 1929 modicum
960 1901 1066 1939 valet,
1077 1904 1114 1932 ut
1129 1904 1245 1934 Paulus
1261 1905 1360 1944 dicit,
1373 1907 1494 1939 idcirco

772 1962 773 1966 ,
790 1944 955 1982 subjungit
969 1954 976 1973 ι
994 1947 1034 1976 Et
1043 1948 1226 1986 interroqute
1234 1952 1356 1982 semitas
1364 1955 1496 1986 (eternas,-

789 1991 870 2027 νῘιιε,
886 1990 918 2020 id
941 1992 1006 2029 est,
1023 1992 1204 2024 desiderate
1227 1998 1411 2028 sanctorum
1435 2001 1497 2031 Pa—

790 2037 873 2066 trum
890 2037 972 2066 vitas
985 2060 994 2075 7
1015 2039 1046 2067 ct
1065 2039 1242 2070 Invenietis
1258 2042 1364 2081 viam3
1381 2046 1493 2077 ambu-

789 2082 852 2112 late
881 2081 915 2112 in
941 2091 990 2112 ea.
1018 2084 1108 2113 Viam
1130 2086 1274 2125 invenit,
1296 2089 1351 2126 qui
1374 2091 1414 2120 ad
1440 2101 1496 2122 ccr

770 2127 965 2162 ,revertitur
981 2138 989 2158 z
1011 2129 1154 2160 ambulat
1170 2132 1203 2160 in
1220 2140 1278 2171 ea,
1298 2134 1354 2172 qui
1381 2143 1495 2167 ascen-

51 2188 178 2226 quitur,
208 2189 389 2226 ignorantia
417 2190 550 2220 seducta
579 2192 613 2222 in
637 2182 892 2225 vitium³⁵¹⁰nes
919 2183 953 2203 ΠΙ
982 2175 1078 2205 corde
1106 2185 1164 2206 SUO
1188 2177 1358 2215 dfflpofflsst'
1387 2182 1494 2214 pmma

787 2220 929 2249 ascensio
941 2220 1102 2256 hujusvioe
1116 2222 1164 2251 est
1174 2225 1324 2255 contritio
1333 2249 1342 2264 ,
1353 2230 1494 2260 secunda

787 2265 962 2304 consessio,
994 2267 1089 2297 tertia
1115 2268 1260 2308 affectio,
1284 2274 1396 2310 quarta
1421 2284 1495 2313 pro·

784 2311 931 2349 prietatis
970 2313 1132 2352 abJectio,
1172 2315 1285 2352 quinta
1322 2318 1493 2358 abnegatio

784 2358 922 2394 propriae
932 2358 1108 2388 voluntatis
1117 2382 1125 2396 ,
1139 2360 1229 2388 sexta
1239 2361 1423 2394 humiliatio
1434 2374 1490 2396 vo-

784 2402 931 2432 luntariae
961 2403 1191 2443 subjectionis,
1217 2407 1354 2445 septima
1379 2418 1492 2448 perse-

785 2449 942 2479 vorantia.

960 2534 1129 2567 SERMO
1171 2536 1310 2568 CXIX.

822 2605 1028 2637 MYsTEan
1053 2607 1286 2637 incarnationis
1312 2608 1368 2636 trin
1398 2610 1428 2639 in
1454 2620 1487 2642 se

1304 2653 1341 2677 ιι)
