1830 3073
597 191 655 221 DE
677 187 893 220 DIVERSIS
915 186 1062 218 SERMO
1085 186 1131 218 11.

154 255 205 278 me
216 269 225 285 ,
241 245 389 277 noverim
410 240 460 276 tess‘
477 244 641 282 Quomodo
657 243 743 272 enim
757 242 853 272 notus
869 246 875 299 1

153 293 219 322 sibi
245 291 375 322 videtur
388 291 503 327 homo,
518 288 637 318 laboris
657 287 797 325 fugitans
822 287 854 315 et

155 337 291 367 doloris?
302 337 365 366 Aut
378 335 536 373 quomodo
548 335 609 364 scit
620 342 653 363 se
666 340 735 362 esse
748 331 854 361 homi-

152 390 228 412 nem
237 404 247 420 ,
259 382 316 420 qui
329 381 369 411 ad
380 381 412 410 id
425 381 555 418 paratus
570 387 634 409 non
653 378 702 408 est
719 377 759 407 ad
771 376 855 415 quod

153 427 266 457 natus?
277 429 376 457 Homo
388 447 398 463 ,
416 425 539 463 inquit,
554 426 689 455 nascitur
705 424 745 453 acl
769 422 855 452 labo-

154 481 230 502 rem.
243 473 322 501 Nam
339 471 379 501 ad
393 471 535 501 dolorem
546 470 657 500 natum
669 476 702 498 se
715 466 853 505 dubitet,

155 517 212 556 qui
227 525 291 547 non
316 517 412 547 natus
437 516 487 546 est
507 515 542 544 in
554 515 675 544 dolore.
692 513 756 542 Sed
767 513 856 542 dolo-

156 570 226 593 rem
237 560 447 601 parturientis
462 562 592 598 clamor,
602 560 746 588 laborem
758 558 855 596 prolis

154 608 251 638 fletus
266 608 388 638 indicat
399 608 434 638 et
445 606 582 643 vagitus.
599 606 753 644 Quoniam
765 606 796 635 in
808 605 855 634 la-

155 653 257 683 borem
265 655 432 683 etdolorem
440 652 624 687 consideras,
633 648 853 687 aitPropheta.

153 698 257 728 Labor
272 699 306 728 in
325 697 522 732 aetionihuS,
539 695 629 725 dolor
643 695 677 724 in
700 694 856 732 passioni-

154 743 214 773 bus
230 744 289 773 est.
305 742 442 772 Proinde
458 741 515 780 qui
538 749 573 770 se
594 740 729 770 noverat
750 738 856 769 homi-

155 795 229 817 nem
240 809 249 825 ,
280 787 321 817 ad
346 787 521 824 utrumque
553 784 684 823 paratus
717 784 855 823 supplici

156 832 356 862 confessione
369 830 516 862 dicebat:
527 832 679 861 Paratum
692 839 745 860 cor
754 838 857 860 meum

155 880 237 908 Deus
246 900 255 915 ‚
277 880 426 916 paratam
441 885 493 907 εον
507 884 621 906 meum.
642 876 681 905 Et
694 875 856 913 geminam

157 923 241 952 lianc
263 922 531 961 praeparationem
546 920 731 950 evidentius
746 920 858 958 expri-

157 976 248 998 mens
257 990 266 1006 ,
277 969 316 998 de
330 968 456 998 actione
465 967 595 1005 quidem
607 987 617 1004 ,
628 967 765 996 Paratus
776 974 855 1001 sum,

158 1015 220 1051 ait,
243 1016 272 1044 et
291 1022 354 1043 ποη
377 1022 446 1044 sam
466 1013 669 1048 turbatus,ut
690 1012 857 1041 custodiam

157 1061 305 1088 mandata
327 1060 393 1088 tua.
417 1059 465 1088 De
488 1057 634 1095 passione
660 1064 757 1093 vero,
772 1058 856 1094 qu,

156 1104 282 1141 inquit,
295 1105 326 1132 in
340 1104 462 1141 slaqella
481 1104 612 1142 paratus
633 1110 700 1132 sum
732 1103 760 1131 et
773 1101 858 1131 dolor

161 1157 246 1177 niens
261 1149 292 1177 in
307 1149 465 1185 conspectu
479 1155 544 1176 meo
559 1155 686 1183 semper.

200 1193 230 1221 2.
247 1193 345 1221 Nemo
363 1200 439 1221 sane
456 1191 489 1220 in
504 1191 564 1219 hac
579 1190 697 1219 misera
710 1188 778 1219 vita
802 1197 858 1226 ge-

157 1237 280 1266 minam
309 1236 392 1266 hanc
427 1235 635 1265 vexationem
660 1242 694 1264 se
719 1234 857 1264 evadere

157 1281 323 1319 glorietur.
351 1281 450 1313 Nemo
478 1279 599 1317 quippe
633 1287 676 1309 ex
706 1279 857 1309 omnibns

157 1327 233 1357 filiis
253 1327 327 1356 Adae
348 1326 418 1356 sine
434 1325 542 1356 labore
558 1324 611 1356 hic
634 1323 738 1361 vivit,
762 1332 857 1353 nemo

157 1373 227 1401 sine
254 1371 441 1402 dolore.Est
468 1370 524 1409 qui
549 1370 692 1400 declinat
716 1368 856 1408 aliquos,

157 1418 214 1447 sed
229 1418 343 1447 incidit
357 1415 568 1456 proculdubio
584 1415 617 1445 in
632 1415 804 1454 graviores.
820 1418 856 1445 In

157 1464 279 1499 labore,
306 1463 429 1501 inquit,
455 1463 613 1492 hominum
638 1470 700 1491 non
721 1464 807 1499 sunt,
830 1464 858 1491 et

157 1518 226 1538 cam
249 1509 421 1539 hominibus
445 1517 507 1537 non
527 1507 774 1546 slaqellabtmcur.
790 1508 857 1536 Non

156 1554 266 1583 tamen
289 1553 440 1583 continuo
466 1553 535 1583 sine
563 1553 672 1582 labore
689 1552 781 1589 sunt,
802 1553 857 1582 aut

157 1600 292 1629 minime
303 1600 517 1638 flagellantur.
525 1598 671 1636 Denique
683 1600 855 1636 propterea,

156 1644 282 1682 inquii,
297 1647 451 1675 lenzez'teos
463 1644 619 1683 snperbia.
635 1644 748 1673 Gravis
765 1644 857 1682 equi-

158 1690 230 1719 dem
254 1691 352 1720 labor.
379 1691 485 1729 Operti
499 1691 570 1720 sant
584 1690 742 1727 iniquitate
757 1691 785 1719 et
799 1691 858 1719 im-

153 1737 266 1774 pietate
280 1746 347 1766 sna.
365 1736 523 1766 Gravibus
534 1736 630 1773 plane
645 1734 797 1772 flagellis3
814 1735 857 1765 si-

156 1781 288 1817 quidem
308 1789 372 1810 non
397 1781 446 1810 est
467 1781 606 1817 gaudere
634 1780 761 1816 impiis,
779 1780 858 1810 dicit

157 1824 326 1853 Dominus.
339 1824 429 1861 Quod
442 1824 530 1853 enim
542 1831 602 1852 nec
613 1823 732 1852 laboris
744 1824 858 1853 anxie-

158 1869 257 1897 tatem
270 1891 278 1905 ,
292 1877 351 1898 nec
367 1869 486 1907 flagelli
506 1868 652 1898 sentiunt
673 1868 856 1906 laesionem,

156 1912 225 1951 ipsa
253 1914 319 1950 jam
348 1912 580 1943 insensibilitas
614 1913 857 1942 vehementiam

155 1958 277 1989 indicat
291 1958 457 1997 passionis.
470 1957 570 1988 Sudat
579 1965 703 1995 pauper
714 1958 747 1987 in
759 1966 857 1995 opere

157 2004 233 2034 foris
248 2013 255 2033 ε
272 2005 327 2034 sed
351 2003 508 2042 numquid
524 2003 633 2032 minus
648 2002 746 2032 anxie
766 2003 857 2033 dives

155 2048 245 2078 intus
269 2049 301 2078 in
326 2049 396 2087 ipsa
418 2056 475 2078 sua
496 2047 688 2086 cogitatione
711 2048 857 2079 laborat?

156 2094 267 2131 Aperit
283 2094 342 2125 iste
358 2103 392 2125 os
403 2102 496 2123 suum
512 2093 546 2125 in
561 2094 750 2124 oscitatione
761 2116 769 2132 ,
783 2102 857 2132 ape-

156 2140 198 2169 iit
215 2140 269 2169 ille
286 2140 321 2169 in
338 2139 558 2177 eructatione3
575 2140 608 2170 et
622 2139 786 2170 interdum
801 2139 856 2170 ille

155 2185 284 2222 gravius
300 2185 447 2222 fastidio,
463 2193 559 2223 quam
575 2184 635 2214 iste
651 2184 758 2214 inedia
785 2194 858 2215 cru-

156 2231 269 2260 ciatur.
297 2231 459 2260 Postremo
488 2229 609 2268 velint,
636 2230 741 2260 nolint
759 2252 767 2269 ,
792 2239 857 2261 non

155 2276 249 2305 modo
271 2276 420 2306 homines
431 2297 439 2313 ,
455 2276 512 2306 sed
530 2275 628 2306 etiam
650 2275 810 2306 daemones
825 2277 857 2307 et

156 2321 295 2358 faciunt,
312 2321 345 2350 et
360 2321 528 2359 patiuntur
542 2321 628 2360 quod
649 2322 856 2361 providentia

156 2374 279 2394 summa
295 2365 466 2403 disposuit.

196 2410 226 2438 3.
240 2409 397 2440 caeterum
422 2418 483 2440 nee
507 2410 633 2448 leprosa
655 2410 855 2449 obedientia,

155 2465 214 2486 nec
254 2458 368 2487 canina
401 2458 559 2496 patientia
599 2459 854 2489 commendatur.

158 2502 235 2531 inde
253 2504 300 2532 est
322 2503 406 2539 quod
430 2512 494 2532 non
508 2503 701 2541 simpliciter
715 2505 856 2542 petimus

157 2547 192 2578 nlv
218 2547 270 2575 liat
293 2548 438 2577 voluntas
459 2548 607 2586 Domini,
625 2557 721 2587 quam
738 2549 772 2579 in
789 2558 858 2579 om-

156 2591 254 2627 uibus
269 2592 299 2622 et
313 2600 370 2631 per
382 2593 489 2623 omnia
503 2593 573 2623 sieri
587 2594 765 2625 certissime
782 2603 858 2625 con-

1566 190 1584 219 Ξῖ

886 241 969 276 stat,
987 239 1168 280 (voluntati
1189 240 1276 270 enim
1300 242 1368 278 ejus
1389 241 1461 281 quis
1486 241 1583 272 resis-

886 284 960 325 tit2)
975 285 1032 316 sed
1046 285 1083 315 ut
1097 284 1153 314 fiat
1166 286 1242 315 sicut
1255 286 1289 314 in
1300 287 1371 315 coelo
1380 308 1389 322 ,
1402 289 1472 317 etin
1488 290 1582 317 terra.

884 332 985 368 Quam
1022 331 1178 360 nimirum
1213 329 1428 366 adjectionem
1460 332 1583 362 duabus

884 383 1011 413 quoque
1024 373 1283 413 praecedentibus
1298 373 1511 411 petitionibus
1531 377 1583 406 ni—

885 421 1060 450 hilominus
1086 428 1161 450 reor
1182 418 1373 457 aptandam,
1401 419 1439 447 ut
1458 420 1583 450 Patrem

884 467 1029 497 nostrum
1042 465 1097 504 qui
1109 465 1143 494 in
1151 464 1241 494 coelis
1249 464 1298 494 est
1306 470 1477 494 exoremus
1486 484 1495 500 ‚
1507 472 1586 501 qua-

884 512 979 542 tenus
1004 512 1038 541 et
1060 519 1180 541 nomen
1206 510 1276 547 ejus
1303 508 1540 545 sanctificetur,
1554 512 1587 539 et

884 565 1019 595 regnum
1032 555 1101 593 ejus
1122 554 1293 591 adveniat,
1306 554 1339 584 et
1353 552 1504 584 voluntas
1519 551 1586 582 fiat.

885 603 958 632 Haec
971 602 1080 632 omnia
1093 603 1170 632 sicut
1183 602 1216 631 in
1240 601 1313 630 coelo
1321 620 1331 636 ,
1346 599 1389 629 sic
1404 600 1432 628 et
1445 598 1586 627 interra.

884 648 1037 686 Alioquin
1062 647 1120 677 ubi
1139 654 1204 676 non
1227 644 1446 676 sanctificatur
1469 649 1588 672 nomen

885 693 974 730 ejus?
986 693 1047 723 Ubi
1070 692 1137 730 iam
1151 699 1289 731 regnum
1308 690 1379 727 ejus
1399 696 1465 719 non
1478 687 1588 724 venit,

885 739 1012 776 quando
1023 739 1059 768 in
1070 738 1204 768 nomine
1219 737 1295 767 Jesu
1310 743 1404 765 omne
1416 742 1502 772 genu
1512 732 1589 762 ssec-

885 783 983 821 titur,
998 784 1178 814 coelestium
1189 804 1198 820 ,
1211 781 1415 812 terrestrium
1430 779 1464 809 et
1487 777 1590 807 infer-

885 828 1019 858 norum?
1036 830 1105 859 Scio
1124 830 1151 859 te
1171 829 1244 867 quia
1265 836 1295 857 es
1310 827 1441 857 Sanctus
1455 825 1530 860 Dei,
1543 824 1589 853 ait

886 873 984 903 etiam
999 874 1070 913 ipse
1084 875 1257 912 malignus.
1274 872 1313 902 At
1333 872 1428 909 longe
1444 869 1540 899 aliter
1556 870 1589 898 et

886 919 1036 949 dissimili
1053 928 1182 958 prorsus
1193 918 1363 949 affectione
1372 923 1492 946 nomen
1503 914 1589 944 istud

886 965 1104 996 sanctificatur
1119 966 1154 995 in
1170 964 1259 995 ecelis
1270 986 1279 1002 ,
1294 963 1352 993 ubi
1368 963 1435 992 tam
1457 961 1590 990 inenar-

886 1010 982 1039 rabili
996 1011 1200 1048 jucunditate
1225 1010 1382 1039 clamatur
1403 1016 1412 1037 τ
1439 1008 1569 1037 Sanctus
1578 1026 1589 1042 ,

886 1059 1027 1094 sanctita,
1042 1059 1165 1087 sanctus
1179 1057 1330 1086 Dominus
1343 1056 1425 1084 Deus
1445 1052 1587 1083 sabaoth.

887 1101 939 1130 Sic
955 1102 988 1131 et
1002 1102 1117 1138 regnat
1144 1109 1209 1130 non
1230 1101 1263 1129 in
1284 1101 1372 1130 terra
1393 1099 1515 1135 solum,
1531 1105 1590 1126 ve-

888 1155 959 1176 rum
987 1147 1085 1176 etiam
1100 1146 1135 1175 in
1152 1146 1318 1184 gehenna,
1332 1143 1507 1182 imperium
1531 1143 1590 1171 lia-

888 1193 967 1221 bens
984 1192 1058 1222 vitae
1079 1191 1112 1221 et
1126 1191 1249 1221 mortis.
1263 1190 1326 1220 Sed
1341 1188 1472 1219 omnino
1494 1188 1591 1216 dissi-

888 1236 1011 1266 militer
1022 1236 1134 1273 regnat
1145 1236 1179 1264 in
1194 1235 1244 1265 his
1255 1234 1310 1272 qui
1322 1233 1418 1263 inviti
1431 1233 1588 1269 serviunt,

888 1281 920 1310 et
935 1281 990 1319 qui
1005 1280 1191 1310 voluntarie
1206 1278 1416 1308 famulantur.

925 1325 956 1355 [ι.
973 1327 1080 1355 Bonus
1092 1325 1183 1355 cibus
1194 1324 1379 1354 obedientia
1390 1345 1399 1361 ,
1412 1323 1451 1352 de
1463 1330 1526 1361 qua
1537 1323 1590 1351 ni-

873 1371 1005 1408 2miru1n
1019 1372 1051 1401 et
1066 1371 1136 1409 ipse
1157 1370 1314 1400 Dominus
1328 1369 1393 1399 ait:
1406 1370 1491 1398 Meas
1507 1367 1589 1397 cibus

873 1419 929 1455 ,est
939 1439 949 1454 ,
961 1419 996 1447 ut
1010 1417 1125 1455 faciam
1139 1417 1328 1447 voluntatem
1339 1416 1444 1445 Patris
1464 1415 1534 1443 mei.
1552 1414 1590 1442 Et

886 1463 1044 1501 Propheta
1062 1471 1069 1491 ε
1086 1462 1238 1498 Labores,
1267 1460 1331 1498 ait,
1351 1468 1502 1490 mammem
1519 1461 1589 1488 lua-

873 1518 958 1543 mum.
972 1509 1044 1547 quia
1056 1507 1273 1546 manducabis3
1291 1506 1393 1536 beatas
1407 1514 1436 1535 es
1446 1526 1456 1541 ,
1472 1506 1500 1534 et
1517 1504 1589 1533 bene

873 1554 941 1584 ‘libi
960 1555 1028 1583 erit.
1054 1554 1159 1582 Bonus
1175 1552 1266 1582 cibus
1282 1550 1441 1589 patientia
1465 1557 1589 1587 paupe—

886 1607 1059 1637 1‘um,quae
1080 1606 1145 1628 non
1167 1597 1289 1636 peribit
1304 1596 1337 1625 in
1362 1595 1477 1632 finem,
1496 1594 1589 1633 panis

873 1643 1098 1681 *lacrymarum
1107 1664 1116 1680 ,
1141 1642 1234 1681 panis
1261 1640 1391 1671 doloris.
1418 1641 1589 1669 Verumta—

873 1697 960 1718 >men
972 1688 1102 1726 utrique
1114 1688 1332 1718 necessarium
1343 1687 1391 1717 est
1400 1685 1589 1716 condimen-

886 1734 975 1771 tum,
998 1733 1069 1763 sine
1094 1742 1157 1771 quo
1178 1733 1317 1770 uterque
1342 1731 1502 1770 insipidus
1524 1739 1588 1760 non

886 1779 980 1808 modo
992 1786 1058 1808 non
1079 1778 1222 1816 reficiat,
1235 1778 1292 1808 sed
1313 1777 1457 1815 gustatus
1478 1776 1588 1805 afferat

887 1824 1035 1853 mortem.
1071 1823 1269 1853 Durissimus
1307 1822 1459 1860 equidem
1497 1822 1588 1851 cibus

887 1868 1043 1906 uterque,
1061 1868 1206 1906 Fratres,
1229 1868 1263 1898 et
1282 1866 1346 1897 nisi
1373 1866 1502 1905 aliquod
1521 1866 1590 1896 ter-

887 1913 969 1942 tium
981 1913 1162 1951 saporabile
1170 1913 1350 1952 apponatur
1358 1934 1367 1950 ,
1378 1913 1492 1950 utique
1503 1921 1589 1943 mors

887 1957 922 1987 in
937 1959 1011 1988 olla.
1025 1958 1111 1995 Quid
1123 1966 1201 1988 vero
1215 1959 1282 1988 tam
1298 1957 1477 1996 saporabile
1492 1966 1588 1995 quam

887 2003 1073 2042 sapientia?
1096 2004 1218 2042 Nempe
1246 2004 1373 2041 lignum
1401 2003 1480 2033 vitae
1515 2004 1588 2040 est,

886 2049 971 2087 quod
982 2050 1014 2080 et
1029 2049 1114 2087 ipsas
1125 2057 1223 2087 aquas
1235 2050 1263 2078 M
1268 2048 1364 2078 arath
1385 2056 1444 2086 per
1457 2048 1588 2087 Moysen

887 2094 1078 2125 dulcoravit.
1101 2095 1253 2125 Far-inula
1269 2095 1336 2131 est,
1351 2103 1423 2132 quae
1438 2094 1589 2132 pulmen-

886 2140 955 2170 tum
972 2140 1203 2179 prophetarum
1223 2148 1282 2178 per
1296 2139 1446 2168 Elisaeum
1461 2147 1589 2177 sapora·

887 2185 946 2216 vit.
963 2186 1047 2224 Ignis
1063 2186 1129 2224 est,
1149 2185 1206 2224 qui
1221 2193 1348 2223 semper
1369 2184 1482 2214 ardere
1504 2193 1589 2223 prae-

887 2231 1007 2269 cipitur
1027 2232 1062 2262 in
1083 2231 1189 2261 altari.
1215 2231 1328 2261 Oleum
1344 2230 1411 2268 est,
1433 2231 1472 2260 ob
1496 2231 1590 2267 cujus

887 2277 1030 2315 inopiam
1040 2277 1223 2316 virginibus
1247 2275 1345 2306 fatuis
1366 2276 1485 2306 ostium
1501 2277 1589 2305 clau-

887 2322 974 2352 ditur
985 2323 1184 2359 nuptiarum.
1198 2322 1250 2352 Sal
1263 2322 1328 2359 est,
1343 2321 1428 2359 quod
1440 2321 1522 2351 nulli
1538 2330 1589 2351 sa—

888 2368 1007 2397 crificio
1031 2369 1144 2399 deesse
1163 2369 1308 2406 jubetur.
1326 2367 1405 2398 Inde
1431 2369 1480 2398 esi:
1503 2368 1588 2406 quod

887 2415 1026 2445 insulsos
1047 2415 1198 2445 homines
1222 2415 1470 2452 dicimus,qu0s
1491 2414 1588 2443 intel-

889 2460 944 2498 ligi
960 2461 1108 2491 volumus
1123 2459 1257 2490 minime
1275 2460 1449 2498 sapientes.
1466 2459 1503 2487 Et
1524 2459 1588 2486 Do-

888 2505 995 2535 minus
1021 2507 1067 2536 sal
1092 2507 1124 2535 in
1155 2504 1248 2535 nobis
1274 2505 1394 2534 habere
1426 2502 1586 2541 praecipit„

890 2551 1056 2588 Apostolus
1071 2559 1198 2589 quoque
1219 2558 1348 2580 omnem
1362 2548 1504 2578 nostrum
1518 2556 1588 2578 ser—-

890 2604 1017 2626 monem
1030 2598 1094 2626 sale
1110 2599 1218 2626 monet
1232 2604 1299 2626 esse
1313 2592 1489 2625 conditum.
