1846 3078
229 240 286 271 145'4

227 298 298 326 tum
326 295 507 327 coelestium
537 298 719 329 exercitum
751 298 926 328 adducens.

226 342 300 371 Mox
325 348 400 380 pars
423 342 558 373 inimica
583 343 765 382 disparuit,
788 343 928 372 virtutes

226 395 306 417 vero
321 387 361 418 ad
372 388 446 418 nota
457 389 607 427 praesidia
618 387 802 419 recurrunt.
815 389 929 418 Proce-

227 433 343 464 dentes
357 434 433 464 ilico
449 436 484 465 et
506 443 540 465 se
560 435 646 472 ipsas
661 434 814 472 deceptas
829 434 927 464 fuisse

226 480 413 510 accusantes
440 480 600 511 Discretio
633 480 668 509 et
702 480 927 519 Dispensatio,

225 525 358 555 veniam
379 527 555 564 precantur
570 533 578 553 τ
595 524 705 562 prodit
730 525 770 555 de
785 525 927 555 vinculis

226 570 261 600 et
274 571 314 600 ad
328 579 495 602 occursum
508 570 648 601 dominae
659 571 778 601 Gratiae
793 571 926 602 festinat

227 616 406 646 Arbitrium
417 638 426 654 ,
442 616 501 645 sub
514 624 614 654 regno
629 616 741 653 gratiae
755 625 841 647 nunc
854 617 927 647 tan-

226 662 303 692 dem
320 670 353 691 se
375 670 507 699 sperans
529 661 596 691 fore
611 661 767 692 liberum.
794 663 925 693 Fercula

225 708 445 745 praeparantur
457 707 586 737 filiabus
601 708 699 745 Regis
719 708 832 738 domus
847 717 926 748 suae,

226 753 260 782 et
272 760 392 782 mensae
408 754 574 790 ponuntur
588 762 747 792 congruae.
762 755 797 784 In
815 763 927 786 mensa

692 247 722 273 S.
745 243 981 272 BERNARDJ
1009 244 1202 273 ABBATIS

962 297 1083 336 quippe
1099 299 1191 329 Fidei
1213 300 1306 338 panis
1328 300 1460 340 ponitur
1475 299 1612 339 doloris,
1629 303 1665 333 et

963 351 1044 381 aqua
1067 345 1244 383 angustiae,
1260 347 1294 376 et
1315 348 1430 377 caetera
1455 347 1661 386 poenitentiae

963 389 1096 419 fercula.
1120 391 1157 420 In
1178 399 1290 421 mensa
1315 392 1392 430 Spei
1416 394 1511 431 panis
1536 394 1664 422 conf-or-

962 435 1056 474 tans,
1072 437 1106 466 et
1130 437 1239 466 oleum
1261 438 1448 468 exhilarans
1469 438 1586 468 faciem
1599 461 1607 476 ‚
1630 439 1665 469 et

961 482 1077 511 caetera
1099 483 1326 512 consolationis
1347 483 1482 513 fercula.
1500 485 1537 514 ln
1551 492 1663 514 mensa

960 528 1107 558 Caritatis
1121 528 1216 567 panis
1229 529 1306 559 vitae
1317 551 1327 566 ,
1347 528 1525 568 vinumque
1550 529 1663 559 laetiti-

961 581 1056 610 cans;
1075 574 1109 603 et
1129 581 1242 603 omnes
1264 573 1391 604 deliciae
1415 575 1571 612 paradisi.
1591 575 1663 604 Jam

961 618 1189 657 ingrediuntur
1218 620 1252 650 et
1277 620 1471 658 epulantur,
1497 621 1532 650 et
1553 621 1664 650 custo-

960 665 1054 694 diunt
1069 665 1319 696 civitatem.Sed
1328 667 1389 696 nisi
1398 667 1550 696 Dominus
1564 668 1664 696 cusro-

960 712 1048 741 dier1't
1062 712 1211 742 civitatem
1220 732 1229 749 ,
1241 713 1359 749 frustra
1375 713 1481 751 vigilat
1495 713 1548 751 qui
1561 713 1663 742 custo-

959 758 1002 786 dit
1017 765 1098 786 eam.

426 903 827 945 CONFESSIONIS
865 907 1136 947 PRIVATAE
1170 908 1472 964 FORMULA,

925 999 970 1017 SEU

304 1063 435 1087 ORATIO
458 1064 675 1088 POENITENTIS
697 1064 743 1087 AD
765 1065 943 1088 CHRISTUM

964 1065 1213 1096 DEVOTISSIMA,
1236 1067 1318 1098 QUAE
1337 1068 1369 1091 B.
1392 1066 1580 1092 BERNARDO

723 1114 794 1136 NON
817 1114 912 1136 MALE
930 1112 1172 1138 ADSCRJBITUR.

267 1250 294 1279 l.
313 1251 350 1279 lx
370 1250 491 1280 unione
506 1250 705 1281 acerbissimi
720 1250 838 1281 doloris
851 1251 900 1282 tui
914 1273 923 1288 ,

227 1296 282 1332 qui
297 1304 423 1325 causam
440 1296 558 1326 doloris
572 1296 638 1326 mei
655 1297 876 1334 assumpsisti,
892 1298 925 1326 et

227 1341 489 1371 ‹luendationem
507 1350 565 1380 pro
579 1342 722 1380 peccatis
746 1342 829 1372 meis
856 1351 925 1373 sus-

227 1387 342 1424 cepisti
356 1409 365 1424 ,
391 1388 529 1417 Domine
563 1388 641 1418 Jesu
667 1388 812 1425 Christe,
849 1396 924 1418 cum

229 1433 439 1462 universitate
457 1433 655 1471 dolentium,
669 1441 747 1463 vere
761 1433 926 1471 poiniten-

227 1479 327 1515 tium,
354 1479 386 1507 et
411 1480 442 1509 te
468 1479 503 1508 in
526 1479 665 1509 veritate
690 1479 923 1517 quaerentium,

227 1524 380 1553 confiteor
395 1524 454 1553 tibi
471 1524 577 1553 omnia
593 1525 724 1562 peccata
740 1525 925 1562 mea,mala

227 1570 393 1599 commissa
403 1591 411 1607 ,
423 1570 455 1599 et
467 1570 549 1598 bona
561 1570 678 1600 omissa
687 1570 756 1608 ,vel
768 1579 831 1609 non
844 1579 924 1608 pure

227 1616 281 1644 aut
297 1615 499 1653 negligenter
510 1615 605 1654 facta,
614 1616 697 1646 sicut
712 1617 747 1646 tu
758 1624 796 1646 ea
808 1617 925 1647 melius

227 1661 309 1689 nosti
326 1660 359 1689 in
373 1668 508 1690 numero
519 1682 528 1698 ,
544 1661 688 1699 pondere
704 1662 738 1691 et
752 1670 902 1692 mensura
915 1670 924 1688 τ

228 1706 260 1735 et
276 1706 345 1735 dies
368 1706 513 1744 perditos
534 1707 610 1737 vitae
635 1715 734 1745 meae,
749 1707 783 1737 in
807 1707 924 1746 quibus

226 1753 259 1780 te
271 1751 408 1790 offendi,
421 1753 454 1781 et
469 1752 598 1782 laudem
613 1752 702 1782 tuam
718 1754 844 1791 minui,
860 1755 893 1784 et
907 1763 926 1785 a

227 1798 259 1826 te
285 1805 409 1827 summo
430 1798 514 1827 bono
537 1798 666 1837 cecidi,
683 1800 716 1829 et
740 1800 925 1838 proximum

228 1843 261 1871 in
277 1850 383 1873 casum
401 1844 499 1874 traxi.
516 1844 648 1883 Suscipe
665 1853 751 1883 ergo,
767 1847 925 1886 Domine,

228 1888 267 1918 de
283 1897 355 1918 mea
370 1889 487 1919 misera
502 1890 570 1920 vita
585 1891 750 1921 residuum
767 1899 925 1923 annorum

226 1942 372 1964 meorum
395 1945 402 1965 :
428 1944 485 1974 pro
510 1936 562 1965 his
576 1945 653 1966 vero
669 1946 749 1975 quos
770 1939 854 1968 male
879 1940 927 1969 vi·

227 1979 332 2009 vendo
352 1981 500 2019 perdidi,
528 1981 646 2019 quibus
670 1982 798 2019 perdite
827 1983 898 2013 vixi
915 2006 925 2022 ,

228 2032 281 2054 cor
293 2026 468 2056 contritum
481 2027 513 2057 et
525 2026 733 2057 humiliatum
742 2049 751 2065 ,
765 2029 868 2067 Deus,
884 2038 925 2060 ne

227 2068 397 2108 despicias.
413 2070 490 2100 Dies
510 2071 576 2101 mei
602 2071 866 2112 declinaverunt,
893 2076 927 2105 et

227 2114 399 2150 perierunt
419 2116 490 2145 sine
512 2115 633 2146 fructu.
650 2117 852 2155 Impossibile
879 2120 926 2148 est

227 2160 263 2189 ut
289 2168 343 2189 eos
364 2169 515 2191 revocem
539 2170 548 2191 t
568 2162 628 2192 sed
652 2163 780 2200 placeat
793 2163 875 2202 tibi,
891 2166 927 2195 ut

227 2207 403 2243 recogitem
419 2207 491 2238 illos
513 2208 547 2237 in
569 2208 784 2239 amaritudine
810 2209 927 2240 animae

227 2258 320 2280 meae.
340 2252 493 2289 Domine,
520 2253 653 2292 abyssus
676 2254 926 2292 profundissima

227 2296 366 2326 miserim
376 2305 455 2327 meae
467 2298 617 2336 abyssum
626 2299 755 2329 invocat
763 2300 926 2331 altissimae

228 2341 459 2372 misericordiae
475 2344 551 2373 tuae.
574 2345 618 2374 Ne
636 2346 803 2376 contineas
824 2346 858 2376 in
879 2346 926 2376 ira

228 2386 452 2416 miserationes
466 2388 536 2417 tuas
546 2410 555 2425 ,
568 2391 600 2420 et
615 2389 736 2419 fontem
752 2390 927 2421 inexhaus-

228 2434 296 2461 tum
312 2432 541 2462 misericordiae
562 2433 626 2464 tuae
643 2435 727 2465 circa
752 2444 804 2466 me
822 2437 927 2466 exsic-

229 2478 347 2508 carine
362 2478 530 2516 permittas
545 2480 677 2517 propter
691 2483 824 2518 peccata
836 2490 907 2512 mea
917 2503 926 2520 ,

228 2523 284 2561 qui
308 2524 474 2554 misereris
488 2525 632 2554 omnium
645 2546 655 2562 ,
678 2527 711 2554 et
730 2526 814 2555 nihil
829 2528 925 2558 odisti

229 2577 342 2598 eorum
356 2578 426 2608 quae
437 2569 561 2608 fecisti,
577 2570 783 2601 dissimulans
794 2574 926 2609 peccata
944 2565 945 2575 ¹

229 2615 397 2645 hominum
419 2617 551 2655 propter
569 2617 808 2654 poeniteutiam.
824 2618 928 2647 Tuum
946 2651 947 2656 ¹

231 2663 296 2700 est,
311 2662 464 2701 Domine,
481 2662 648 2693 remittere
662 2663 795 2702 peccata
811 2671 820 2692 x
834 2663 929 2694 niise-
946 2684 949 2696 ι

959 1259 1031 1281 rere
1054 1252 1142 1289 mei,
1164 1252 1241 1282 dum
1266 1252 1395 1291 tempus
1411 1253 1460 1283 est
1479 1254 1592 1291 gratiae
1620 1255 1653 1285 et

958 1297 1174 1327 miserationis
1190 1306 1197 1326 :
1215 1298 1248 1327 et
1262 1298 1337 1327 dum
1351 1299 1477 1336 tempus
1490 1300 1536 1329 est
1546 1307 1656 1328 emen-

959 1342 1098 1373 dationis
1108 1366 1117 1381 ,
1133 1343 1172 1373 da
1180 1344 1299 1373 mereri
1311 1345 1444 1381 gloriam
1457 1345 1656 1375 benedictio-

959 1389 1028 1426 nis,
1042 1397 1084 1419 ne
1107 1389 1142 1418 in
1158 1389 1210 1419 die
1232 1390 1516 1420 consummationis
1530 1398 1582 1420 me
1608 1390 1658 1421 fc-

958 1435 1022 1465 riat
1036 1435 1174 1465 verbum
1185 1435 1434 1465 maledictionis.

997 1481 1028 1510 2.
1044 1481 1104 1510 Fac
1119 1489 1190 1517 me,
1213 1489 1338 1519 quaeso,
1356 1480 1493 1510 Domine
1505 1502 1514 1518 ,
1530 1481 1657 1510 assueta

958 1526 1042 1554 mala
1065 1526 1271 1564 relinquere,
1293 1526 1327 1555 et
1349 1534 1421 1564 quae
1442 1526 1502 1555 tibi
1525 1525 1656 1563 placent

958 1578 1111 1609 peragere
1124 1579 1133 1608 3
1150 1572 1183 1601 et
1197 1571 1339 1601 studium
1349 1593 1358 1609 ,
1369 1571 1455 1609 quod
1476 1572 1540 1601 huc
1555 1581 1656 1610 usque

958 1616 993 1645 in
1030 1616 1174 1654 peccatis
1210 1617 1369 1654 exercui,
1399 1617 1431 1646 te
1461 1616 1635 1653 adjuvante
1647 1640 1656 1656 ‚

958 1662 1111 1700 deinceps
1126 1662 1161 1691 in
1177 1662 1235 1692 tua
1251 1663 1419 1692 voluntate
1440 1662 1479 1692 da
1500 1663 1538 1692 ut
1560 1671 1658 1693 exer-

959 1716 1049 1737 ceam
1065 1715 1073 1736 :
1090 1708 1128 1737 ut
1140 1707 1197 1737 ubi
1213 1707 1391 1738 abundarit
1411 1708 1587 1746 delictum,
1600 1709 1656 1738 tua

958 1753 1058 1791 gratia
1070 1753 1260 1783 reabundet.
1270 1754 1355 1791 Rogo
1367 1754 1399 1784 te
1412 1754 1545 1792 propter
1553 1754 1656 1784 temet

959 1798 1082 1837 ipsum,
1099 1799 1132 1828 et
1147 1807 1205 1836 per
1221 1807 1361 1828 amorem
1377 1799 1532 1837 piissimae
1548 1799 1658 1829 Matris

959 1845 1020 1875 tuae
1034 1845 1178 1882 gloriosae
1193 1844 1329 1883 virginis
1346 1845 1454 1875 Mariae
1464 1866 1473 1882 ,
1490 1845 1524 1875 et
1537 1852 1596 1882 per
1606 1845 1658 1874 in-

958 1891 1188 1921 tercessionem
1209 1891 1353 1920 omnium
1374 1891 1563 1920 sanctorum
1585 1892 1658 1921 tuo-

959 1945 1029 1966 rum
1039 1958 1050 1974 ,
1073 1937 1170 1974 atque
1185 1937 1364 1967 electarum
1378 1937 1518 1974 tuarum,
1529 1936 1656 1973 ignosce

958 1983 1108 2013 omnibus
1122 1982 1282 2021 peccatis,
1295 1982 1504 2021 negligentiis
1520 1984 1553 2012 et
1567 1982 1658 2020 igno-

959 2029 1072 2059 rantiis
1100 2028 1182 2058 meis
1195 2050 1203 2066 ,
1227 2029 1261 2058 et
1289 2036 1330 2058 ne
1358 2027 1475 2066 perdas
1500 2036 1552 2058 me
1583 2037 1656 2058 cum

959 2074 1106 2104 omnibus
1121 2074 1349 2112 iniquitatibus
1363 2074 1446 2103 meis
1457 2095 1466 2111 ,
1488 2082 1596 2112 neque
1621 2074 1654 2104 in

959 2120 1055 2150 finem
1070 2120 1171 2149 iratus
1184 2127 1330 2149 reserves
1343 2119 1427 2148 mala
1443 2127 1526 2148 mea.
1540 2120 1661 2149 Recor-

959 2165 1034 2195 dare
1047 2188 1056 2203 ,
1067 2165 1203 2195 Domine
1216 2165 1291 2194 Jesu
1304 2186 1313 2203 ,
1326 2165 1403 2202 quia
1416 2166 1511 2194 tuum
1526 2173 1588 2194 non
1609 2166 1659 2194 est

959 2210 1095 2248 perdere
1124 2209 1299 2247 quicquam
1331 2217 1442 2238 eorum
1467 2217 1539 2246 quae
1564 2209 1659 2237 Pater

960 2257 1034 2285 tuus
1048 2255 1136 2285 dedit
1150 2254 1230 2291 tibi3
1254 2254 1332 2292 quin
1347 2254 1406 2284 tibi
1423 2254 1590 2292 proprium
1606 2256 1657 2284 est

960 2301 1108 2331 misereri
1123 2308 1251 2338 semper
1267 2302 1300 2330 et
1324 2308 1476 2338 parcere,
1492 2300 1658 2329 neminem

960 2347 1095 2385 perdere
1108 2367 1118 2383 ,
1140 2345 1198 2375 sed
1221 2346 1358 2375 salvare.
1378 2346 1456 2375 Nam
1471 2346 1565 2375 Pater
1585 2346 1661 2375 tuus

960 2392 1049 2422 misit
1072 2392 1103 2421 te
1129 2391 1165 2421 in
1188 2391 1363 2427 mundum,
1388 2399 1453 2421 non
1474 2392 1511 2421 ut
1532 2391 1662 2428 judices

958 2437 1134 2475 mundum,
1156 2436 1212 2467 sed
1235 2438 1271 2466 ut
1287 2437 1389 2466 vitam
1403 2437 1583 2467 habeamus
1601 2445 1663 2474 per

961 2484 1012 2521 te3
1031 2484 1065 2513 ut
1081 2484 1124 2513 sis
1145 2481 1334 2521 propitiatio
1354 2483 1482 2520 nostra,
1509 2483 1544 2513 et
1563 2482 1662 2512 advo-

962 2529 1052 2559 catus
1077 2529 1205 2566 noster,
1234 2536 1299 2558 non
1331 2530 1442 2559 contra
1473 2537 1543 2558 nos.
1569 2529 1664 2565 Quod

962 2573 1050 2603 enim
1066 2582 1124 2603 nos
1148 2573 1341 2611 debuimus,
1356 2574 1393 2603 tu
1417 2573 1561 2611 solvisti3
1576 2572 1662 2610 quod

963 2627 1018 2648 nos
1042 2619 1272 2656 peccavimus,
1296 2620 1333 2648 tu
1359 2618 1469 2657 luisti3
1497 2618 1585 2657 quod
1604 2625 1663 2648 nos

965 2664 1187 2702 negleximus,
1200 2666 1236 2694 tu
1247 2665 1419 2702 supplesti.
