1810 3073
307 225 365 259 1113
755 234 786 263 s.
807 231 1043 262 BERNARm
1070 234 1267 262 AssssATrs

307 283 501 316 adversario.
513 284 724 317 Adversarius
740 287 930 325 iste,serm0
944 284 1005 315 Dei
1040 286 1173 324 volunt,
1213 287 1334 318 bonum
1371 287 1518 326 plenarie
1549 287 1739 326 perficiunt„

305 330 355 361 est
367 352 376 369 ,
391 329 448 369 qui
462 339 592 370 semper
606 332 697 361 vitiis
712 332 913 362 adversatur.
923 331 1006 359 Huic
1040 331 1132 360 Hunc
1148 333 1280 369 gradum
1292 333 1475 364 desiderare
1490 333 1620 372 quidem
1637 335 1742 372 ροιαέ

303 377 482 415 consentit,
520 376 577 415 qui
607 385 681 407 cum
708 377 869 415 Propheta
896 376 1007 406 dicere
1039 376 1147 405 anima
1161 398 1170 414 ,
1192 379 1366 408 ascendere
1394 387 1458 408 non
1483 380 1589 417 potest
1615 379 1648 408 in
1674 387 1743 408 cor-

303 422 406 461 possit
419 431 428 451 :
444 423 485 452 Et
494 424 653 461 peccatum
665 431 767 451 meum
780 423 889 451 contra
903 430 951 451 ‘me
965 422 1008 451 ese
1038 429 1115 459 pore
1125 444 1134 459 ,
1150 422 1190 451 01)
1206 423 1266 453 1106
1281 424 1367 462 quod
1382 432 1516 462 corpore
1538 426 1739 462 aggravatur.

302 476 432 506 semper.
449 468 553 497 Bonas
569 467 640 496 dico
661 467 802 504 animas,
818 474 882 496 non
904 466 1007 496 solum
1037 467 1098 504 Qui
1111 468 1255 497 noudum
1275 469 1397 498 rectam
1410 469 1509 499 habet
1523 471 1740 508 voluntatem,

303 512 483 550 perfectas,
509 511 566 541 sed
587 511 806 548 incipientes3
829 519 900 549 quae
929 511 1006 540 licet
1037 513 1119 543 sciat
1133 513 1209 552 quia
1225 514 1365 552 impedit
1379 523 1454 544 eum
1479 516 1618 545 carnalis
1633 517 1741 546 inten-

303 558 423 589 vitium
447 557 607 593 habeant,
632 564 698 585 non
727 557 837 586 tamen
870 564 1007 586 consen-
1037 559 1096 588 tio,
1106 559 1168 596 Qui
1183 560 1285 589 hahet
1298 561 1439 598 rectam,
1455 561 1489 591 et
1499 569 1564 591 non
1580 561 1739 600 validam,

302 604 412 641 fiunt,
438 602 495 632 sed
524 602 720 639 repugnant.
748 602 843 632 Tales
869 602 1005 638 animae,
1037 605 1117 635 sciat
1137 605 1214 643 quia
1235 605 1375 644 impedit
1389 614 1464 636 eum
1484 615 1583 645 prava
1607 616 1741 638 consue-

303 649 383 679 licet
394 657 437 678 ex
451 647 640 677 infirmitate
655 648 708 677 vel
724 647 906 686 ignorantia
922 655 1006 685 saepe
1036 650 1126 681 tudo.
1139 650 1201 688 Qui
1222 650 1322 680 hahet
1342 651 1491 681 devotam
1505 673 1515 689 ,
1541 652 1575 681 et
1595 652 1740 682 nondum

303 694 437 731 cadant,
461 693 546 723 sicut
573 693 731 730 scriptum
753 694 819 730 est,
836 695 949 732 Septies
974 694 1005 722 in
1035 696 1360 734 plenam,sciatquia
1372 697 1511 735 impedit
1522 705 1596 726 eum
1608 697 1741 727 terrena

302 740 349 770 die
364 741 444 769 cadit
453 739 575 777 jttst1133
591 739 702 769 tamen
716 747 775 777 per
786 740 986 769 voluntatem
997 761 1006 776 ,
1036 742 1244 772 inhabitatio.
1259 742 1355 779 cujus
1370 742 1476 772 adbuc
1491 741 1607 772 vitiosa
1622 742 1740 771 volun-

302 792 400 823 quam
419 784 544 814 habent
565 784 704 822 bonam,
730 785 914 822 resurgunt.
932 785 1006 815 Haec
1036 787 1084 817 tas
1097 788 1162 825 est,
1178 789 1249 818 oret
1265 788 1297 817 et
1312 788 1418 825 dicat,
1432 788 1505 817 Fiat
1528 788 1671 817 voluntas
1686 789 1740 818 tua

302 831 353 861 est
372 830 460 860 enim
485 838 558 868 quae
584 829 703 859 bonam
726 829 805 860 facit
829 831 970 860 animam
996 840 1004 860 2
1034 835 1112 864 sicut
1133 835 1164 863 in
1185 835 1257 863 coelo
1279 835 1307 864 et
1322 834 1355 863 in
1377 835 1462 863 terra
1477 842 1487 863 .·
1502 841 1537 863 se
1552 833 1740 870 intelligens

302 876 379 915 quia
391 885 465 906 cum
481 876 583 905 multa
598 875 664 905 sint
684 872 801 905 animae
816 875 899 905 bona
913 876 1019 919 natu-¹
1035 878 1175 917 terram3
1195 879 1290 910 illum
1305 879 1416 909 autem
1430 878 1487 917 qui
1501 878 1626 908 rectam
1640 878 1740 908 habet

301 922 416 952 raliter
441 922 557 958 insita,
573 920 658 950 sicut
673 920 843 958 ingenium
867 921 1020 960 bonum‚1
1036 925 1256 962 voluntatem,
1290 925 1410 954 coelum
1438 932 1447 953 ι
1475 923 1552 962 quia
1579 924 1739 961 quantum

301 967 460 998 memoria
476 974 600 1004 capax,
615 966 697 1004 vigil
714 967 816 1004 ratio,
833 967 867 996 et
890 968 1005 997 caetera
1036 970 1153 998 coelum
1178 970 1279 1000 distat
1303 978 1320 1000 a
1341 970 1448 1008 terra,
1479 970 1610 999 tantum
1640 968 1740 998 distat

300 1014 418 1042 animae
442 1013 546 1049 bona;
564 1012 631 1042 sola
656 1013 766 1041 tamen
791 1012 940 1042 voluntas
954 1034 963 1050 ,
980 1013 1004 1042 si
1036 1016 1125 1044 recta
1150 1015 1301 1045 voluntas
1323 1024 1341 1045 a
1362 1015 1493 1045 vitiosa.
1516 1016 1565 1044 lta
1587 1015 1655 1044 oret
1681 1014 1739 1052 qui

300 1058 401 1088 fuerit
413 1058 515 1095 bona,
539 1057 659 1087 bonam
679 1057 757 1087 facit
778 1058 921 1087 animam
943 1067 951 1087 :
976 1059 1003 1088 si
1035 1061 1156 1090 rectam
1165 1061 1265 1090 habet
1278 1062 1500 1098 voluntatem,
1513 1060 1644 1090 sednon
1658 1060 1740 1090 vali-

300 1104 402 1135 suerit
415 1104 531 1134 vitiosa
542 1125 551 1141 ,
567 1103 731 1134 vitiosam.
748 1103 811 1133 Sed
825 1104 900 1142 quia
915 1105 1005 1134 homo
1035 1105 1127 1143 dam,
1153 1114 1187 1135 se
1204 1106 1394 1144 intelligens
1413 1106 1552 1142 terram,
1571 1105 1664 1134 illum
1680 1113 1739 1134 au-

301 1149 408 1189 (sicut
422 1150 481 1180 Job
495 1150 541 1180 ait
554 1149 748 1189 >numquam
764 1151 795 1179 in
810 1151 912 1179 codem
923 1153 1005 1181 stata
1035 1151 1100 1180 teni
1114 1174 1123 1189 ,
1139 1151 1268 1188 cuiJ‘am
1289 1152 1397 1182 valida
1414 1151 1484 1188 est,
1502 1150 1678 1181 coelum-Et
1692 1150 1738 1180 ita

296 1198 480 1235 permanet:
494 1196 549 1224 aut
561 1195 649 1225 enim
666 1194 775 1224 deficit
788 1196 841 1224 aut
855 1195 981 1232 proficit
995 1205 1002 1225 :
1035 1196 1074 1226 de
1090 1198 1235 1235 caeteris,
1262 1197 1301 1226 ut
1315 1205 1445 1235 semper
1465 1196 1613 1227 attendat
1628 1196 1737 1226 anima

299 1241 532 1279 proficiendum
549 1242 598 1270 est
613 1240 647 1269 in
662 1240 722 1269 hac
738 1240 918 1278 voluntate,
929 1241 1003 1279 quia
1034 1242 1188 1279 proficere
1205 1250 1213 1270 ε
1230 1242 1305 1280 quia
1323 1249 1419 1272 SICUT
1435 1242 1665 1271 condemnatus
1677 1241 1737 1278 est,

297 1287 369 1325 ipsa
385 1288 433 1316 est
450 1286 501 1316 via
513 1308 522 1323 ,
538 1286 577 1315 de
593 1294 657 1324 qua
672 1285 717 1315 ait
731 1287 891 1324 Propheta
907 1295 916 1316 ι
931 1289 1004 1317 Hoec
1033 1287 1088 1325 qui
1105 1287 1139 1316 111
1160 1287 1276 1317 vitiosa
1297 1287 1467 1325 permanet
1491 1287 1674 1324 voluntate,
1691 1286 1737 1316 ita

299 1335 342 1363 est
370 1333 438 1368 via,
463 1332 618 1362 arribulate
640 1333 672 1361 in
698 1341 746 1361 ea.
769 1333 807 1362 Et
822 1333 964 1362 psalmus
992 1341 1000 1362 1
1033 1333 1302 1371 reprehensibilis
1328 1334 1397 1372 est,
1424 1332 1482 1372 qui
1514 1333 1550 1363 in
1574 1332 1648 1363 aliis
1671 1340 1736 1362 non

299 1379 416 1408 Beatus
439 1379 488 1408 vir
509 1377 595 1415 cujus
621 1379 665 1407 est
693 1378 847 1406 auritium
870 1378 925 1408 abs
954 1379 1003 1408 te!
1032 1378 1141 1409 studet
1154 1379 1325 1417 proficere.

298 1424 485 1453 ascensiones
499 1424 531 1452 in
546 1423 633 1452 corde
648 1431 703 1453 suo
715 1423 860 1461 disposuit
875 1424 906 1452 in
923 1425 1001 1454 valle
1328 1421 1452 1447 ¹—-

300 1469 523 1506 lacrymarum.
538 1469 574 1497 In
586 1468 681 1498 corde
691 1489 701 1506 ‚
716 1467 749 1497 id
761 1469 809 1498 est
820 1469 1000 1500 voluntate.
1196 1489 1366 1522 SERuo
1407 1488 1571 1523 CXX-V-⁸

340 1514 371 1544 2.
387 1515 514 1544 Primus
529 1514 628 1551 hujus
642 1514 705 1544 viae
721 1514 836 1551 gradus
852 1515 901 1544 est
913 1517 1000 1545 recta

299 1559 472 1597 voluntas,
491 1558 652 1589 secundus
667 1558 774 1588 valida
786 1580 796 1595 ,
812 1559 930 1589 tertius
948 1559 1001 1589 de·
1073 1559 1103 1588 l.
1127 1560 1300 1597 Glorisicate
1312 1561 1341 1590 et
1356 1561 1476 1598 portate
1497 1560 1598 1589 Deum
1615 1560 1649 1589 in
1665 1568 1736 1590 cor-

297 1606 392 1643 vota,
408 1607 541 1643 quartus
556 1605 653 1643 plena
668 1605 828 1634 voluntas.
845 1605 881 1634 In
897 1606 1001 1643 primo
1031 1614 1103 1643 pore
1116 1608 1227 1636 vestro.
1243 1605 1330 1634 Alibi
1345 1605 1423 1635 dicit
1437 1605 1602 1642 Scriptura
1618 1614 1627 1634 τ
1642 1607 1735 1636 Justi-

295 1651 398 1688 gradu
412 1651 521 1680 anima
537 1650 646 1679 mente
662 1650 726 1688 legi
739 1650 799 1679 Dei
816 1651 998 1681 consentit:
1030 1651 1123 1688 ficata
1137 1654 1180 1682 est
1190 1652 1342 1689 sapientia
1356 1661 1376 1681 α
1389 1651 1459 1688 filiis
1469 1652 1543 1681 suis.
1560 1651 1599 1680 Et
1612 1651 1646 1680 in
1662 1659 1734 1681 ora-

295 1696 353 1726 sed
381 1704 479 1726 carne
507 1697 710 1734 repugnante
724 1717 733 1733 ,
765 1696 886 1725 bonurn
915 1697 999 1734 quod
1033 1697 1119 1726 tione
1129 1697 1623 1733 dicimus:Sanctificetur-nomen
1634 1699 1732 1727 tuum.

295 1741 421 1780 diligit,
433 1741 589 1780 perficere
603 1749 668 1770 non
683 1741 830 1778 invenit,
846 1741 903 1771 sed
916 1750 999 1780 saepe
1032 1743 1192 1779 Christus,
1210 1743 1270 1772 Dei
1295 1743 1400 1772 virtus
1425 1743 1457 1771 et
1478 1742 1539 1771 Dei
1555 1742 1733 1780 sapientia,

294 1788 416 1817 malum
431 1787 517 1825 quod
532 1787 621 1824 odit,
638 1795 697 1824 per
715 1787 937 1818 infirmitatem
955 1788 1001 1817 fa-
1029 1788 1241 1825 justificatur,
1257 1788 1493 1825 sanctificatur,
1509 1787 1704 1825 glorificatur
1715 1796 1735 1818 a

296 1833 353 1862 cit.
370 1833 406 1861 111
422 1833 482 1861 11116
499 1833 609 1862 tamen
631 1832 721 1862 recta
737 1833 786 1862 est
802 1833 872 1870 ejus
888 1834 1000 1863 volun·
1032 1833 1108 1863 filiis
1124 1833 1201 1863 suis.
1218 1833 1371 1863 Dicamus
1387 1841 1461 1870 ergo
1479 1833 1638 1871 primum,
1654 1842 1734 1872 quo—

292 1878 361 1916 tas,
377 1878 463 1916 quod
483 1877 668 1908 adversario
689 1887 745 1908 suo
772 1880 978 1910 consentiens
990 1903 998 1918 ,
1013 1904 1014 1911 ,
1034 1879 1125 1909 inodo
1141 1880 1302 1917 sapientia
1315 1879 1513 1916 justificatur
1527 1887 1545 1908 a
1563 1879 1639 1908 filiis
1653 1879 1731 1909 suis.

292 1925 329 1955 in
350 1933 385 1954 se
405 1924 474 1953 odit
487 1923 572 1962 quod
589 1924 645 1954 ille
658 1924 882 1962 reprehendit.
901 1926 936 1954 111
949 1934 999 1955 se-
1031 1926 1396 1963 FlaqellatDeusomnem
1408 1925 1505 1962 filium
1521 1933 1610 1962 quem
1625 1926 1731 1964 ditiqit.

294 1971 400 2001 cundo
415 1970 516 2008 gradu
531 1971 639 1999 anima
662 1978 728 2000 non
749 1972 853 2000 solum
878 1972 998 2001 malum
1031 1971 1092 2000 Sed
1107 1971 1140 2000 in
1156 1970 1252 2000 ini-tio
1275 1970 1414 2008 flagelli,
1440 1969 1518 1999 dum
1544 1969 1650 2000 adhuc
1669 1971 1731 2000 sub

292 2016 382 2056 quod
396 2015 466 2045 odit
487 2024 554 2046 non
581 2016 667 2054 agit,
683 2015 741 2046 sed
763 2016 862 2046 ctiam
876 2017 996 2047 bonum
1031 2017 1100 2054 lege
1113 2024 1226 2047 servus
1238 2016 1298 2045 Dei
1318 2018 1385 2052 est,
1402 2015 1435 2044 et
1452 2015 1557 2044 nescit
1571 2013 1732 2052 quomodo

291 2062 380 2102 quod
395 2061 521 2099 diligit,
538 2062 618 2091 licet
635 2070 708 2091 cum
724 2062 900 2098 gravedine
913 2084 923 2101 ,
937 2062 997 2092 sor·
1011 2058 1013 2110 ]
1029 2062 1114 2091 filius
1125 2062 1185 2091 Dei
1201 2062 1281 2099 erit,
1295 2061 1495 2098 murmurat,
1509 2068 1543 2090 se
1558 2061 1669 2091 autem
1682 2062 1732 2091 in-

290 2109 372 2138 titer
392 2108 503 2138 tamen
524 2107 672 2145 perficit,
695 2107 808 2137 dicens
831 2116 905 2137 cum
923 2109 1013 2138 Pro-¹
1029 2108 1221 2144 nocentem,
1237 2107 1341 2136 Deum
1362 2114 1440 2136 vero
1466 2106 1632 2136 crudelem
1656 2115 1732 2145 pro-

290 2154 391 2192 pheta
407 2163 417 2185 :
434 2155 566 2192 Propter
586 2153 683 2183 verba
697 2153 850 2183 labiorum
874 2155 995 2184 tuorum
1009 2175 1012 2183 .
1029 2153 1168 2182 nuntiat.
1182 2152 1265 2181 Huic
1281 2152 1389 2181 autem
1399 2151 1544 2181 Christus
1554 2151 1615 2180 Dei
1627 2151 1731 2183 virtus

291 2209 346 2239 eqo
359 2200 504 2230 custodivi
517 2199 584 2229 rias
600 2199 706 2229 duras.
723 2199 760 2227 ln
776 2199 873 2228 tertio
898 2200 1012 2237 gratim
1028 2198 1180 2235 apparet,
1204 2197 1261 2226 sed
1283 2196 1428 2226 nondum
1450 2195 1612 2233 sapientia
1629 2204 1637 2224 :
1654 2197 1730 2235 quia

289 2244 358 2281 jam
373 2244 506 2273 dilatato
522 2242 619 2273 corde
636 2243 738 2272 currit
754 2243 841 2272 viam
867 2234 1012 2273 manda-i
1028 2251 1086 2279 per
1101 2243 1267 2279 flagellum
1283 2241 1465 2279 potentiam
1474 2241 1605 2270 virtutis
1617 2242 1728 2278 sentit,

291 2290 402 2320 torum
425 2289 506 2325 Dei,
523 2290 557 2318 et
577 2288 760 2318 delectatur
775 2288 810 2318 111
832 2289 898 2327 eis,
913 2276 1011 2323 siculi
1028 2287 1083 2317 sed
1099 2287 1242 2316 nondum
1264 2286 1432 2323 sapientiae
1455 2286 1648 2316 suavitatem
1670 2295 1729 2325 per

289 2335 329 2366 in
343 2334 492 2364 omnibus
507 2334 655 2363 divitiis:
670 2334 744 2372 quia
760 2334 891 2364 inuncta
902 2336 995 2373 pellis
1027 2334 1230 2363 intellectum
1247 2331 1345 2370 capit.
1359 2332 1451 2360 Hunc
1466 2331 1565 2361 talem
1579 2334 1728 2372 sapientia

290 2380 364 2410 oleo
380 2379 560 2417 spiritualis
582 2379 711 2416 gratiae,
735 2381 768 2409 et
789 2380 894 2410 sciens
912 2382 994 2418 quod
1027 2379 1148 2417 attinqit
1161 2378 1282 2415 fortiter
1302 2385 1361 2415 per
1377 2376 1541 2414 flagellum
1554 2397 1564 2414 ,
1580 2377 1613 2406 et
1628 2377 1728 2415 dispo-

292 2425 423 2456 hilarem
434 2425 572 2453 datorem
587 2425 692 2462 diliqat
707 2426 807 2461 Deus,
825 2434 898 2455 cum
914 2426 995 2455 liila-
1026 2426 1070 2454 w't
1085 2425 1219 2454 suaviter
1233 2431 1293 2460 per
1307 2421 1512 2452 intellectum
1524 2443 1535 2459 ‚
1553 2421 1629 2451 dum
1646 2421 1726 2451 illud

291 2469 389 2500 ritate
415 2468 454 2498 ad
476 2468 644 2506 quodlibet
673 2469 794 2497 bonum
824 2478 857 2499 se
879 2472 1009 2514 exten-3
1026 2468 1169 2506 Apostoli
1184 2467 1216 2497 ei
1231 2467 1387 2505 inspirat,
1404 2466 1531 2495 scilicet
1551 2467 1680 2504 qamlere
1695 2468 1725 2494 in

292 2513 393 2550 dens,
422 2512 542 2543 clamat
569 2520 643 2541 cum
667 2513 828 2549 Propheta
849 2515 955 2544 David
982 2524 992 2545 ι
1027 2512 1388 2550 tribulationibus;scire
1403 2511 1554 2549 quoniam
1571 2511 1724 2541 tribulatio

295 2562 387 2593 Viam
400 2559 619 2589 mandatorum
631 2559 755 2587 tuorum
771 2560 912 2596 cucurri,
925 2569 991 2589 cum
1005 2544 1008 2582 1
1024 2561 1206 2597 patientiam
1221 2560 1383 2596 operatur,
1396 2557 1547 2597 patientia
1569 2556 1726 2594 probatio-

291 2605 428 2635 ditatasti
441 2612 616 2634 cormeum.
628 2603 662 2632 In
677 2604 903 2641 quartogradu
917 2586 1008 2635 511111Ι
1025 2614 1092 2634 nem
1103 2626 1112 2641 ‚
1125 2605 1264 2642 probatio
1276 2612 1348 2633 vero
1361 2611 1443 2641 spem
1451 2611 1462 2639 ,·
1473 2610 1538 2639 spes
1550 2603 1651 2631 autem
1663 2610 1724 2631 mm

293 2649 406 2688 Ange-li
423 2658 430 2677 ε
448 2648 502 2687 qui
529 2656 564 2677 ea
591 2647 765 2686 facilitate,
785 2656 846 2686 qua
865 2657 992 2686 semper
1026 2650 1194 2687 confundit.
1215 2650 1253 2677 Et
1274 2648 1338 2684 jam
1355 2655 1387 2677 se
1403 2654 1465 2677 non
1482 2646 1572 2685 quasi
1593 2654 1722 2677 servum
