1846 3078
300 283 350 313 tas
361 281 488 323 Sponsi,
497 285 532 316 ut
543 284 678 315 minime
688 291 759 314 eam
769 283 871 314 tatere
884 281 996 320 possit,

299 330 447 374 quando,
460 330 494 360 et
507 331 542 360 in
556 331 677 369 quanta
692 329 899 359 festinatione
911 327 951 356 ad
961 334 996 356 se

299 375 430 414 veniat;
442 376 500 406 sed
515 378 548 407 et
558 376 686 414 quando
701 375 795 411 longe
805 395 813 410 ,
827 374 859 402 ct
870 372 996 410 quando

299 428 414 459 prope,
427 423 459 451 et
467 422 594 460 quando
613 428 754 459 praesens
773 419 825 454 sit,
835 418 924 446 nulla
943 425 998 446 su-

298 466 456 497 bitatione
482 465 700 506 praeoccupari
715 464 823 493 valcat
844 462 880 492 ut
906 462 997 499 igno-

296 513 350 543 ret
365 514 418 543 :et
432 513 508 551 quia
524 511 660 551 proinde
678 508 930 545 meruerit,non
946 515 996 537 so-

296 557 365 587 tum
379 558 497 596 respici
513 555 785 590 misericorditer,
803 553 860 583 sed
879 554 913 583 et
927 553 997 591 dig-

294 603 411 634 nanter
442 601 600 632 laetificari
632 600 750 629 amoris
774 599 908 629 vocibus
921 621 930 636 ,
964 599 997 628 et

294 649 434 688 gaudere
450 647 564 685 gaudio
587 646 721 683 propter
742 653 856 674 vocem
871 644 995 682 sponsi.

335 694 384 722 Η.
401 693 461 721 Nos
476 698 602 729 quoque
618 690 658 719 ad
673 690 740 719 hacc
754 711 763 726 ,
780 691 927 728 quamvis
942 698 998 718 au—

295 739 421 775 dacter,
438 737 633 774 adjecimus,
653 736 739 774 quod
761 735 883 773 quaevis
898 735 996 765 etiam

295 785 334 814 de
349 778 442 814 uobis·
453 783 579 820 anima,
593 783 619 812 si
637 782 790 812 similiter
803 781 919 820 vigilet
931 804 940 820 ,
953 782 997 811 si-

293 830 416 859 mililer
431 829 465 858 et
485 828 681 858 salutabitur
695 829 732 857 ut
749 827 850 857 amica
862 850 870 864 ,
888 836 997 858 conso-

293 876 413 904 labitur
437 875 474 904 ut
496 875 666 911 columba,
694 873 937 911 amplexabitur
960 874 996 903 ut

293 921 441 950 formosa.
456 921 652 950 PERFECTL'S
662 919 766 949 omnis
777 919 995 956 reputabitur,

295 971 328 999 in
348 970 440 1006 cujus
464 969 571 999 anima
596 969 659 998 tria
684 968 754 998 haec
783 969 997 1006 congruenter

293 1016 387 1052 atque
397 1015 574 1053 opportune
586 1022 776 1044 concurrere
784 1013 994 1051 ridebuntur,

294 1061 327 1089 ut
343 1061 375 1089 et
386 1068 514 1098 gemere
530 1068 588 1098 pro
601 1067 653 1095 se,
665 1059 697 1088 et
712 1059 875 1088 exsultare
886 1058 917 1088 in
930 1060 995 1089 Deo

293 1106 439 1142 noverit,
455 1105 595 1135 simulet
608 1106 831 1142 proximorum
844 1105 995 1134 utilitati-

292 1151 351 1180 bus
365 1152 479 1189 potens
491 1151 533 1180 sit
548 1150 741 1187 subvenir03
763 1151 894 1188 placens
909 1151 994 1186 Deo,

293 1198 405 1227 cautus
420 1197 479 1227 sibi
490 1219 498 1234 ,
512 1197 602 1226 utilis
617 1197 694 1226 suis.
711 1196 773 1226 Sed
789 1196 829 1225 ad
840 1196 909 1225 haee
924 1196 995 1234 quis

292 1243 448 1274 idoneus?
463 1243 592 1273 Utinam
616 1243 685 1281 ipsa
705 1243 740 1272 in
763 1242 925 1272 universis
940 1250 995 1271 no-

293 1289 359 1326 his,
385 1289 446 1319 etsi
473 1296 537 1318 nou
559 1288 626 1318 tota
651 1287 685 1317 in
709 1287 863 1325 singulis,
881 1288 994 1317 saltem

292 1335 417 1373 singula
433 1334 468 1364 in
483 1334 640 1371 diversis,
662 1334 747 1363 sicut
761 1334 858 1363 hodie
880 1333 993 1362 haberi

293 1381 462 1419 videntur,
486 1381 590 1418 longis
615 1382 824 1410 reserventur
839 1380 995 1418 tempori—

292 1426 351 1456 bus
360 1427 367 1456 !
377 1428 540 1456 Habemus
551 1426 711 1464 siquidem
724 1426 879 1456 Mai-tham
891 1447 899 1462 ,
911 1426 994 1455 tam-

292 1481 388 1510 quam
417 1472 590 1501 Salvatoris
618 1472 774 1507 amicam,
800 1471 835 1500 in
856 1472 907 1500 his
939 1471 994 1509 qui

293 1518 454 1547 exteriora
478 1517 619 1546 fideliter
635 1517 870 1546 administrant.
888 1516 995 1546 Habe-

292 1571 364 1593 mus
392 1564 425 1592 et
447 1564 599 1592 Lazarum
610 1583 619 1599 ,
631 1563 797 1599 tamquam
813 1563 994 1591 columbam

292 1610 475 1646 gementem
487 1630 495 1646 ,
510 1607 656 1637 Noritios
672 1608 784 1645 utiquc
796 1629 804 1643 ,
819 1608 875 1644 qui
891 1616 996 1644 nuper

292 1656 433 1693 peccatis
448 1654 567 1684 mortui
577 1674 597 1690 ,ι
611 1661 669 1692 pro
684 1653 874 1683 recentibus
889 1653 995 1682 adhuc

293 1701 394 1740 plagis
422 1701 569 1730 laborant
593 1700 628 1730 in
653 1699 777 1737 gemitu
799 1707 855 1728 suo
880 1698 940 1727 sub
955 1699 996 1728 ti-

292 1755 380 1776 more
404 1745 543 1784 judicii3
575 1746 607 1775 et
632 1745 717 1774 sicut
740 1743 902 1773 vulnerati
922 1743 996 1773 dor-

293 1793 433 1821 mientes
448 1791 484 1820 in
499 1790 675 1829 sepulcris,
691 1798 828 1827 quorum
844 1798 939 1819 nemo
949 1789 995 1819 est

293 1845 417 1866 memor
429 1836 586 1874 amplius,
611 1836 657 1866 sic
674 1844 707 1865 se
734 1843 798 1864 non
813 1835 929 1873 putant
943 1843 995 1864 re—

293 1881 420 1919 putari,
433 1882 535 1911 donec
552 1881 593 1910 ad
607 1880 723 1910 Christi
743 1881 921 1918 jussionem
944 1889 995 1910 su-

292 1928 380 1957 blato
405 1927 548 1965 pondere
563 1926 708 1964 timoris,
734 1926 900 1964 tamquam
921 1935 995 1964 pre-

291 1973 410 2002 mentis
425 1972 542 2010 lapidis
557 1973 659 2009 mole,
676 1972 835 2010 respirare
853 1973 886 2005 in
906 1980 993 2010 spem

294 2019 397 2048 veniae
408 2018 542 2056 possint.
553 2018 716 2047 Habemus
726 2026 853 2056 quoque
865 2018 993 2047 Mariam

293 2064 567 2102 contemplantem
592 2063 627 2093 in
655 2063 744 2100 illis,
774 2064 828 2101 qui
844 2072 995 2101 processu

292 2109 447 2146 longioris
471 2109 646 2148 temporis,
676 2111 868 2146 cooperante
895 2109 994 2147 gratia

292 2153 372 2191 Dei,
388 2154 421 2183 in
447 2155 570 2193 aliquid
584 2154 701 2184 melius
727 2156 760 2183 et
774 2154 880 2185 laetius
900 2154 990 2192 proti-

262 2204 269 2206 “
293 2206 367 2228 cere
388 2200 581 2238 potuerunt,
602 2199 729 2239 quando
748 2200 816 2237 jam
831 2200 871 2230 de
888 2200 996 2229 indul-

293 2243 402 2280 gentia
426 2247 673 2282 praesumentes,
698 2253 763 2274 non
784 2247 851 2275 tam
865 2253 995 2275 versare

293 2287 380 2317 intra
396 2296 429 2318 se
441 2289 572 2319 solliciti
588 2290 664 2320 sunt
678 2291 806 2320 tristem
821 2290 995 2328 imaginem

293 2334 519 2371 peccatorum,
543 2343 640 2372 quam
669 2336 757 2366 certe
786 2335 821 2365 in
846 2335 918 2373 lege
936 2335 995 2364 Dei

293 2378 445 2407 meditari
461 2378 514 2408 dic
529 2387 565 2408 ae
586 2381 680 2410 nocte
693 2380 926 2411 insatiabiliter
940 2380 997 2410 de-

293 2424 455 2454 lectantur
464 2433 473 2462 ;
483 2423 647 2454 interdum
656 2425 753 2456 etiam
760 2427 905 2457 revetata
913 2426 995 2456 facie

295 2469 429 2507 gloriam
457 2470 569 2508 Sponsi
596 2478 670 2500 cum
697 2471 854 2502 ineffabili
879 2473 996 2511 gaudio

295 2515 515 2553 speculantes,
556 2515 591 2545 in
630 2516 777 2546 eamdem
819 2519 994 2556 imaginem

295 2560 565 2597 transformantur
589 2559 629 2590 de
653 2561 801 2592 claritate
817 2563 850 2592 in
866 2564 996 2594 clarita-

296 2606 380 2644 tem,
403 2607 567 2644 tamquam
581 2606 743 2636 aDomini
768 2607 902 2645 Spiritu.
925 2610 995 2638 Jam

777 231 808 258 S.
834 228 1080 258 BEBNARDI
1107 228 1299 258 ABBATIS

1030 281 1178 312 hortetur
1202 282 1246 320 is,
1263 284 1319 322 qui
1345 284 1440 323 paulo
1467 284 1540 315 ante
1562 285 1730 316 defensare

1031 327 1120 357 visus
1134 327 1183 357 est
1197 336 1268 358 eam
1279 350 1288 366 ,
1314 337 1356 359 ne
1371 329 1533 360 dormiens
1557 330 1731 361 suscitare-

1030 372 1100 410 tur,
1127 373 1191 402 alio
1225 382 1370 405 sermone
1404 376 1602 406 videbimus.
1640 376 1732 406 Adsit

1031 416 1119 456 ipsc,
1143 419 1180 448 ut
1201 420 1234 449 et
1248 420 1345 456 hujus
1360 421 1454 451 nobis
1475 423 1666 452 sacramenti
1681 430 1731 451 ra-

1031 464 1153 493 tionem
1178 465 1305 502 aperire
1329 466 1498 505 dignetur,
1519 468 1658 506 Sponsus
1672 468 1732 496 Ec-

1031 509 1138 539 clesiae
1159 510 1251 540 Jcsus
1272 511 1413 541 Christus
1428 513 1582 543 Dominus
1599 514 1708 543 noster
1722 533 1732 549 ,

1030 555 1085 591 qui
1103 557 1150 585 cst
1165 564 1261 593 super
1272 557 1379 586 omnia
1390 557 1477 587 Deus
1490 558 1681 590 benedictus
1695 558 1730 587 iu

1031 601 1165 640 saecula,
1180 610 1287 631 amen.

1209 686 1379 719 SEmlo
1407 687 1556 722 LVIII.

1031 754 1180 787 Quomodo
1196 762 1308 786 sponsus
1328 752 1462 780 hortatur
1482 763 1622 787 sponsam,
1642 756 1673 781 id
1692 759 1732 780 est

1061 792 1134 815 viros
1145 792 1281 822 perfectos
1290 809 1297 821 ,
1305 793 1338 815 ad
1350 793 1475 823 regimen
1485 793 1732 823 imperfectorum.

1060 829 1133 853 Item
1146 830 1178 853 de
1192 832 1337 860 putatione
1349 832 1489 855 vitiorum
1499 832 1530 854 in
1541 832 1578 855 eis
1591 831 1716 855 facienda
1725 848 1734 862 ,

1059 868 1092 889 ut
1106 867 1226 890 virtutes
1236 869 1422 891 succrescant.

1071 921 1100 950 1.
1111 923 1206 960 δια-99
1217 944 1225 958 ,
1238 932 1369 960 propera
1381 924 1481 953 amica
1492 932 1561 953 mea
1568 945 1578 960 ‚
1591 923 1732 954 columba

1030 975 1118 1003 mea,
1145 969 1283 1005 formosa
1307 977 1392 1005 mea,
1421 971 1448 998 el
1469 970 1549 999 veni.
1578 969 1658 1008 Quis
1670 969 1732 998 hoc

1031 1012 1127 1042 dicit?
1142 1013 1268 1050 Absque
1286 1014 1381 1043 dubio
1407 1014 1558 1051 Sponsus.
1576 1015 1613 1044 Et
1623 1022 1732 1044 nonne

1030 1058 1098 1096 ipse
1115 1059 1161 1089 est
1172 1082 1180 1097 ,
1197 1060 1252 1097 qui
1270 1060 1365 1097 paulo
1379 1061 1455 1089 ante
1471 1060 1621 1089 suscitari
1633 1060 1732 1089 dilec-

1030 1106 1094 1134 tam
1115 1105 1284 1143 tantopere
1310 1105 1523 1144 prohibebat?
1541 1105 1614 1140 Quo
1638 1104 1731 1141 pacto

1030 1158 1104 1188 ergo
1119 1159 1205 1180 nnnc
1230 1159 1295 1180 non
1308 1151 1410 1181 sotum
1435 1152 1470 1179 ut
1488 1149 1612 1186 surgat,
1629 1149 1686 1179 sed
1697 1149 1733 1178 ut

1030 1197 1063 1225 et
1084 1197 1245 1226 acceleret
1269 1195 1385 1232 jubet?
1410 1195 1508 1224 Venit
1532 1194 1566 1224 in
1587 1195 1731 1224 mentem

1029 1242 1136 1271 simile
1163 1242 1242 1279 quid
1264 1249 1306 1271 ex
1331 1242 1517 1278 Evangelio.
1543 1241 1586 1270 Ea
1610 1240 1732 1278 quippe

1029 1288 1122 1318 nocte
1135 1295 1198 1326 qua
1213 1288 1368 1316 Domitius
1383 1285 1587 1323 tradebatur,
1601 1293 1674 1315 cum
1687 1284 1733 1314 fa-

1029 1333 1144 1371 tigatos
1169 1332 1428 1372 productioribus
1446 1331 1563 1368 vigiliis
1582 1331 1733 1368 Discipu-

1030 1380 1075 1408 los
1094 1379 1150 1418 qui
1177 1387 1287 1408 secum
1308 1379 1418 1415 erant,
1444 1377 1583 1406 dormire
1603 1377 1732 1406 demum

1029 1434 1064 1455 ac
1072 1425 1277 1464 requiescere
1286 1423 1493 1463 praecepisset.
1501 1445 1510 1460 ,
1520 1423 1554 1452 in
1566 1423 1633 1460 ipsa
1641 1423 1733 1460 hora,

1029 1474 1161 1510 Sumite,
1181 1480 1307 1508 ecmzns,
1337 1470 1462 1507 inquit,
1478 1478 1542 1498 ecce
1565 1470 1731 1507 appropin-

1029 1519 1132 1555 qum-it
1157 1519 1208 1555 qni
1231 1526 1279 1546 me
1305 1517 1414 1545 tradet.
1436 1516 1526 1544 Nunc
1545 1522 1672 1552 quoque
1688 1514 1732 1543 si-

1028 1563 1150 1592 militer
1161 1571 1225 1592 uno
1250 1569 1336 1599 pene
1352 1562 1515 1590 momento
1531 1561 1565 1589 et
1582 1559 1732 1597 prohibet:

1029 1608 1179 1637 suscitari
1199 1615 1366 1645 sponsam,
1383 1606 1416 1635 et.
1441 1604 1571 1634 suscitat
1589 1613 1596 1632 ι
1614 1606 1730 1642 διινῃε,

1029 1653 1196 1690 inquiens,
1211 1653 1244 1681 et
1265 1652 1345 1681 veni.
1363 1649 1447 1686 Quid
1461 1650 1523 1679 sibi
1541 1649 1649 1687 itaque
1661 1650 1734 1680 vult

1029 1699 1093 1727 tam
1108 1698 1214 1727 subita
1235 1697 1304 1726 haec
1320 1696 1456 1725 mutatio
1471 1695 1647 1725 voluntatis
1661 1696 1730 1726 sive

1029 1742 1173 1772 consilii?
1184 1742 1377 1772 Putamusne
1386 1740 1521 1771 levitate
1533 1749 1628 1770 usum
1639 1749 1733 1778 spon-

1029 1797 1119 1827 sum,
1143 1789 1177 1818 et
1200 1787 1325 1825 aliquid
1349 1786 1489 1816 voluisse
1512 1787 1622 1824 prius,
1648 1789 1733 1825 quod

1028 1843 1104 1864 mox
1128 1832 1289 1863 noluerit?
1313 1833 1459 1862 Minime.
1485 1832 1548 1862 Sed
1569 1833 1732 1869 agnoscite

1029 1887 1082 1909 eas
1109 1887 1188 1917 quas
1212 1877 1303 1908 vobis
1328 1886 1444 1916 supra,
1467 1877 1493 1906 si
1520 1878 1730 1914 meministis,

1029 1924 1269 1962 commendavi,
1293 1925 1325 1953 et
1347 1932 1411 1952 non
1434 1924 1552 1961 semel,
1568 1923 1734 1953 vicissitu-

1028 1970 1118 2000 dines
1135 1970 1247 2007 utique
1271 1970 1388 1999 sanctae
1407 1968 1546 2006 quictis,
1570 1976 1606 1998 ac
1621 1977 1733 1998 neces·

1028 2016 1119 2047 sariae
1144 2015 1295 2053 actioniS;
1322 2015 1356 2044 et
1376 2014 1451 2052 quia
1472 2022 1536 2044 non
1560 2014 1602 2044 sit
1623 2014 1658 2043 in
1672 2014 1733 2045 hac

1027 2063 1096 2093 vita
1119 2062 1210 2100 copia
1236 2060 1493 2098 contemplandi,
1518 2067 1579 2089 nec
1603 2059 1733 2089 diutur-

1028 2108 1113 2138 nitas
1127 2108 1205 2145 otii,
1217 2108 1275 2137 ubi
1290 2106 1389 2136 oflicii
1401 2106 1435 2135 et
1445 2106 1552 2143 operis
1567 2105 1732 2143 cogentior

1027 2154 1121 2192 urget
1137 2153 1371 2190 instantiorque
1382 2151 1518 2181 utilitas.
1535 2152 1620 2180 More
1633 2150 1734 2187 igitur

1028 2209 1084 2230 suo
1100 2199 1258 2238 Sponsus,
1272 2198 1328 2228 ubi
1345 2197 1498 2227 dilectam
1515 2196 1682 2234 paululum
1698 2195 1731 2224 in

1028 2247 1101 2276 sinu
1115 2245 1244 2283 proprio
1269 2242 1431 2282 quievisse
1446 2241 1624 2280 persentit,
1639 2241 1679 2269 ad
1695 2249 1732 2270 ea

1028 2292 1134 2321 denuo
1160 2299 1232 2329 quae
1255 2288 1387 2319 utiliora
1409 2287 1479 2317 visa
1494 2287 1586 2324 sunt,
1602 2286 1732 2316 trahere

1027 2344 1093 2366 non
1109 2334 1291 2366 cunctatur.
1315 2333 1384 2363 Non
1401 2334 1511 2363 tamen
1526 2332 1618 2370 quasi
1646 2330 1735 2361 invi-

1028 2383 1116 2420 tam,
1133 2379 1221 2420 (nee
1246 2379 1336 2410 enim
1352 2378 1438 2417 quod
1457 2377 1527 2407 fieri
1550 2376 1673 2414 vetuit,
1688 2376 1736 2406 fa-

1029 2428 1117 2458 ceret
1132 2426 1294 2457 ullatenus
1315 2425 1385 2463 ipse
1402 2422 1434 2463 z)
1450 2423 1506 2454 sed
1520 2423 1607 2452 trahi
1622 2430 1699 2452 sane
1715 2430 1733 2452 a

1029 2481 1143 2512 sponso
1158 2481 1281 2511 sponsae
1291 2494 1300 2510 ,
1314 2472 1363 2501 est
1377 2470 1417 2500 ab
1433 2470 1502 2508 ipso
1517 2469 1665 2507 accipere
1679 2468 1734 2498 de-

1029 2519 1183 2549 siderium
1195 2526 1258 2556 quo
1274 2517 1440 2553 trahatur,
1456 2514 1652 2546 desiderium
1673 2514 1734 2543 bo-

1029 2573 1143 2595 norum
1151 2572 1284 2602 operum
1293 2584 1302 2600 ,
1313 2561 1511 2592 desiderium
1517 2558 1732 2590 fructificandi

1031 2618 1162 2647 sponso;
1186 2609 1307 2647 qnippe
1324 2606 1376 2637 cni
1392 2605 1504 2637 vivere
1520 2611 1653 2643 sponsus
1669 2604 1731 2641 est,

298 2650 336 2679 ad
351 2651 428 2689 quid
451 2659 600 2690 sponsam
620 2660 750 2690 surgere
773 2654 806 2682 et
821 2662 1010 2691 properare¹
1033 2657 1064 2685 ct
1087 2655 1165 2684 mori
1189 2655 1325 2683 lucrum.
