1830 3073
528 234 583 262 DE
606 232 820 261 DIVERSIS
845 232 997 260 SERMO
1021 233 1076 262 VI.

309 291 479 327 SERMO
507 292 578 324 VI.

183 365 225 391 De
235 366 315 395 cute,
329 370 428 393 carne,
440 365 466 386 et
479 362 582 386 ossibus
593 362 704 385 animae.

134 423 164 452 l.
180 422 314 452 BEATUS
328 419 434 450 David
454 419 489 449 in
502 418 628 448 Psalmo
642 417 683 447 de
698 415 795 454 justis

93 468 235 506 loquitur
243 489 253 504 ,
262 467 373 497 dicens
382 474 390 495 t
399 466 503 496 Multae
514 464 723 495 tribulationes
728 462 796 499 jus-

93 516 205 551 corum,
216 514 267 544 sed
277 514 312 543 de
321 511 460 543 omnibus
468 511 513 541 his
522 509 660 540 liberabit
670 517 719 538 eos
729 509 796 538 Do-

92 561 204 590 minus.
214 559 350 589 Custodit
363 558 515 588 Dominus
533 555 641 585 omnia
658 562 728 584 ossa
744 562 796 583 eo-

92 613 287 642 mmmmm
311 612 351 633 ex
371 603 417 633 lu's
427 610 490 632 non
508 601 690 630 conteretur.
705 597 796 634 Quod

92 661 188 683 nemo
212 653 335 682 dictum
348 658 417 681 esse
437 650 478 680 de
496 647 659 687 corporeis
673 646 796 676 ossibus

92 698 267 729 arbitretur
280 695 476 736 :praesertim
484 702 558 724 cum
570 694 618 723 tot
628 692 796 723 beatorum

91 745 264 782 Martyrum
270 751 337 772 ossa
346 741 507 771 confracta
514 740 577 769 sint
584 738 732 768 manibus
740 738 797 767 ho-

89 790 215 820 minum
229 788 422 826 impiorum,
438 786 472 816 et
487 784 625 815 contrita
644 784 797 814 dentibus

91 835 280 865 bestiarum.
290 834 351 863 Sed
361 831 508 862 miranda
517 838 647 869 prorsus
658 830 691 860 et
701 829 798 859 mise-

93 881 192 910 randa
202 880 415 909 humanarum
437 876 577 907 conditio
598 876 795 912 animarum,

93 933 163 963 quae
174 925 252 954 licet
261 925 327 953 tam
338 923 439 952 multa
456 922 532 951 foris
542 921 666 959 ingenii
675 921 798 950 vivaci-

93 969 159 1000 tate
169 969 363 1008 percipiant,
378 967 467 997 nulla
476 967 584 997 tamen
600 965 794 1004 perspicaci-

92 1016 158 1045 tate
171 1014 359 1052 semetipsas
368 1034 377 1047 ,
385 1012 468 1042 sicut
476 1013 549 1041 sunt
560 1033 569 1049 ,
579 1019 671 1041 nosse
680 1012 736 1040 aut
747 1019 798 1040 co-

94 1062 195 1098 gitare
217 1059 395 1095 sufficiant3
411 1058 468 1088 sed
483 1057 598 1095 egeant
618 1057 748 1086 omnino
762 1056 798 1085 fi-

96 1107 182 1143 guris
195 1106 228 1135 et
239 1104 460 1141 :enigmatibus
475 1101 668 1140 quibusdam
685 1109 798 1139 corpo—

96 1143 223 1180 rearum
235 1147 484 1178 similitudinum
494 1168 502 1183 ,
514 1146 551 1176 ut
561 1154 602 1175 ex
614 1145 797 1176 visibilibus

96 1197 129 1225 et
153 1194 368 1224 exterioribus
382 1192 506 1229 possint
518 1192 572 1220 vel
593 1191 797 1228 aliquatenus

96 1239 274 1269 invisibilia
289 1238 384 1274 atque
405 1237 532 1265 interna
547 1235 720 1271 conjicere.
738 1237 798 1264 Po—

95 1293 209 1314 namus
232 1284 341 1320 itaque
366 1281 458 1312 velut
485 1280 655 1318 quamdam
681 1281 796 1310 animae

95 1331 203 1360 cutem
228 1326 454 1366 cogitationem
464 1347 473 1363 ,
498 1332 627 1354 carnem
654 1325 798 1354 affectio-

94 1383 170 1405 nem
180 1397 189 1412 ,
205 1374 241 1403 ut
255 1371 490 1410 consequenter
505 1378 539 1400 os
555 1370 626 1406 ejus
641 1370 796 1399 intentio-

96 1429 170 1451 nem
195 1420 352 1458 possimus
375 1417 534 1455 accipere.
559 1417 611 1446 Sic
627 1418 714 1446 enim
735 1418 796 1447 erit

97 1467 130 1496 in
144 1466 223 1496 ossis
238 1464 424 1502 integritate
441 1463 557 1492 animae
577 1463 661 1500 vita,
679 1463 712 1492 in
729 1472 797 1493 car-

95 1511 144 1540 nis
156 1509 396 1547 incorruptione
405 1508 522 1537 sanitas
532 1529 541 1545 ,
551 1507 585 1537 in
595 1508 677 1537 cutis
688 1509 796 1546 specie

95 1555 290 1594 pulcritudo.
303 1555 379 1591 Qnae
394 1554 469 1583 sunt
483 1561 557 1590 ergo
572 1553 797 1585 tribulationes

92 1602 250 1638 justorum
260 1621 269 1637 ,
280 1599 344 1629 nisi
358 1599 444 1637 quod
459 1599 620 1628 interdum
635 1600 798 1630 decolora—

97 1648 149 1676 tur
164 1646 248 1676 cutis
259 1668 268 1683 ‚
282 1655 354 1675 cum
371 1645 526 1675 videlicet
540 1645 664 1675 inutilis
677 1646 798 1684 cogita-

97 1692 140 1722 tio
150 1692 181 1721 in
190 1692 283 1722 corde
292 1692 438 1721 versatur
445 1691 457 1720 ἓ
464 1692 709 1729 Nonnumquam
721 1700 798 1722 vero

98 1740 195 1769 etiam
210 1747 283 1767 caro
300 1737 510 1774 vulneratur,
525 1737 651 1774 quando
672 1737 797 1767 scilicet

95 1783 135 1812 ad
150 1784 211 1812 hoc
232 1790 335 1819 usque
355 1781 503 1817 cogitatio
520 1782 700 1818 perniciosa
724 1791 800 1820 pro-

98 1828 200 1864 cedit,
224 1828 260 1856 ut
275 1826 491 1856 delectatione
508 1827 731 1865 corrumpatur
751 1828 797 1857 at-

99 1872 206 1902 sectio.
223 1872 300 1900 Nam
321 1879 390 1900 ossa
405 1871 535 1908 quidem
549 1872 709 1908 justorum
730 1882 798 1902 om-

96 1917 172 1945 nino
188 1916 311 1952 integra
327 1916 425 1952 atque
450 1915 548 1944 illaesa
572 1917 798 1948 custodiuntur

96 1970 114 1990 a
127 1961 278 1998 Domino,
294 1961 331 1989 ut
354 1967 528 1997 numquam
547 1960 711 1999 frangatur
725 1971 798 2001 pro-

95 2007 233 2044 positum
249 2005 351 2035 cordis
360 2013 487 2041 eorum,
498 2014 673 2045 numquam
686 2009 796 2039 salutis

94 2052 232 2082 intentio
247 2051 430 2080 conteratur
444 2059 451 2080 ε
467 2052 666 2083 utvidelicet
680 2063 797 2085 concu-

95 2097 260 2136 piscentiae
269 2096 415 2126 titillanti
426 2097 523 2126 etiam
533 2097 627 2127 detur
635 2106 794 2130 assensus.

94 2142 184 2173 Sicut
199 2141 285 2172 enim
305 2141 431 2179 peccati
447 2142 595 2180 cogitatio
619 2144 795 2185 decolorat,

94 2187 221 2218 affectio
236 2187 404 2225 vulnerat3
418 2187 464 2217 sic
479 2195 652 2220 consensus
666 2191 795 2222 omnino

92 2234 233 2262 animam
254 2233 359 2263 necat.

132 2278 164 2307 2.
182 2278 356 2308 Careamus
369 2286 443 2317 ergo
453 2301 461 2316 ,
475 2279 696 2320 dilectissimi,
712 2282 796 2321 cogi—

92 2323 232 2354 tationes
252 2324 404 2362 inutiles,
419 2326 455 2355 ut
471 2326 651 2357 animarum
671 2329 796 2358 nostra-

95 2376 166 2397 rum
182 2368 281 2399 facies
294 2370 408 2400 decora
422 2373 611 2408 permaneat
626 2381 635 2402 ε
650 2373 688 2403 ut
702 2373 794 2403 obliti

94 2421 164 2451 quae
180 2416 266 2443 retro
279 2416 370 2452 sunt,
383 2415 417 2445 id
429 2415 477 2445 est
485 2417 640 2454 populum
651 2418 795 2448 nostrum

94 2458 128 2488 et
154 2459 283 2489 domum
308 2460 408 2498 patris
443 2462 560 2501 nostri,
591 2464 796 2502 concupiscat

95 2504 164 2534 Rex
179 2505 321 2542 speciem
331 2505 483 2535 nostram.
493 2508 654 2538 Exeamus
663 2509 702 2539 de
711 2511 796 2539 terra

93 2550 217 2586 nostra,
233 2553 271 2580 ut
294 2559 358 2580 non
380 2552 632 2589 comprehendat
644 2563 702 2585 nos
713 2555 797 2593 cogi-

95 2595 173 2625 tatio
197 2596 348 2633 spectans
380 2597 420 2626 ad
448 2597 646 2635 voluptatem
678 2601 793 2630 carnis.

96 2640 253 2671 Exeamus
276 2641 309 2671 et
333 2641 372 2672 dc
399 2643 588 2681 cognatione
617 2645 741 2682 nostra,
762 2645 795 2674 id

1489 239 1527 270 15

827 286 875 316 est
895 294 911 315 a
938 285 1186 324 cogitationibus
1215 288 1406 327 curiositatis
1419 314 1428 329 ,
1455 302 1527 331 quae

825 331 979 360 nimirum
995 339 1070 360 cum
1084 331 1118 360 in
1133 332 1279 361 sensibus
1294 337 1454 371 corporcis
1468 338 1527 368 ba-

824 375 925 413 bitet,
942 377 1062 406 carnali
1075 377 1187 415 utique
1203 379 1337 415 cognata
1353 379 1401 408 est
1414 383 1528 420 volup-

824 419 896 449 tati.
926 421 1088 451 Exeamus
1114 422 1213 451 etiam
1243 421 1283 451 de
1309 422 1402 452 domo
1428 428 1528 461 patris

826 465 947 504 nostri,
963 467 1000 496 ut
1014 466 1173 505 fugiamus
1190 467 1399 506 cogitationes
1418 478 1530 507 supcr-

826 511 886 541 biae
899 512 933 542 et
946 513 1111 543 vanitatis.
1124 514 1257 543 Eramus
1271 521 1329 543 nos
1343 513 1530 553 aliquando,

826 557 910 588 sicut
924 558 959 588 et
971 558 1081 589 caeteri
1092 580 1101 596 ,
1112 559 1171 588 filii
1188 559 1243 589 irae
1259 567 1267 588 ε
1284 567 1413 590 eramus
1428 561 1462 590 et
1475 569 1533 590 nos

827 611 869 633 ex
885 604 977 642 patre
1000 603 1145 642 diabolo,
1161 605 1215 643 qui
1231 605 1385 635 nimirum
1403 614 1463 635 rex
1483 607 1533 636 est

826 657 923 687 super
938 657 1049 680 omnes
1062 649 1144 679 filios
1155 650 1313 688 superbiae
1322 671 1331 687 ,
1344 651 1377 680 et
1392 650 1426 679 in
1440 659 1535 679 mon—

827 694 913 724 tibus
925 695 1075 725 elationis
1090 695 1201 725 sedem
1216 695 1278 725 sibi
1294 697 1390 733 atque
1405 696 1536 725 babita-

827 740 935 770 culum
948 740 1208 770 iufelicissimum
1223 742 1427 779 praeparavit.
1441 742 1534 779 Quod

827 785 854 814 si
869 785 950 816 forte
967 786 1139 824 aliquando
1163 787 1238 816 talis
1259 787 1366 825 aliqua
1381 787 1533 826 cogitatio

827 831 970 861 mentem
986 831 1143 869 subierit,
1166 832 1233 862 tota
1251 831 1471 862 sollicitudine
1487 834 1533 863 la-

828 876 978 907 boremus
993 877 1089 907 citius
1105 878 1239 908 abluere
1266 878 1300 908 et
1319 877 1451 908 eradere
1467 888 1534 909 sor-

829 921 920 959 dem,
947 930 1009 960 qua
1030 931 1087 952 nos
1115 924 1271 952 maculari
1297 924 1532 963 conspicimus,

829 967 1004 997 clamantes
1019 976 1093 997 cum
1114 969 1272 1006 Propheta
1283 991 1292 1007 ,
1309 977 1344 999 ac
1361 970 1507 1001 dicentes
1523 981 1531 1000 :

829 1013 974 1051 Asperqes
989 1023 1047 1050 me,
1056 1015 1198 1050 Domine,
1207 1015 1334 1053 hyssopo
1342 1037 1352 1052 ,
1361 1018 1390 1046 et
1403 1019 1535 1047 munda-

831 1058 903 1096 bor,-
919 1059 1034 1089 Iacabis
1045 1069 1092 1089 me
1104 1061 1132 1089 et
1146 1062 1344 1097 supernivem
1355 1062 1532 1093 dealbabor.

829 1103 898 1132 Jam
913 1112 990 1133 vero
1005 1105 1031 1133 si
1047 1105 1174 1142 quando
1190 1105 1271 1135 sorte
1293 1114 1352 1143 per
1371 1107 1533 1137 incuriam

831 1147 863 1177 et
877 1148 1109 1185 negligentiam
1129 1150 1270 1179 nostram
1290 1151 1457 1181 transierit
1481 1162 1535 1182 co-

830 1193 941 1229 gitatio
958 1193 1083 1222 inutilis
1096 1194 1193 1223 etiam
1210 1195 1243 1224 in
1253 1195 1402 1225 affectum
1416 1199 1533 1236 cordis,

830 1237 969 1266 scientes
989 1239 1142 1274 quoniam
1162 1247 1226 1268 non
1247 1242 1373 1270 macula
1388 1243 1436 1272 est
1448 1243 1537 1282 jam,

829 1283 885 1312 sed
900 1283 1010 1320 plaga3
1024 1284 1089 1313 tota
1103 1283 1310 1315 festinatione
1327 1287 1365 1315 ad
1375 1289 1535 1320 auxilium

830 1328 983 1366 Spiritus,
999 1329 1055 1366 qui
1070 1329 1202 1365 adjuvat
1223 1331 1444 1363 infirmitatem
1461 1344 1536 1366 nos-

830 1374 911 1403 tram
923 1395 931 1411 ,
947 1381 1169 1412 recurramus,
1191 1376 1367 1407 clamantes
1388 1378 1471 1409 illud
1493 1382 1533 1411 de

829 1420 968 1457 psalmo,
992 1419 1025 1449 et
1039 1420 1185 1451 dicentes
1201 1431 1211 1451 .-
1227 1423 1378 1460 Domine,
1394 1427 1535 1458 miserere

828 1467 905 1503 mei,
933 1474 1013 1496 sana
1037 1468 1176 1496 animam
1204 1476 1306 1498 meam
1323 1471 1396 1507 quia
1415 1475 1538 1509 peccari

830 1511 894 1540 tibi.
908 1510 1063 1540 Humanae
1072 1511 1241 1542 enimsunt
1249 1513 1537 1555 tentationesista‘,

831 1564 888 1585 nec
905 1564 946 1585 ex
959 1556 1024 1586 toto
1041 1557 1149 1586 caveri
1165 1559 1315 1597 possunt,
1329 1562 1485 1597 quamdiu
1501 1563 1535 1593 in

831 1602 889 1631 boc
906 1609 1038 1639 corpore
1050 1602 1163 1632 mortis
1179 1604 1423 1642 peregrinamur
1437 1615 1454 1636 a
1469 1608 1535 1637 Do-

832 1647 928 1677 mino.
942 1648 1041 1677 Nemo
1053 1649 1162 1678 tamen
1174 1649 1391 1688 parvipendat
1403 1653 1458 1682 aut
1469 1653 1536 1683 dis-

830 1693 962 1722 simulet
976 1693 1037 1722 ista
1054 1702 1061 1722 :
1079 1694 1232 1731 quoniam
1256 1696 1315 1725 etsi
1332 1705 1396 1726 non
1420 1699 1535 1728 morti-

833 1739 899 1768 fera
913 1739 1004 1771 sunt,
1020 1740 1108 1768 certe
1121 1739 1314 1776 periculosa.

870 1784 901 1812 5.
929 1784 1146 1812 Intentionem
1170 1793 1248 1813 vero
1273 1785 1306 1814 et
1336 1787 1534 1823 propositum

832 1828 949 1857 mentis
975 1835 1011 1857 ea
1048 1829 1267 1858 sollicitudine
1294 1831 1511 1862 custodiamus
1525 1855 1534 1871 ,

831 1874 973 1910 Fratres,
998 1881 1061 1910 qua
1086 1873 1187 1902 vitam
1209 1874 1389 1904 animarum
1414 1878 1536 1907 nostra-

830 1927 900 1947 rum
915 1919 1065 1948 volumus
1079 1918 1240 1948 custodire
1257 1927 1265 1947 :
1283 1920 1434 1957 quoniam
1450 1922 1535 1952 istud

829 1964 958 1993 omnIno
976 1965 1023 1993 est
1037 1965 1207 2001 peccatum
1229 1964 1269 1993 ad
1293 1966 1447 2004 mortem,
1461 1976 1535 1997 cum

829 2019 871 2040 ex
890 2018 1046 2040 consensu
1068 2010 1100 2040 et
1116 2009 1350 2040 deliberatione
1373 2012 1536 2051 delinqui-

828 2064 916 2093 mus,
937 2056 1068 2093 proprio
1082 2055 1204 2092 judicio
1228 2056 1448 2087 condemnati.
1468 2059 1534 2089 Nec

830 2102 901 2131 ideo
927 2109 1003 2131 sane
1029 2101 1064 2130 id
1087 2101 1247 2138 dixerim,
1263 2102 1300 2131 ut
1322 2102 1491 2142 desperet,
1506 2105 1533 2134 si

828 2147 988 2185 quisforte
1000 2147 1112 2177 delicti
1124 2147 1218 2184 hujus
1231 2147 1292 2178 sibi
1303 2149 1448 2179 conscius
1463 2152 1534 2181 est:

829 2193 884 2223 sed
899 2194 935 2224 ut
960 2194 1155 2230 expavescat
1170 2193 1387 2232 praecipitium
1398 2216 1407 2231 ,
1424 2195 1456 2224 et
1476 2196 1534 2233 qui

829 2239 964 2277 cecidit,
982 2238 1112 2275 adjiciat
1129 2238 1226 2268 citius
1247 2241 1284 2269 ut
1299 2240 1456 2277 resurgat.
1474 2242 1534 2270 No-

829 2284 914 2315 verit
928 2284 1016 2314 enim
1033 2284 1192 2314 excidisse
1209 2292 1242 2314 se
1257 2292 1276 2313 a
1289 2284 1434 2323 justitia,
1459 2286 1535 2324 qui-

829 2338 966 2368 cumque
996 2330 1180 2367 huJusmodi
1206 2330 1265 2359 est.
1291 2330 1388 2367 Cujus
1409 2339 1442 2360 os
1458 2339 1535 2361 con-

829 2375 966 2405 fractum
992 2376 1040 2405 est
1068 2375 1101 2404 et
1129 2375 1363 2404 comminutum
1377 2397 1387 2413 ,
1406 2377 1534 2407 noverit

829 2420 998 2458 praecisum
1014 2428 1048 2450 se
1064 2428 1082 2450 a
1098 2428 1230 2459 corpore
1246 2420 1362 2451 Christi
1377 2442 1385 2458 ,
1413 2421 1453 2451 de
1470 2430 1533 2459 quo

828 2466 982 2496 nimirum
993 2466 1129 2507 legitur:
1148 2467 1187 2497 Os
1199 2475 1261 2496 non
1274 2468 1483 2496 comminuetis
1493 2476 1533 2495 em

829 2511 973 2541 e0.Undc
990 2512 1023 2541 et
1037 2511 1072 2541 in
1085 2511 1233 2550 passione
1249 2519 1323 2548 sua,
1339 2511 1418 2540 licet
1431 2511 1534 2548 plagis

831 2556 993 2594 virgarum
1002 2557 1181 2587 inlivorem
1189 2557 1371 2586 decolorata
1383 2556 1424 2585 sit
1436 2556 1532 2593 cutis,

829 2602 976 2633 utlivorc
984 2602 1053 2638 ejus
1063 2611 1120 2632 nos
1132 2601 1533 2639 sanaremur31icetclavis

829 2646 999 2677 vulnerata
1013 2647 1056 2677 sit
1071 2655 1142 2677 caro
1153 2669 1162 2685 ,
1177 2647 1209 2676 et
1229 2647 1340 2676 lancea
1356 2645 1439 2675 latus
1458 2645 1530 2684 ejus
