1810 3073
301 225 362 257 22¹⁸

302 279 409 313 forent
423 282 584 313 consortes
607 282 830 320 haereditatis,
855 283 946 320 cujus
968 284 999 312 et

301 329 497 366 apparerent
525 328 704 358 conformes
739 328 899 365 imaginis.
936 328 1000 357 Hos

301 380 376 412 ergo
388 373 515 404 adverti
527 374 618 412 quasi
634 382 809 411 numquam
826 381 975 410 peccasse
989 382 996 402 :

299 419 452 457 quoniam
464 420 524 450 etsi
533 427 596 458 qua
611 419 784 457 deliquisse
797 419 949 447 videntur
965 419 999 448 in

299 465 444 503 tempore
457 487 466 503 ,
481 473 546 494 non
561 465 719 503 apparent
737 464 771 493 in
789 464 971 493 aeternitate
989 473 999 493 ε

300 510 377 549 quia
405 511 522 540 caritas
560 510 662 539 Patris
688 510 830 547 ipsorum
856 510 998 547 cooperit

298 556 542 585 multitudinem
554 556 771 593 peccatorum.
785 556 821 585 Et
831 555 915 585 dixit
926 556 1000 586 bea-

298 600 348 631 tos
358 622 368 639 ,
383 610 515 639 qnorum
536 603 670 632 remissae
682 603 753 632 sunt
768 603 955 640 iniquitates,
972 604 999 633 et

297 656 429 685 quorum
444 649 522 677 tecta
542 648 613 677 sunt
634 649 780 686 peccatag
803 656 876 676 cum
892 648 998 678 subito

297 692 385 722 tanta
396 692 475 721 mihi
487 700 614 730 quoque
626 693 666 722 de
679 701 729 722 me
739 693 869 722 suborta
881 692 997 723 fiducia

297 738 331 767 et
347 737 452 767 infusa
469 738 582 767 laetitia
605 739 652 767 est
665 760 674 775 ,
690 740 829 776 quantus
849 741 937 769 certe
963 740 998 769 in

297 782 366 812 loco
391 783 553 821 horroris,
573 783 609 813 id
631 785 679 813 est
700 784 734 813 in
756 784 824 813 loco
849 784 997 814 secundae

297 827 452 865 visionis,
469 837 534 858 non
553 830 762 868 praecesserat
778 830 885 868 timor,
901 830 945 860 ita
960 832 997 859 ut

296 874 377 903 mihi
391 875 478 905 visus
493 875 554 904 sim
576 876 741 913 tamquam
757 883 840 905 unus
865 884 907 905 ex
932 876 997 905 illis

297 919 402 949 beatis
417 928 497 949 esse.
519 920 543 949 O
558 920 584 949 si
603 920 766 949 durasset!
783 921 918 958 Iterum,
934 921 997 950 ite-

297 972 432 1002 rumque
446 964 544 994 visita
573 972 625 993 me
649 965 786 994 Domine
807 965 841 994 in
866 965 996 995 salutari

297 1010 365 1047 tuo,
379 1009 419 1038 ad
427 1009 603 1039 videndum
617 1009 650 1038 in
662 1009 807 1039 bonitate
819 1010 997 1040 electorum

297 1055 446 1093 tuorum,
462 1054 503 1084 ad
516 1054 691 1084 laetandum
714 1054 749 1084 in
764 1055 878 1085 laetitia
892 1055 997 1094 gentis

297 1100 374 1130 tuae.

339 1146 388 1175 16.
410 1145 435 1175 Ο
455 1154 542 1176 verae
566 1144 686 1184 quietis
710 1144 818 1184 Iocus,
845 1145 879 1177 et
901 1155 997 1185 quem

297 1199 361 1221 non
372 1192 534 1221 immerito
546 1192 685 1222 cubiculi
697 1193 915 1230 appellatione
925 1202 999 1223 cen-

296 1237 440 1267 suerim!
457 1237 489 1266 in
505 1246 567 1276 quo
582 1238 688 1274 Deus,
705 1245 768 1266 non
785 1239 873 1275 quasi
890 1239 997 1269 turba·

297 1283 349 1313 tus
368 1283 416 1312 ira
428 1305 437 1321 ,
453 1291 514 1312 nec
542 1284 635 1313 velut
649 1283 809 1313 distentus
825 1292 900 1314 cura
922 1293 998 1322 pro-

297 1329 453 1367 spicitur3
468 1329 524 1359 sed
543 1330 699 1367 probatur
713 1330 861 1359 voluntas
877 1330 946 1367 ejus
961 1331 996 1360 in

297 1383 335 1405 eo
357 1375 438 1405 bona
451 1397 461 1413 ,
477 1377 510 1405 et
535 1375 769 1413 beneplacens,
786 1376 819 1405 et
839 1375 994 1413 perfecta.

297 1421 385 1450 visio
401 1422 462 1451 ista
485 1429 549 1450 non
572 1421 691 1458 terret,
708 1421 764 1451 sed
779 1422 919 1459 mulcet3
946 1422 997 1451 in-

296 1466 442 1504 quietam
458 1465 679 1495 curiositatem
700 1474 764 1495 non
786 1467 924 1505 excitat,
941 1467 997 1497 sed

296 1511 404 1548 sedat3
420 1519 481 1541 nec
496 1510 609 1549 fatigat
624 1519 754 1548 sensus,
770 1512 826 1540 sed
840 1512 997 1550 tranquil-

297 1556 352 1585 lat.
371 1556 431 1586 Hic
446 1564 525 1585 vere
541 1556 735 1593 quiescitur.
752 1557 995 1594 TRANQULLFS

296 1600 382 1629 Deus
392 1599 581 1638 tranquillat
597 1600 704 1630 omnia
718 1609 726 1638 ς
741 1601 773 1630 et
787 1601 934 1638 quietum
947 1610 998 1631 as-

296 1646 419 1684 picere,
435 1646 605 1683 quiescere
631 1648 691 1676 est.
708 1647 847 1676 Cernere
865 1648 913 1676 est
933 1648 997 1677 Re-

296 1699 368 1729 gem
384 1691 456 1729 post
475 1691 608 1720 diurnas
626 1691 802 1721 forensium
817 1692 908 1730 quasi
923 1693 997 1723 lites

296 1744 479 1774 causarum,
492 1736 633 1767 dimissis
644 1745 661 1766 a
673 1745 706 1767 se
718 1737 833 1775 turbis,
848 1736 996 1767 curarum

296 1781 460 1810 molestias
500 1780 717 1811 declinantem
728 1802 738 1818 ,
760 1782 928 1819 petentem
957 1781 996 1811 de

295 1828 391 1857 nocte
416 1827 635 1857 diversorium
649 1847 659 1864 ,
688 1827 874 1856 cubiculum
899 1827 997 1857 intro-

296 1873 427 1902 euntem
439 1881 513 1902 cum
528 1872 652 1910 pauciS,
667 1881 747 1911 quos
758 1873 819 1902 hoc
831 1874 955 1903 secreto
965 1874 998 1903 et

296 1918 356 1948 hac
372 1918 592 1948 familiaritate
605 1918 767 1956 dignatur,
782 1927 821 1948 eo
840 1920 928 1948 certe
946 1927 998 1949 se-

297 1963 408 1993 curius
422 1986 431 2001 ,
447 1972 510 2001 quo
526 1964 684 1994 secretius
699 1965 942 2002 quiescentem
960 1973 996 1994 eo

296 2010 442 2040 serenius
457 2019 489 2040 se
499 2010 687 2047 habentem,
703 2018 765 2048 quo
777 2010 937 2048 placidius
945 2019 998 2040 so-

296 2056 343 2085 los
357 2055 542 2085 intuentem
552 2064 632 2093 quos
641 2056 761 2094 diligit.
778 2057 815 2085 In
832 2055 892 2085 hoc
908 2064 998 2085 arca-

295 2109 374 2131 num
385 2102 461 2131 etin
474 2101 535 2131 hoc
548 2102 767 2131 sanctuarium
781 2101 843 2131 Dei
861 2101 887 2131 si
899 2110 996 2139 quem

295 2146 377 2176 forte
390 2148 534 2176 vestrum
545 2147 651 2185 aliqua
662 2147 742 2177 hora
757 2147 803 2177 sic
819 2147 889 2185 rapi
905 2148 937 2176 et
952 2148 996 2177 sic

296 2192 449 2222 abscondi
465 2192 654 2230 contigerit,
677 2193 714 2222 ut
735 2193 870 2223 minime
884 2195 996 2222 avocet

296 2238 352 2267 aut
365 2238 594 2275 perturbetvel
605 2246 716 2268 sensus
732 2246 842 2276 egens,
855 2238 907 2267 vel
921 2246 996 2267 cura

295 2290 455 2320 pungens,
465 2283 519 2311 vel
529 2282 624 2320 culpa
638 2283 862 2320 mordens,rel
877 2291 914 2313 ea
929 2291 998 2313 cer-

296 2330 343 2365 te,
357 2336 429 2366 quae
445 2327 612 2358 difficilius
625 2330 827 2366 amoventur,
839 2328 997 2359 irruentia

296 2372 473 2411 imaginum
495 2380 723 2411 corporearum
748 2374 996 2413 pliautasinata3

296 2418 419 2457 poterit
432 2418 565 2456 quidem
582 2418 655 2455 hic,
673 2427 746 2448 cum
759 2419 799 2448 ad
814 2427 873 2449 nos
888 2420 997 2450 redie-

296 2464 353 2502 rit,
362 2464 491 2502 gloriari
504 2464 537 2494 et
545 2464 653 2499 dIcere
665 2473 673 2493 ε
685 2465 860 2495 Introduxit
871 2474 916 2495 me
931 2467 998 2496 Rex·

773 230 803 257 S.
829 228 1062 257 BERNARDI
1089 229 1284 259 ABBATls

1035 283 1158 321 tribus,
1181 293 1260 322 quos
1283 284 1402 323 triplici
1425 284 1654 324 assignavimus
1676 285 1725 318 vi-

1033 328 1128 366 sioni,
1139 329 1225 358 solus
1235 329 1339 359 factus
1351 331 1398 360 est
1410 330 1442 360 in
1458 340 1535 369 pace
1550 332 1722 369 locusbistc.

1033 373 1074 402 Ut
1089 374 1177 403 enim
1192 372 1303 412 aperte
1328 376 1536 407 monstratum
1559 378 1623 416 est,
1640 379 1673 408 et
1691 379 1724 408 in

1033 418 1134 455 priori
1147 419 1264 458 exigua
1274 442 1284 458 ,
1303 421 1336 450 et
1350 421 1383 450 in
1398 422 1537 452 secundo
1552 423 1641 453 nulla
1652 432 1724 462 per—

1032 463 1152 501 cipitur
1172 466 1264 503 quies
1288 473 1297 495 1
1320 474 1394 496 cum
1419 467 1451 497 et
1478 468 1546 497 illic
1571 476 1726 506 apparens

1031 509 1241 548 admirabilis,
1252 510 1291 540 ad
1304 511 1473 549 indagandi
1483 513 1625 543 studium
1633 522 1727 545 exer-

1032 555 1102 584 ceat
1126 555 1363 594 curiositatem,
1385 557 1418 586 et
1439 557 1492 588 hic
1522 558 1725 590 innotescens

1031 600 1206 639 terribilis,
1235 602 1460 632 infirmitatem
1487 605 1661 635 concutiat.
1687 607 1726 637 At

1030 654 1106 675 vero
1120 647 1218 677 tertio
1233 647 1295 677 isto
1315 647 1350 676 in
1370 648 1439 677 loco
1450 669 1458 685 ,
1471 657 1535 678 non
1549 649 1643 687 plane
1659 650 1726 680 ter-

1030 691 1146 730 ribilis,
1158 700 1220 722 nec
1235 693 1301 722 tam
1316 693 1517 724 admirabilis
1528 702 1624 732 quam
1640 704 1727 726 ama-

1030 735 1104 766 bilis
1116 744 1271 775 apparere
1286 737 1453 775 dignatur,
1469 746 1602 769 serenus
1613 740 1645 769 et
1655 740 1729 779 pla—

1030 781 1133 821 cidus,
1148 782 1256 812 suavis
1272 784 1305 812 et
1320 783 1420 820 mitis,
1435 785 1467 813 et
1482 785 1594 815 multae
1605 785 1729 817 miseri-

1029 828 1146 858 cordiae
1161 829 1311 858 omnihus
1327 829 1529 859 intuentibus
1543 839 1591 861 se.

1068 875 1118 904 17.
1134 875 1205 904 Jam
1227 875 1263 904 ut
1284 874 1399 903 horum
1420 869 1491 913 quae
1513 876 1552 905 de
1575 877 1704 907 cellario
1719 900 1727 915 ,

1030 921 1133 958 horto,
1149 920 1310 958 cubiculo,
1327 920 1462 958 longiori
1477 922 1551 951 sunt
1566 922 1728 960 disputata

1029 973 1189 1002 sermone,
1203 965 1360 994 memoria
1376 967 1482 995 vestra
1499 968 1726 1005 compendium

1030 1011 1157 1047 teneat3
1183 1011 1383 1040 mementote
1407 1011 1506 1041 trium
1529 1013 1727 1051 temporum,

1031 1057 1127 1085 trium
1142 1056 1345 1093 meritorum,
1359 1056 1457 1085 trium
1473 1057 1564 1094 quasi
1580 1058 1729 1095 praemior-

1030 1110 1112 1131 runi.
1136 1102 1172 1131 In
1197 1101 1289 1131 horto
1305 1101 1464 1132 advertite
1478 1102 1626 1141 tempora
1637 1125 1646 1142 ,
1661 1112 1729 1134 me-

1029 1148 1090 1177 rita
1111 1147 1146 1176 in
1162 1147 1294 1177 cellario
1305 1168 1314 1185 ,
1332 1148 1465 1185 praemia
1481 1148 1515 1177 in
1529 1148 1651 1186 triplici
1671 1149 1726 1180 illa

1029 1193 1300 1231 contemplatione
1316 1193 1501 1223 cubiculum
1517 1194 1724 1232 inquirentis.

1032 1239 1066 1268 Et
1093 1238 1134 1268 de
1159 1237 1289 1267 cellario
1319 1237 1451 1275 quidem
1472 1238 1533 1268 ista
1553 1238 1726 1270 sufficiant.

1031 1285 1123 1312 Porro
1139 1283 1178 1313 de
1194 1283 1288 1312 horto
1300 1283 1356 1313 vel
1383 1284 1532 1314 cubiculo
1547 1284 1648 1323 siqua
1670 1286 1727 1315 ad-

1029 1328 1153 1366 denda,
1167 1329 1222 1358 aut
1237 1329 1299 1357 alia
1315 1327 1397 1358 forte
1417 1337 1514 1367 quarn
1530 1329 1615 1359 dicta
1631 1333 1727 1369 sunt,

1030 1375 1122 1406 modo
1137 1374 1334 1404 advertenda
1350 1375 1572 1413 occurrerint,
1586 1376 1655 1405 loco
1670 1384 1728 1406 suo

1030 1428 1092 1450 non
1107 1420 1351 1458 praetereamus.
1365 1419 1421 1449 Sin
1433 1421 1554 1457 autem,
1569 1420 1727 1451 sufficiant

1029 1473 1098 1502 quae
1118 1465 1204 1494 dicta
1220 1466 1316 1502 sunt,
1339 1466 1373 1495 et
1394 1465 1530 1495 minime
1546 1465 1704 1495 iterentur
1717 1488 1725 1504 ,

1029 1518 1068 1540 ne
1086 1518 1239 1548 umquam
1256 1510 1289 1540 in
1305 1510 1470 1540 fastidium
1489 1509 1594 1549 (quod
1619 1511 1699 1541 absit
1716 1514 1725 1550 )

1029 1556 1162 1586 veniant
1175 1564 1225 1594 ea,
1236 1565 1306 1594 quae
1319 1556 1530 1594 proferuntur
1544 1556 1583 1586 ad
1598 1557 1727 1587 laudem

1029 1602 1061 1631 et
1075 1601 1209 1640 gloriam
1222 1601 1330 1639 sponsi
1345 1601 1496 1631 Ecclesiae
1511 1602 1641 1631 Domini
1655 1610 1727 1631 nos-

1030 1647 1071 1676 tri
1098 1648 1176 1677 Jesu
1192 1646 1328 1684 Christi,
1349 1647 1408 1685 qui
1429 1648 1479 1677 est
1500 1656 1598 1685 super
1621 1649 1727 1678 omnia

1030 1694 1115 1724 Deus
1130 1692 1321 1724 benedictus
1335 1692 1371 1722 in
1386 1693 1520 1731 saecula,
1537 1694 1647 1722 Amen.

1206 1807 1376 1841 SERMO
1405 1807 1552 1840 XXIV.

1032 1880 1096 1911 Agit
1112 1880 1256 1911 praecipue
1271 1883 1369 1905 contra
1385 1881 1542 1905 detestabile
1561 1880 1662 1904 vitium
1683 1880 1728 1904 dc-

1059 1917 1215 1945 traclioni53
1231 1920 1256 1940 et
1272 1924 1328 1947 qua
1347 1917 1377 1940 in
1397 1924 1427 1941 re
1448 1917 1588 1941 rectitudo
1609 1917 1727 1941 hominis

1058 1953 1233 1983 potissimum
1247 1953 1384 1978 consistat.

1070 2013 1100 2042 l.
1116 2013 1188 2043 Hoc
1204 2012 1334 2042 demum
1353 2012 1467 2050 tertio,
1483 2012 1629 2051 Fratres,
1643 2012 1727 2043 redi-

1031 2058 1151 2087 tuin⁴ab
1164 2057 1248 2087 Urbe
1258 2059 1403 2087 nostrum
1416 2058 1608 2088 clementior
1619 2059 1726 2088 oculus

1030 2110 1047 2132 e
1064 2103 1143 2132 coelo
1156 2103 1314 2140 respexit,
1327 2104 1360 2132 et
1374 2103 1485 2133 vultus
1497 2103 1627 2133 tandem
1641 2111 1727 2133 serc-

1031 2147 1100 2176 nior
1115 2148 1253 2184 desuper
1264 2147 1371 2176 arrisit
1385 2148 1489 2177 nobis.
1504 2148 1635 2184 Quievit
1647 2148 1728 2177 Leo-

1030 2193 1104 2221 nina
1119 2192 1226 2221 rabies
1239 2214 1248 2229 ,
1263 2192 1361 2222 finem
1377 2193 1503 2230 accepit
1520 2193 1657 2230 malitia,
1673 2194 1729 2222 Ec-

1030 2238 1129 2267 clesia
1146 2245 1262 2275 pacem
1283 2238 1419 2275 recepit.
1445 2238 1491 2267 Ad
1512 2238 1651 2267 nihilum
1675 2239 1729 2268 de-

1031 2283 1148 2312 ductus
1163 2285 1211 2313 est
1226 2282 1260 2312 in
1278 2283 1451 2320 conspectu
1469 2283 1538 2320 ejus
1553 2283 1727 2321 malignus,

1029 2328 1084 2366 qui
1100 2335 1171 2358 eam
1185 2336 1243 2365 per
1258 2328 1319 2358 hoc
1336 2329 1438 2358 ferme
1456 2330 1644 2358 octennium
1658 2328 1725 2358 diro

1030 2374 1201 2404 schismate
1225 2375 1445 2404 conturbarat.
1465 2375 1546 2404 Num
1572 2382 1648 2404 vero
1669 2382 1726 2411 ego

1030 2420 1127 2458 gratis
1143 2420 1182 2449 de
1204 2420 1301 2449 tantis
1327 2420 1484 2458 periculis
1507 2427 1560 2449 ero
1583 2419 1724 2449 redditus

1030 2465 1140 2495 vobis?
1153 2466 1274 2496 Vestris
1289 2465 1460 2495 desideriis
1484 2465 1618 2495 donatus
1641 2472 1725 2502 suni,

295 2509 996 2548 incubiculumsuum.Quodtamenanipsum
1012 2507 1015 2535 1
1032 2512 1149 2542 vestris
1170 2520 1223 2541 me.
1252 2511 1452 2550 profectibus
1472 2520 1549 2549 paro
1571 2518 1724 2549 :quorum

296 2554 339 2584 sit
354 2553 394 2584 de
409 2561 473 2592 quo
488 2554 631 2584 exsultat
645 2562 760 2593 sponsa
770 2576 779 2593 ,
792 2563 858 2584 non
872 2556 997 2586 temere

297 2598 537 2630 affirmaverim.
553 2600 607 2630 Est
618 2600 727 2630 tamen
743 2601 928 2631 cubiculum
940 2623 948 2638 ,
966 2603 998 2631 ct

298 2644 483 2676 cubiculum
510 2645 605 2684 Regis
636 2654 643 2675 :
671 2646 746 2685 quia
775 2646 930 2677 nimirum
958 2648 996 2677 «le

1031 2558 1106 2587 vivo
1124 2557 1251 2588 meritis
1263 2579 1273 2596 ‚
1290 2558 1360 2587 volo
1373 2557 1484 2587 vivere
1501 2556 1614 2597 studiis
1629 2558 1660 2586 et
1674 2563 1724 2584 sa-

1034 2603 1108 2633 luti.
1120 2603 1276 2641 Quodque
1291 2603 1413 2633 dudum
1429 2603 1531 2641 coepta
1548 2602 1581 2631 in
1591 2601 1724 2631 canticis

1035 2656 1086 2678 nie
1100 2649 1235 2688 exsequi
1256 2649 1364 2687 vultiS,
1380 2647 1520 2677 libenter
1532 2647 1662 2686 quidem
1675 2654 1728 2675 ac-
