1810 3073
466 196 522 225 DE
543 193 756 225 DIVERSIS
780 192 930 221 SERMO
955 193 1064 221 CXII.

92 253 123 285 ὅ.
139 253 249 291 Orate,
265 249 370 290 inquit
383 250 557 289 Dominus,
572 251 607 281 ut
617 258 681 280 non
691 249 747 288 fiat

50 299 126 339 fuya
139 301 242 330 vestra
265 298 380 335 hieme,
402 298 448 328 vel
462 297 603 328 sabbalo.
618 295 746 335 Fugite,

50 344 128 375 dum
144 345 271 382 tempus
285 343 334 373 esi
346 343 565 381 acceptabile,
583 343 616 373 et
627 343 680 373 via
693 341 749 372 ‹le-

48 389 211 421 lectabilis
225 388 413 419 exhibetur.
423 388 536 426 Fugite
552 396 610 418 sex
621 387 748 425 diebus,

50 436 168 475 quibus
182 435 311 474 operari
334 433 426 465 licet.
452 433 568 472 Fugite
593 434 629 464 in
656 432 750 462 testi-

50 481 168 511 moniis
191 488 251 511 sex
274 480 406 510 illorum
426 489 499 519 quae
518 487 614 518 supra
641 477 751 516 tetigi-

49 535 140 566 mus,
152 526 308 564 justitiae,
329 525 497 565 veritatisj,
513 524 749 556 remuneratio-

50 573 118 611 nis,
133 572 395 611 omnipotentiae,
424 579 559 602 summae
574 569 730 600 bonitatis
740 591 749 607 ,

49 618 244 650 aeternitatis
259 626 268 648 t
284 626 325 649 ne
339 618 422 648 forte
438 617 629 656 septimum,
645 614 750 647 divini

48 664 177 695 scilicet
194 664 255 695 zeli
278 663 518 700 testimonium,
533 670 599 693 non
614 663 681 692 tam
697 660 751 691 de-

48 709 108 748 tis,
123 718 219 750 quarn
239 709 427 741 sustineatis
450 707 562 739 inviti.
579 707 751 737 Genimina

48 755 255 794 viperarum,
279 754 352 794 quis
376 762 433 785 vos
459 753 571 784 docuit
593 753 708 791 fugere
733 761 751 783 a

48 802 187 831 ventura
211 800 280 831 ira?
303 800 363 830 Via
387 800 502 830 mortis
531 800 599 838 est,
627 800 662 829 in
687 807 751 838 qua

48 845 180 877 curritis
193 853 202 883 ;
217 846 270 876 via
285 845 492 885 perditionis,
504 845 558 876 via
570 845 664 883 cujus
678 845 752 876 finis

46 891 208 931 demergit
221 890 256 922 in
269 891 469 931 profundum
486 891 618 922 inferni.
639 892 752 923 Adhuc

46 938 156 969 tamen
174 946 248 977 spes
273 937 340 976 est,
365 938 443 976 quia
457 938 599 968 necdum
615 938 697 977 viae,
719 938 752 968 id

48 984 98 1014 est
114 983 211 1022 vitae,
226 983 300 1014 finis
314 982 461 1014 advenit.
477 983 643 1014 Festinate
670 992 754 1022 prae-

46 1029 162 1059 venire
177 1029 298 1059 finem:
320 1037 364 1059 ne
385 1029 493 1059 subito
520 1029 751 1068 praeoccupati,

47 1082 252 1113 quocumque
266 1075 470 1113 cecideritis,
482 1075 529 1105 ibi
541 1075 624 1106 sitis.
633 1075 752 1106 Venite

47 1120 129 1159 filii,
152 1120 265 1151 audite
288 1129 341 1151 me
357 1120 469 1151 :viam
497 1120 612 1151 salutis
631 1121 753 1152 docebo

48 1174 108 1196 vos
120 1188 130 1205 ‚
151 1167 240 1197 viam
260 1166 524 1197 testimoniorum
543 1167 606 1197 Dei
618 1167 672 1205 ,in
689 1176 753 1206 qua

48 1210 258 1242 delectemini
274 1212 307 1242 et
321 1219 380 1243 vos
393 1212 479 1243 sicut
493 1212 528 1243 in
539 1213 691 1244 omnibus
707 1213 755 1244 di-

47 1256 151 1287 vitiis.

89 1300 120 1332 6.
136 1301 185 1333 Sit
198 1300 303 1341 prima
314 1301 403 1332 dieta
418 1307 520 1342 usque
535 1302 575 1334 ad
589 1311 656 1334 cor.
671 1304 752 1335 Illuc

48 1355 170 1386 nempe
194 1347 462 1387 praevaricatores
489 1350 586 1380 vocat
611 1358 677 1380 vox
702 1350 754 1380 di—

49 1394 147 1432 vina3
183 1393 241 1424 ubi
269 1394 494 1425 testimonium
518 1395 655 1433 ‚iustitiae
682 1396 753 1434 eJus

48 1440 332 1480 compunctionem
360 1441 495 1479 generet
522 1442 556 1472 et
587 1441 751 1473 timorem.

48 1486 135 1516 ilinc
155 1493 233 1516 sane
246 1485 442 1525 procedatur
457 1486 498 1517 ad
516 1487 751 1518 confessionem

49 1532 114 1562 oris
126 1553 136 1569 ,
158 1531 198 1562 ut
216 1539 282 1561 non
301 1531 494 1563 cunctemur
517 1533 619 1563 etiam
640 1534 751 1564 contra

49 1577 263 1617 nosmetipsos
304 1578 482 1616 perhibere
526 1579 751 1610 testimonium

49 1624 193 1655 veritati.
208 1623 363 1663 Quisquis
383 1623 471 1654 enim
486 1632 596 1655 coram
612 1625 754 1655 homini-

48 1669 110 1700 bus
124 1669 295 1700 erubuerit
317 1670 431 1708 illam3
447 1670 535 1701 hunc
552 1671 586 1701 et
604 1671 662 1701 illa
677 1679 753 1701 eru-

48 1715 161 1746 bescet
168 1723 276 1746 coram
285 1715 380 1745 Patre
389 1724 457 1746 suo.
466 1715 627 1754 Sequatur
635 1716 752 1747 deinde

48 1761 285 1800 possessionum
300 1760 486 1799 distractio,
502 1761 691 1792 distributio
707 1762 755 1792 fa-

50 1807 206 1837 cultatum
215 1827 226 1846 ,
239 1806 324 1837 sicut
335 1806 493 1844 scriptum
508 1807 558 1837 est
571 1815 579 1837 ε
592 1809 753 1846 Dispersit,

48 1852 129 1883 dedit
152 1851 360 1892 pauperibus,
377 1852 501 1890 justitia
519 1853 584 1891 ejus
598 1855 704 1885 manet
722 1855 754 1884 in

48 1898 194 1929 soeculmn
207 1897 321 1929 soeculi.
334 1897 374 1928 Et
388 1897 468 1928 item
484 1905 493 1928 :
509 1899 545 1928 δι’
556 1899 602 1929 vis
613 1908 673 1930 esse
682 1909 756 1938 per-

50 1944 164 1983 fectus,
186 1944 262 1974 vade
284 1945 313 1974 et
326 1944 420 1974 vende
435 1944 540 1974 omnia
554 1953 621 1983 quae
639 1945 732 1976 habes
743 1967 753 1983 ,

49 1991 78 2020 et
91 1990 133 2020 da
150 1988 362 2028 pauperibus3
379 1990 408 2019 et
428 1989 552 2020 habebis
575 1989 754 2021 thesaurum

49 2035 84 2066 in
106 2036 192 2066 coelo.
217 2035 271 2065 Est
293 2034 380 2064 enim
395 2034 431 2065 in
447 2034 508 2065 hac
528 2034 661 2065 liberali
680 2044 755 2075 pro-

50 2080 197 2120 prietatis
222 2080 381 2111 effusione
407 2080 632 2112 testimonium
657 2082 755 2121 largi-

50 2127 126 2158 tatis
138 2127 257 2158 divinae
269 2128 303 2158 et
315 2126 451 2166 copiosae
466 2127 702 2168 retributionis,
718 2129 755 2160 ut

51 2174 107 2213 qui
119 2174 235 2213 sponte
251 2173 417 2204 distribuit
431 2181 488 2204 sua
501 2195 510 2212 ,
528 2173 755 2206 indubitanter

50 2226 180 2258 sperare
195 2219 348 2250 videatur
364 2219 404 2250 de
420 2227 520 2249 manu
534 2220 664 2251 Domini
685 2229 755 2251 am-

50 2266 166 2304 pliora.
184 2265 297 2296 Adbuc
318 2266 429 2296 autem
451 2266 485 2296 et
502 2267 655 2305 quartum
676 2276 755 2306 quo—

50 2319 114 2351 que
133 2311 279 2350 praebeas
299 2319 434 2342 necesse
459 2313 509 2342 est
530 2313 755 2344 testimonium

49 2356 294 2395 omnipotentiae
310 2365 318 2386 :
343 2356 415 2386 dico
430 2357 541 2387 autem
562 2357 596 2387 in
611 2359 755 2397 corporis

51 2402 242 2433 afflictione.
279 2402 512 2432 Seminandum
545 2403 669 2442 quippe
706 2404 755 2433 est

51 2448 190 2479 animale
205 2456 330 2486 corpuS,
346 2448 403 2478 sed
414 2448 451 2478 ut
465 2448 634 2486 spirituale
647 2457 756 2480 resur-

51 2493 115 2531 gat.
130 2493 198 2524 Non
221 2492 284 2523 tibi·
305 2501 380 2532 ergo
396 2493 452 2532 qui
474 2493 579 2531 parcit
604 2495 753 2534 corpori,

52 2537 92 2570 de
106 2539 345 2570 resurrectione
368 2539 402 2569 et
416 2539 643 2571 immutatione
659 2541 755 2572 haesi-

51 2584 120 2616 tare
134 2584 285 2617 videtur?
300 2585 354 2616 Sic
365 2585 399 2615 et
412 2585 470 2624 qui
484 2593 549 2616 non
564 2587 756 2626 compungi-

53 2631 108 2660 tur
119 2631 248 2670 animo,
265 2631 305 2661 de
319 2630 443 2668 justitia
458 2639 467 2670 ;
482 2631 583 2670 etqui
597 2640 661 2662 non
677 2641 756 2663 con·

1428 195 1488 225 41⁴3

781 246 892 278 fitetur
903 268 913 285 ‚
928 246 969 277 de
987 246 1145 286 veritate3
1164 248 1196 278 et
1211 249 1267 287 qui
1282 258 1398 282 avarus
1411 253 1482 288 est,

782 293 822 324 de
836 293 1056 324 retributione
1077 292 1198 323 futura.
1220 294 1340 325 Eodem
1357 305 1487 335 quoquo

781 339 876 369 modo
902 339 1106 369 considerare
1130 340 1182 370 est
1209 339 1243 370 et
1267 341 1387 371 caetera
1417 351 1487 380 qua».

782 385 974 423 sequuntur.
990 384 1118 415 Etenim
1129 384 1157 414 si
1173 393 1318 424 eousque
1328 385 1488 423 proficias,

783 430 819 460 ut
832 430 971 469 propriae
986 430 1197 461 abrenunties
1212 431 1376 462 voluntati
1391 452 1401 469 ,
1419 439 1489 461 ccr-

783 475 944 506 tissimum
960 474 1048 506 istud
1060 476 1109 506 est
1123 475 1244 507 divinae
1262 475 1487 506 testimonium

783 521 950 552 bonitatis.
965 521 1109 552 Veniens
1124 521 1282 552 nimirum
1296 529 1361 552 non
1379 521 1470 551 tuam
1480 542 1489 558 ‚

783 568 840 598 sed
852 567 952 606 ipsius
967 567 1075 598 facere
1087 568 1291 599 voluntatem
1301 589 1310 606 ‚
1326 575 1473 598 commen
1482 582 1490 586 -

783 613 839 644 das
854 614 1024 653 magnifice
1036 636 1045 653 ,
1065 621 1164 653 quam
1179 614 1226 644 sic
1249 613 1400 653 praefers,
1422 613 1488 643 cla-

784 667 875 689 mans
903 668 969 690 non
994 660 1116 698 verbo,
1145 668 1256 699 neque
1277 660 1408 698 lingua,
1431 659 1490 689 sed

783 714 882 745 opere
903 707 938 736 et
960 706 1099 738 veritate
1114 715 1124 737 :
1139 706 1219 746 quia
1241 714 1339 737 nemo
1364 707 1490 744 honus,

784 752 847 782 nisi
864 752 952 783 solus
966 753 1067 782 Deus.

824 798 855 828 7.
868 797 1024 837 Superest
1034 798 1071 828 ut
1082 797 1337 836 perseverantiae
1346 795 1490 828 studeas.

784 844 858 875 Haec
871 845 960 875 enim
971 844 1034 875 viae
1049 845 1286 875 consummatio
1300 843 1369 883 est,
1383 843 1418 874 et
1428 844 1492 873 tes-

784 890 959 921 timonium
980 890 1081 921 habet
1094 889 1300 921 aeternitatis.
1315 890 1426 928 Imago
1447 888 1492 918 si·-

784 936 920 975 quidem
947 936 1140 967 aeternitatis
1168 937 1288 967 divinae
1298 957 1309 975 ‚
1336 943 1493 974 perseve-

785 982 891 1012 rantia
923 983 973 1013 est
999 982 1255 1013 conversationis
1281 982 1422 1020 nostrae3
1451 981 1490 1012 ut

785 1027 946 1066 quomodo
968 1027 1039 1066 ipse
1055 1028 1126 1066 est,
1146 1027 1191 1058 ita
1207 1029 1241 1058 et
1260 1035 1319 1057 nos
1340 1027 1442 1057 simus
1458 1026 1492 1056 in

786 1073 846 1104 hoc
860 1073 980 1104 saeculo
992 1095 1002 1113 ,
1018 1073 1380 1104 incommutabilitatem
1402 1073 1494 1103 illam

786 1127 844 1157 pro
869 1119 1001 1149 modulo
1024 1119 1253 1159 possibilitatis
1273 1118 1392 1150 nostrae
1417 1119 1496 1149 imi-

786 1165 904 1196 tantes.
919 1165 1003 1195 Hinc
1015 1166 1136 1204 quippe
1147 1165 1284 1204 Sapiens
1297 1164 1362 1195 ait:
1376 1165 1496 1195 Stultus

786 1212 819 1240 ut
830 1211 906 1241 lima
916 1212 1070 1248 mutatur,
1081 1213 1203 1251 sapiens
1217 1212 1378 1250 permanet
1391 1212 1426 1241 ut
1436 1211 1495 1241 sol.

786 1256 861 1286 Haec
877 1257 927 1287 est
942 1264 1017 1295 ergo
1038 1257 1092 1287 via
1106 1278 1116 1295 ,
1133 1256 1362 1295 dilectissimi,
1379 1256 1494 1286 ambu-

786 1302 851 1332 late
881 1302 916 1332 in
944 1311 984 1333 ea
1007 1310 1016 1332 :
1038 1302 1195 1342 quoniam
1220 1302 1425 1333 ascendendo
1452 1302 1494 1333 de

786 1347 910 1379 virtute
923 1348 957 1379 in
969 1348 1127 1380 virtutem
1140 1349 1307 1380 videbitur
1318 1349 1405 1379 Deus
1417 1348 1496 1378 deo-

786 1402 858 1423 rum
875 1394 910 1424 in
925 1394 1013 1425 Sion.
1030 1395 1077 1425 Ad
1092 1394 1185 1432 cujus
1205 1393 1342 1433 gloriam
1358 1393 1495 1424 visionis

787 1439 855 1477 ipse
870 1447 928 1470 nos
942 1440 1102 1478 perducat
1115 1440 1276 1470 Dominus
1289 1439 1449 1470 virtutum
1462 1439 1496 1469 et

786 1486 858 1515 Rex
883 1486 994 1523 gloriae
1006 1507 1016 1524 a
1041 1486 1098 1525 qui
1124 1486 1174 1517 est
1195 1485 1269 1525 via,
1294 1485 1435 1525 veritas,
1462 1485 1496 1516 et

785 1531 853 1563 vita
863 1553 872 1571 ,
883 1532 977 1563 Jesus
991 1532 1137 1564 Christus
1148 1532 1307 1563 Dominus
1321 1533 1442 1563 noster.

977 1642 1151 1677 SERMO
1181 1644 1307 1678 CXII.

842 1715 1022 1746 Convertere
1050 1715 1160 1745 anima
1194 1723 1265 1745 mea
1296 1716 1329 1745 in
1361 1716 1496 1755 requiem

788 1761 886 1791 tuam.
913 1759 1052 1790 Laborat
1076 1760 1109 1790 et
1137 1760 1316 1798 requiescit
1331 1761 1439 1791 anima
1460 1762 1495 1791 in

788 1806 987 1836 conscientia
1000 1826 1009 1843 ‚
1019 1805 1096 1844 quia
1108 1807 1305 1837 conscientia
1321 1807 1384 1838 alia
1396 1809 1494 1847 bona,

789 1853 822 1883 et
844 1859 911 1882 non
935 1851 1138 1890 tranquilla:
1160 1851 1226 1882 alia
1246 1853 1441 1893 tranquilla,
1464 1855 1498 1885 et

789 1906 855 1928 non
879 1897 966 1928 bona
987 1906 996 1927 z
1023 1897 1088 1927 alia
1115 1905 1178 1928 nec
1206 1899 1406 1938 tranquilla,
1431 1908 1495 1931 nec

787 1944 871 1973 bona
890 1943 977 1974 :alia
996 1943 1099 1982 bona,
1123 1944 1157 1974 et
1177 1944 1366 1983 tranquilla.
1392 1946 1497 1976 Tran—

787 1989 908 2028 quilla‚
925 1989 960 2020 et
980 1997 1046 2019 non
1062 1990 1146 2020 bona
1163 1997 1277 2020 eorum
1292 1992 1341 2021 est
1353 2013 1364 2030 ,
1387 1992 1445 2031 qui
1461 1992 1496 2022 in

788 2044 844 2075 spe
868 2036 1025 2074 peccant,
1049 2035 1083 2066 et
1104 2035 1217 2066 dicunt
1239 2036 1274 2066 in
1295 2037 1390 2068 corde
1414 2046 1496 2076 suo,

788 2082 872 2121 quod
884 2083 971 2112 Deus
985 2090 1049 2112 non
1057 2082 1221 2120 requiret:
1235 2083 1269 2113 et
1279 2082 1340 2113 ista
1352 2083 1497 2115 maxime

788 2127 1057 2158 adolescentium.
1066 2129 1153 2158 Bona
1162 2149 1172 2165 ,
1185 2129 1218 2159 et
1227 2136 1292 2159 non
1303 2129 1496 2169 tranquilla,

789 2182 899 2204 eorum
915 2174 982 2211 est,
999 2173 1055 2212 qui
1068 2172 1136 2211 jam
1152 2173 1302 2205 conversi
1324 2174 1365 2204 ad
1383 2175 1496 2205 Domi-

788 2229 866 2250 num
876 2242 885 2258 ,
898 2219 1080 2258 recogitant
1090 2227 1191 2250 annos
1203 2228 1277 2250 suos
1289 2220 1324 2250 in
1339 2221 1497 2252 amaritun

788 2267 877 2296 dine.
890 2266 955 2296 Nec
970 2266 1072 2304 bona,
1089 2274 1150 2296 nee
1165 2266 1353 2306 tranquilla,
1367 2275 1495 2307 eorum,

788 2312 843 2351 qui
870 2321 936 2351 prae
962 2312 1177 2342 multitudine
1201 2313 1411 2351 peccatorum
1436 2314 1495 2344 dc—

789 2359 1026 2397 sperant.Bona
1041 2358 1075 2388 et
1086 2358 1279 2398 tranquilla,
1293 2366 1407 2389 eorum
1418 2382 1426 2398 ,
1439 2361 1494 2399 qui

789 2413 920 2435 carnem
940 2403 1071 2442 spiritui
1086 2404 1328 2435 subdiderunt:
1347 2405 1404 2444 qui
1420 2414 1493 2436 cuin

789 2450 840 2480 his
864 2451 920 2489 qui
941 2449 1081 2480 oderunt
1100 2458 1212 2488 pacem
1227 2472 1236 2488 ,
1256 2451 1332 2480 sunt
1352 2451 1477 2488 pacifici

789 2496 848 2526 Hic
870 2496 920 2527 est
933 2496 1037 2526 lectus
1052 2496 1168 2526 animae
1185 2504 1193 2526 ι
1211 2497 1245 2526 in
1262 2496 1322 2526 hoc
1345 2496 1491 2534 requiem

790 2542 875 2581 capit
888 2542 1013 2579 anima,
1030 2542 1087 2572 sed
1102 2549 1167 2572 non
1187 2541 1379 2581 perfectam.
1396 2542 1493 2579 opor--⁵

788 2589 838 2619 tet
852 2588 962 2619 autem
978 2589 1014 2619 ut
1028 2587 1207 2626 perfectam
1223 2587 1322 2625 possit
1337 2588 1491 2624 przestare

790 2634 955 2673 requiem,
970 2642 1035 2665 non
1050 2634 1153 2663 solum
1170 2633 1252 2661 bona
1273 2632 1304 2661 ct
1318 2632 1490 2670 tranquilla
