1810 3073
515 204 560 232 IN
582 203 782 232 CANTICA
805 202 954 232 SERMO
977 205 1020 234 ΙΙ.

65 255 240 287 confundor
265 256 298 287 in
314 255 521 296 meinetipso3
538 258 571 289 et
585 266 672 288 nunc
697 257 754 287 vix

62 303 211 332 contineo
237 303 408 342 lacrymas,
435 305 479 334 iia
508 304 610 342 pudet
634 303 754 341 teporis

63 347 261 386 torporisque
299 349 533 379 miserabilium
574 349 753 386 temporum

61 391 185 422 horum.
207 394 264 423 Cui
287 402 425 432 namque
456 395 601 424 nostrum
627 392 753 424 tantum

58 437 182 476 ingerat
198 439 351 477 gaudium
366 440 477 477 gratiae
503 440 599 475 hujus
623 437 754 468 exhibi-

57 483 120 521 tio,
137 486 292 522 quantum
309 486 432 515 Sanctis
446 484 612 515 veteribus
637 491 753 513 accen-

55 529 147 559 derat
162 530 357 560 desiderium
371 530 538 569 promissio
550 529 651 559 ?Ecce
664 529 751 558 enim

55 584 151 614 quam
176 577 271 606 multi
289 577 321 606 in
339 577 398 606 hac
411 577 499 613 ejus,
516 584 586 613 quae
603 574 749 612 proxime

54 622 247 652 celebranda
263 622 330 660 est,
354 620 529 652 Nativitate
545 620 749 658 gaudebunt!

53 667 110 697 sed
123 668 245 697 utinam
263 668 301 697 de
319 666 508 704 nativitate,
521 673 585 695 non
601 665 640 694 de
660 665 750 694 vani-

53 714 138 744 tate!
161 714 292 743 Illorum
305 720 378 750 ergo
393 711 590 741 desiderium
613 710 749 748 flagrans

52 759 86 789 et
106 759 168 797 piae
192 757 444 797 exspectationis
470 757 620 786 affectum
648 757 749 794 spirat

52 805 134 834 mihi
150 813 215 835 vox
230 805 289 834 ista
307 813 314 833 :
332 804 488 834 Osculetur
500 812 548 832 me
570 803 670 832 osculo
687 803 748 833 oris

50 852 109 881 sui.
126 850 276 880 Senserat
288 848 442 879 nimirum
466 847 500 877 in
512 848 645 886 spiritu,
659 848 748 886 quis-

50 896 123 934 quis
158 896 236 925 tunc
275 894 453 934 spiritualis
489 903 558 924 esse
599 895 746 932 poterat,

50 942 170 979 quanta
187 940 267 970 foret
280 940 381 979 gratia
393 940 548 969 ‹liffusain
562 940 656 969 labiis
669 939 745 969 illis.

49 986 224 1024 Propterea
245 986 380 1023 loquens
401 985 438 1014 in-
455 985 615 1015 desiderio
631 985 747 1015 animae

51 1031 180 1070 aiebat,
196 1032 353 1062 Osculelm·
367 1040 414 1060 ine
429 1031 528 1060 osculo
546 1031 606 1060 oris
617 1031 681 1068 smy-
698 1030 748 1060 ni-

48 1078 166 1107 mirum
184 1077 376 1106 omnimodis
399 1077 534 1114 cupiens
557 1076 653 1106 tantae
674 1085 748 1107 sua-

48 1123 159 1153 vitatis
171 1122 341 1161 partiprio
356 1130 419 1151 non
435 1121 587 1151 fraudari.

83 1169 114 1199 2.
131 1168 266 1198 Dicebat
288 1167 374 1197 enim
396 1166 560 1205 perfectus
584 1167 719 1206 quisque
737 1176 745 1197 z

47 1215 116 1251 Quo
127 1213 207 1242 mihi
220 1221 274 1242 ora
286 1212 354 1241 haec
367 1211 597 1240 seminiverbia
608 1213 749 1250 Prophe-

45 1258 170 1290 tarum?
186 1259 256 1296 Ipse
270 1257 378 1295 potius
393 1257 554 1294 speciosus
570 1256 669 1285 forma
682 1266 746 1294 prae

46 1305 122 1335 filiis
132 1303 314 1340 hominum,
325 1303 393 1341 ipse
404 1310 455 1331 me
468 1302 629 1331 osculetur
638 1304 746 1332 osculo

46 1350 112 1379 oris
127 1349 188 1380 sui.
208 1349 275 1378 Non
290 1347 386 1376 audio
397 1348 463 1384 Jam
478 1347 606 1384 Moysen
623 1355 630 1375 ε
644 1347 746 1385 impe-

37 1395 164 1425 ditioris
171 1393 330 1432 siquidem
343 1393 462 1430 linguae
475 1392 577 1422 factus
590 1394 638 1423 est
650 1393 743 1423 mihi.

45 1439 136 1469 Isaiae
160 1439 246 1468 labia
268 1438 434 1467 immunda
462 1439 536 1467 sunt
563 1439 745 1469 :Jeremias

44 1485 151 1515 nescit
161 1484 263 1522 loqui,
273 1484 347 1522 quia
364 1492 445 1522 puer
456 1484 504 1513 est
518 1492 526 1512 :
538 1484 744 1522 etProphetae

44 1538 156 1560 omnes
172 1530 318 1568 elingues
333 1529 419 1558 sunt.
437 1530 508 1566 Ipse
520 1551 528 1567 ,
555 1530 624 1567 ipse
646 1539 744 1568 quem

42 1576 232 1614 loquuntur,
241 1576 309 1614 ipse
321 1575 471 1612 loquatur
484 1583 491 1603 :
506 1574 574 1612 ipse
589 1583 640 1603 me
654 1583 744 1604 oscu-

42 1622 131 1651 letur
145 1621 254 1651 osculo
266 1620 330 1650 oris
342 1620 403 1650 sui.
413 1621 478 1649 Non
492 1620 525 1648 ln
539 1620 673 1658 eisjam,
688 1621 744 1650 aut

42 1675 103 1705 per
125 1675 178 1696 eos
190 1666 342 1704 loquatur
363 1666 443 1694 mihi
457 1688 465 1703 ‚
481 1666 634 1704 quoniam
650 1667 744 1696 tene-

42 1712 135 1742 brosa
149 1720 231 1750 aqua
246 1712 281 1741 in
302 1711 443 1741 nubibus
469 1712 553 1742 aeris
570 1721 578 1740 :
599 1712 655 1742 sed
673 1713 742 1751 ipse

41 1766 95 1787 me
125 1758 290 1787 osculetur
319 1757 427 1786 osculo
456 1757 520 1786 oris
545 1758 595 1787 sui
610 1779 618 1795 ,
651 1759 743 1794 cujus

41 1802 612 1841 gratiosapraesentia,etadmirandae
620 1802 742 1834 fluenta

41 1849 195 1879 doctrinae
210 1848 289 1877 fiant
304 1847 337 1877 in
349 1856 401 1877 me
414 1847 484 1877 fons
495 1856 585 1885 aquae
598 1848 742 1879 salientis

40 1894 76 1924 in
99 1895 201 1925 vitam
226 1895 393 1924 aeternam.
410 1894 513 1930 Quem
529 1894 624 1923 unxit
648 1895 755 1925 Pater*

39 1941 111 1971 oleo
126 1940 249 1971 laetitiae
262 1948 328 1978 prae
344 1939 543 1969 consortibus
556 1939 632 1976 suis,
645 1948 741 1969 num-
753 1957 754 1976 l

39 1986 118 2024 quid
132 1995 197 2016 non
218 1994 261 2016 ex
283 1986 353 2024 ipso
369 1984 452 2014 mihi
474 1985 608 2015 uberIOr
630 1980 754 2016 infun—3

39 2031 127 2061 ditur
141 2031 264 2070 gratia?
279 2032 306 2061 si
321 2032 430 2061 tamen
445 2031 595 2068 dignetur
614 2040 666 2062 me
689 2042 753 2066 os-;

39 2077 141 2107 culari
170 2078 279 2108 osculo
311 2077 376 2106 oris
409 2077 471 2106 sui.
495 2077 592 2114 Cujus
624 2078 738 2117 utique

35 2130 144 2154 sermo
165 2123 262 2153 vivus
289 2123 322 2152 et
344 2122 462 2152 efficax
488 2123 635 2152 osculum
656 2124 737 2154 milii

38 2168 105 2207 est,
121 2176 186 2198 non
201 2167 333 2206 quidem
349 2167 532 2204 conjunctio
556 2169 716 2199 labiorum
728 2192 736 2208 ,

36 2222 109 2252 quae
124 2213 289 2243 interdum
302 2221 415 2250 pacem
440 2213 597 2243 mentitur
613 2215 738 2245 animo—

35 2267 127 2296 rum3
158 2259 214 2289 sed
241 2259 337 2296 plane
371 2257 490 2288 infusio
524 2259 735 2299 gaudiorum,

35 2304 194 2334 revelatio
209 2304 407 2333 secretorum
418 2326 427 2341 ,
443 2304 526 2334 mira
540 2306 688 2342 quaedam
704 2308 737 2338 et

34 2349 174 2387 quodam
189 2348 283 2378 modo
295 2348 469 2378 indiscreta
481 2350 670 2381 commixtio
685 2360 737 2382 su-

34 2394 129 2433 perni
155 2394 289 2424 luminis
321 2394 354 2424 et
383 2394 577 2425 illuminatae
602 2397 733 2428 mentis.

33 2440 209 2469 Adhaerens
235 2439 355 2478 quippe
384 2440 474 2478 Deo,
493 2448 577 2470 unus
601 2442 735 2480 spiritus

35 2484 95 2514 est.
111 2485 225 2514 Merito
245 2484 380 2522 proinde
396 2485 539 2514 visiones
562 2487 595 2516 et
609 2488 734 2518 somnia

33 2537 97 2560 non
111 2530 234 2568 recipio
246 2552 255 2568 ,
271 2529 388 2568 figuras
399 2530 433 2559 et
448 2530 618 2568 aenigmata
634 2533 708 2563 nolo
722 2543 731 2572 ;

1425 213 1483 243 455

790 266 881 288 meus
903 259 1013 297 specie
1036 267 1092 290 sua
1114 261 1147 291 et
1170 260 1389 300 pulcritudine
1412 275 1481 296 sua.

786 305 853 332 Non
870 312 944 343 ergo
959 305 1059 334 alium
1072 306 1140 337 sive
1153 309 1302 345 angelum
1314 331 1323 346 ‚
1340 310 1408 341 sive
1424 312 1480 340 ho-

786 348 926 388 minem,
946 350 1002 380 sed
1028 352 1132 390 ipsum
1161 353 1238 390 peto
1266 355 1404 384 osculari
1430 365 1482 386 me

785 395 893 424 osculo
920 396 982 426 oris
1003 397 1064 426 sui.
1082 398 1146 427 Nec
1161 406 1237 428 sane
1256 407 1414 437 praesumo
1429 409 1481 431 me

785 439 962 470 osculatum
978 441 1019 471 iri
1035 443 1074 472 ab
1090 451 1145 473 ore
1164 443 1265 482 ipsius
1276 466 1285 482 ,
1309 443 1379 484 (est
1395 446 1483 475 enim

785 484 844 514 hoc
860 487 1018 525 assumpti
1035 488 1175 518 hominis
1195 490 1300 520 unicae
1316 489 1482 520 felicitatis

784 531 815 558 et
830 532 1050 570 praerogativae
1066 534 1240 572 singularis
1257 543 1264 564 :
1279 534 1289 574 )
1306 534 1362 565 sed
1374 535 1483 564 humi-

783 574 845 605 lius
861 576 901 606 ab
917 578 1025 607 osculo
1038 579 1101 608 oris
1114 580 1162 609 sui
1176 581 1252 617 peto
1267 588 1318 610 me
1330 579 1482 610 osculari.

781 620 873 657 Quod
892 631 1063 654 commune
1078 625 1193 663 utique
1210 627 1259 656 est
1282 626 1457 655 multorum
1472 647 1482 663 ,

782 667 838 704 qui
864 667 974 699 dicere
995 671 1131 707 possunt
1148 679 1156 700 :
1173 673 1216 701 Et
1238 680 1295 702 ‘nos
1321 680 1424 702 omnes
1447 672 1482 701 de

778 712 963 749 plenitudine
978 715 1042 752 ejus
1055 718 1239 755 accepimus.

819 758 1033 791 5.1ntendite.
1050 762 1097 792 Sit
1109 770 1142 792 os
1158 762 1323 801 osculans,
1335 761 1481 792 Verbum

778 810 960 843 assumens3
976 808 1167 846 osculatum,
1179 815 1251 837 caro
1261 816 1331 846 quae
1347 808 1482 837 assumi-

781 849 852 879 tur:
869 853 1011 882 osculum
1038 861 1127 891 vero,
1143 853 1228 892 quod
1244 853 1366 892 pariter
1377 853 1418 882 ab
1431 862 1481 883 os-

778 895 905 925 culante
921 897 953 926 et
968 898 1109 928 osculato
1132 898 1317 936 conficitur,
1341 899 1480 928 Persona

779 940 846 977 ipsa
862 941 987 972 scilicet
1002 951 1044 972 ex
1056 944 1193 982 utroque
1212 945 1395 982 compacta,
1413 951 1480 974 me-

778 986 881 1016 diator
903 988 963 1017 Dei
985 989 1019 1018 et
1044 989 1210 1019 hommum
1226 990 1322 1019 homo
1336 988 1481 1019 Christus

776 1032 879 1062 Jesus.
890 1034 956 1063 Hac
967 1042 1041 1072 ergo
1051 1035 1177 1064 ratione
1188 1034 1376 1064 Sanctorum
1383 1042 1479 1064 nemo

778 1076 885 1107 dicere
913 1081 1147 1118 praesumebat,
1162 1080 1331 1110 Osculetur
1353 1088 1406 1110 me
1422 1088 1478 1110 ore

777 1130 853 1160 su03
877 1125 933 1153 sed
955 1125 1080 1155 tantum
1103 1126 1299 1169 osculoloris
1324 1126 1398 1155 sui:
1416 1125 1478 1163 ipsi

776 1176 851 1197 sane
883 1171 1050 1200 servantes
1084 1171 1330 1208 praerogativam
1364 1170 1476 1208 istam,

778 1212 828 1240 cui
845 1213 1052 1251 singulariter
1072 1216 1235 1253 semelque
1252 1223 1286 1244 os
1301 1215 1398 1245 Verbi
1415 1216 1477 1244 im-

777 1264 921 1292 pressum
937 1259 1013 1288 tunc
1029 1260 1094 1297 est,
1110 1268 1182 1289 cum
1199 1260 1228 1289 ei
1245 1269 1278 1289 se
1304 1259 1477 1297 corporali-

777 1302 825 1329 ter
837 1303 1005 1340 plenitudo
1017 1305 1120 1335 omnis
1134 1306 1314 1336 divinItatis
1330 1306 1475 1337 indulsit.

776 1347 865 1377 Felix
882 1350 1024 1379 osculum
1035 1372 1044 1388 ,
1061 1359 1097 1381 ac
1113 1352 1271 1389 stupenda
1286 1351 1474 1389 dignatione

776 1392 940 1432 mirabile,
956 1395 991 1424 in
1006 1404 1068 1434 quo
1094 1405 1158 1425 non
1182 1404 1216 1426 os
1242 1397 1288 1426 ori
1314 1396 1475 1434 imprimi-

775 1437 842 1476 tur,
870 1440 926 1469 sed
954 1441 1041 1470 Deus
1066 1442 1190 1471 homini
1220 1442 1343 1472 unitur.
1366 1443 1404 1472 Et
1427 1442 1474 1471 ibi

773 1483 903 1521 quidem
916 1487 1082 1517 contactus
1093 1487 1252 1517 labiorum
1269 1489 1475 1527 complexum

773 1529 931 1566 significat
956 1532 1138 1562 annnorum
1156 1541 1163 1562 :
1181 1533 1234 1563 hic
1264 1535 1372 1564 autem
1397 1541 1474 1563 con-

773 1573 940 1606 foederatio
968 1579 1155 1608 naturarum
1184 1579 1304 1609 divinis
1331 1580 1473 1609 humana

773 1622 951 1660 componit,
967 1632 1038 1661 quse
1053 1624 1086 1653 in
1103 1625 1188 1654 terra
1204 1627 1294 1663 sunt,
1309 1627 1340 1655 et
1352 1634 1423 1664 quae
1438 1627 1472 1657 in

772 1666 862 1695 coelis
877 1669 1059 1705 pacificans.
1078 1672 1142 1709 Ipse
1164 1673 1205 1701 est
1230 1673 1309 1701 enim
1322 1681 1389 1710 pax
1404 1682 1474 1703 nos-

773 1714 838 1750 tra,
852 1715 904 1751 qui
917 1715 986 1751 fecit
1002 1717 1132 1754 utraque
1148 1726 1257 1746 unum.
1273 1717 1319 1746 Ad
1335 1718 1395 1747 hoc
1410 1718 1473 1756 igi—-

772 1758 824 1786 tur
857 1760 998 1789 osculum
1027 1762 1155 1790 sanctus
1184 1762 1318 1800 quisque
1346 1763 1472 1801 antiqui

772 1804 925 1841 temporis
941 1806 1139 1843 suspirabat3
1157 1815 1194 1836 eo
1210 1808 1295 1844 quod
1321 1807 1472 1844 jucundi-

772 1847 870 1877 tatem
900 1849 933 1878 et
971 1851 1223 1880 exsultationem
1259 1852 1471 1883 thesaurizari

770 1902 867 1931 snper
884 1903 956 1924 eum
967 1916 976 1932 ,
993 1896 1025 1925 et
1041 1896 1207 1926 thesauros
1221 1905 1331 1927 omnes
1344 1899 1472 1937 sapien-

769 1939 821 1968 tiae
836 1940 868 1969 et
883 1941 1026 1971 scientiae
1042 1942 1075 1971 in
1089 1943 1157 1980 ipso
1172 1943 1374 1973 absconditos
1388 1953 1471 1983 prae-

767 1986 945 2024 sentirent,
960 1988 1181 2026 cuperentque
1205 1989 1237 2018 et
1256 1988 1319 2027 ipsi
1336 1989 1375 2019 de
1397 1991 1470 2029 ple-

768 2030 916 2061 nitudine
931 2032 1004 2069 ejus
1025 2034 1184 2071 accipere.

806 2076 837 2106 [ι.
855 2077 963 2108 Sentio
973 2100 982 2116 ,
997 2079 1106 2117 placet
1120 2079 1211 2108 vobis
1226 2078 1310 2117 quod
1325 2079 1467 2111 dicitur:

766 2122 823 2152 sed
838 2123 975 2162 accipite
1005 2125 1038 2154 et
1065 2125 1163 2154 alium
1179 2133 1319 2155 sensum.
1335 2126 1404 2155 Non
1421 2127 1469 2156 la-

767 2168 830 2198 tuit
844 2168 976 2199 Sanctos
991 2170 1025 2200 et
1040 2171 1114 2200 ante
1129 2170 1306 2200 adventum
1323 2170 1468 2202 Salvato-

766 2212 808 2242 ris
817 2235 827 2250 ,
843 2215 947 2244 Deum
960 2223 1057 2253 super
1068 2216 1252 2245 mortalium
1266 2224 1366 2254 genus
1381 2218 1470 2256 cogi-

766 2259 833 2289 tare
851 2260 1060 2297 cogitationes
1081 2261 1182 2299 pacis.
1198 2262 1262 2291 Nec
1279 2262 1366 2291 enim
1381 2262 1468 2293 face-

764 2304 816 2333 ret
841 2306 983 2335 verbum
1007 2314 1106 2344 super
1131 2306 1270 2344 terram,
1295 2308 1380 2345 quod
1403 2317 1468 2339 non

764 2351 928 2381 revelaret
959 2351 1062 2382 servis
1090 2351 1156 2381 suis
1182 2352 1364 2390 Prophetis.
1393 2354 1468 2385 Erat

765 2396 871 2426 tamen
886 2396 1025 2427 verbum
1040 2397 1101 2427 hoc
1113 2397 1336 2427 absconditum
1349 2406 1367 2427 a
1380 2399 1467 2428 mul-

766 2442 815 2471 tis.
841 2442 916 2472 Fuit
939 2450 1078 2481 namque
1104 2442 1139 2472 in
1163 2443 1310 2481 tempore
1325 2443 1381 2473 illo
1394 2452 1466 2473 rara

764 2487 841 2518 tides
855 2487 889 2517 in
904 2487 1015 2526 terris,
1033 2487 1066 2517 et
1081 2488 1190 2518 tenuis
1204 2488 1376 2518 admodum
1392 2496 1464 2526 spes

763 2533 797 2562 in
827 2533 976 2572 pluribus
1002 2541 1128 2572 quoque
1158 2533 1287 2563 illorum
1298 2554 1307 2570 ,
1323 2533 1378 2570 qui
1404 2541 1464 2562 ex-

32 2575 119 2613 ipsas
135 2583 263 2614 quoque
276 2575 438 2614 angelicas
453 2575 582 2605 fastidio
594 2578 731 2615 species.
763 2579 954 2617 spectabant
987 2578 1246 2618 redemptionem
1272 2577 1380 2607 Israel.
1402 2578 1463 2614 Qui

34 2620 162 2659 Quippe
189 2621 223 2651 et
250 2620 337 2660 ipsos
362 2621 456 2668 longe
483 2622 614 2661 superat
641 2623 732 2655 Jesus
766 2632 843 2656 vero
857 2624 1091 2664 praesciebant,
1111 2624 1175 2663 ipsi
1194 2624 1228 2654 et
1247 2622 1463 2662 praedicebant
