1830 3073
323 201 382 232 108

320 254 514 287 consortem.
536 256 650 288 Contra
681 257 742 288 hoc
770 259 943 296 peccatum
972 257 1021 286 est

318 301 407 332 istud
421 303 602 333 remedium
616 313 624 333 z
638 305 728 335 Beati
741 305 795 343 qui
807 305 910 342 lugent
918 324 928 340 ‚
945 312 1020 342 quo-

319 348 405 377 niam
416 349 472 387 ipsi
485 349 735 380 consolabuntur.

359 393 389 422 2.
399 393 552 431 Quartum
560 396 729 433 peccatum
738 392 898 424 commisit
906 392 1019 430 Adam,

317 440 374 477 qui
403 441 577 470 consensit.
602 441 704 470 Adam
729 439 839 475 enim,
865 439 949 468 sicut
975 438 1021 468 ait

317 486 498 524 Apostolus,
508 495 569 516 non
581 487 623 515 est
633 486 771 516 seductus
779 507 790 522 ,
799 485 1022 515 mulien-autem

316 532 440 561 seducta
464 533 497 561 in
518 532 772 569 proeraricatione
793 532 862 568 tuit.
889 530 947 560 Illa
963 538 1021 568 per

317 576 550 613 ignorantiam,
566 575 627 604 iste
643 575 793 613 peccavit
808 583 868 614 per
883 575 1021 605 infirmi-

316 621 430 650 tatem.
446 620 599 650 Peccavit
611 622 720 649 autem
740 621 839 650 nimis
855 620 1020 658 diligendo

318 675 472 704 uxorem,
488 674 552 696 non
567 667 643 704 quia
660 666 731 704 ejus
749 667 952 697 voluntatem
972 667 1021 696 fe-

317 711 381 749 cit‚
402 711 458 741 sed
485 712 560 750 quia
583 721 656 742 eam
683 713 847 743 voluntati
875 712 1021 751 praetulit

316 757 449 787 divinae.
474 758 565 788 Unde
589 760 623 789 et:
645 767 664 788 a
685 759 824 788 Domino
845 758 876 788 ei
897 759 1021 789 dictum

316 804 365 833 est
381 812 390 832 ε
407 805 470 833 Pro
481 813 515 834 eo
528 806 607 843 quod
622 805 747 834 obedesti
760 806 828 835 voci
841 805 949 835 uxoris
962 806 1020 834 tuoe

313 848 479 887 plusquam
494 859 568 880 mese
579 872 590 887 ‚
604 851 766 880 maledicta
788 852 872 880 terra
887 851 919 880 iu
933 859 1021 888 opere

316 896 381 923 tuo.
391 895 518 924 Justum
533 896 656 934 quippe
671 897 758 933 erat,
771 896 809 925 ut
821 895 907 925 illius
919 896 1021 933 magis

315 941 520 972 voluntatem
542 942 683 980 faceret,
707 942 758 972 cui
776 943 848 981 plus
863 942 1019 972 debebat.

315 986 394 1023 Quis
418 996 498 1018 vero
523 988 667 1025 ambigat
691 989 766 1027 plus
794 997 870 1018 eum
898 988 1020 1018 debere

316 1033 495 1072 conditori,
509 1042 606 1073 quam
621 1034 915 1072 uxori'5'Siquidem
926 1033 1021 1063 uxori
1034 1046 1036 1057 ι

316 1080 387 1108 erat
409 1080 583 1110 adstrictus
608 1081 735 1111 tanturn
770 1088 829 1118 per
857 1088 1020 1118 amorem,

315 1124 383 1154 Deo
395 1126 505 1156 autem
520 1135 580 1165 per
601 1128 752 1157 timorem
764 1126 862 1157 simul
881 1127 914 1156 et
932 1134 1020 1155 amo-

315 1177 397 1200 rem.
422 1172 496 1202 Plus
517 1181 594 1210 ergo
622 1173 809 1203 debuerunt
830 1172 940 1203 valere
957 1171 1020 1200 duo

315 1215 446 1247 vincula
475 1218 515 1248 ad
541 1219 721 1249 tenendum
757 1227 830 1248 cum
860 1226 935 1255 erga
960 1217 1020 1246 Dei

315 1264 536 1301 praeceptum,
558 1272 655 1302 quam
673 1273 774 1293 unum
795 1265 922 1294 tantum
946 1271 1019 1301 erga

315 1308 464 1345 conjugis
480 1309 642 1338 affectum.
663 1309 778 1339 Contra
793 1309 854 1339 hoc
870 1309 1018 1347 quartum

315 1356 487 1390 peccatum
513 1355 697 1384 adhibitum
727 1357 776 1385 est
798 1355 983 1385 remedium
1010 1362 1017 1382 :

314 1399 407 1429 Beati
425 1402 478 1438 qui
501 1403 641 1431 esuriunt
666 1403 695 1431 et
716 1402 822 1431 sitiunt
841 1401 1019 1439 justitiam,

315 1447 464 1482 quoniam
480 1447 537 1484 ipsi
550 1447 790 1477 saturabzmtur.
807 1446 930 1476 Habuit
948 1446 1021 1484 qui-

314 1490 391 1520 dem
404 1491 503 1521 Adam
517 1492 680 1529 justitiam
691 1515 700 1531 ,
715 1501 732 1522 a
744 1493 831 1530 justo
846 1494 914 1523 Deo
930 1500 1021 1522 crea·

315 1538 368 1567 ius
381 1538 486 1575 justus
509 1548 517 1567 ε
533 1539 591 1569 sed
609 1540 685 1578 quia
698 1548 761 1570 non
778 1548 849 1569 eam
863 1548 904 1569 ex
917 1539 1020 1568 libero

315 1584 452 1614 arbitrio
467 1585 608 1623 direxit,
633 1585 730 1616 facile
747 1587 787 1615 ab
810 1594 847 1615 ea
861 1594 920 1624 per
935 1585 1020 1614 idem

315 1628 458 1660 liberum
474 1632 648 1661 arbitrium
661 1632 813 1662 defluxit.
829 1632 898 1669 Quo
911 1632 1020 1661 contra

317 1675 438 1705 dicitur
454 1685 513 1715 per
528 1677 733 1707 Psalmistam
748 1677 788 1707 dc
804 1678 929 1707 Christo
948 1679 1024 1708 :Di-

316 1721 613 1759 lexistijustitiam,
639 1725 668 1753 et
696 1724 786 1753 odisti
816 1724 1020 1761 iniquitatem.

315 1767 474 1803 Quintum
487 1776 576 1806 aeque
586 1769 758 1807 peccatum
771 1770 952 1808 commisit,
967 1770 1020 1808 qui

315 1813 482 1850 propriam
505 1814 635 1852 culpam
656 1815 787 1845 retorsit
809 1815 844 1844 in
865 1823 1021 1854 uxorem,

317 1868 390 1889 cum
412 1860 482 1889 ait:
506 1861 616 1890 Mulier
632 1869 726 1899 quam
751 1862 857 1891 dedisti
879 1862 957 1892 mihi
975 1871 1022 1892 so-

315 1906 417 1942 ciam,
444 1906 523 1935 dedit
551 1906 628 1935 mihi
651 1908 686 1937 de
712 1907 813 1945 liquo,
841 1908 870 1937 et
895 1909 1019 1938 comedi.

315 1951 421 1980 Primo
439 1951 573 1989 quidem
588 1951 729 1981 crudelis
743 1952 778 1981 in
799 1960 833 1982 se
845 1974 855 1990 ‚
870 1954 927 1990 qui
943 1962 1020 1991 pec·

316 1997 427 2026 catum
455 2005 548 2027 suum
578 1997 751 2027 excusavit
777 2006 786 2027 ε
817 1999 958 2028 secundo
988 2000 1020 2028 in

316 2052 454 2073 uxorem
467 2065 475 2081 ‚
503 2051 601 2082 quam
634 2044 810 2073 accusavit.
837 2045 877 2074 Et
906 2045 1020 2083 utique

316 2090 396 2119 satis
410 2091 536 2128 sumpta
560 2090 609 2120 est
632 2090 730 2128 digna
745 2090 785 2119 de
801 2091 934 2128 peccato
949 2092 1022 2121 vin-

319 2136 402 2165 ‹licta
414 2158 423 2173 ,
450 2136 580 2173 quando
611 2144 685 2166 eam
718 2136 902 2173 accusavit,
929 2137 1022 2174 cujus

318 2190 426 2211 amore
453 2182 613 2220 peccavit.
630 2183 743 2213 Contra
769 2183 831 2212 hoc
851 2185 1021 2221 peccatum

319 2227 441 2256 dictum
461 2230 507 2258 est
522 2230 629 2258 :Beati
641 2230 865 2266 misericordes,
875 2231 1021 2268 quoniam

320 2273 378 2310 'ipsi
391 2274 632 2303 misericordiam
647 2276 878 2312 consequentur.

359 2318 390 2346 5.
407 2318 544 2348 Sextum
559 2322 731 2356 peccatum
754 2320 833 2350 fecit
848 2322 911 2350 Eva
923 2343 932 2359 ‚
949 2329 1021 2360 quae

320 2372 396 2392 cum
428 2363 655 2400 increparetur
679 2374 696 2394 a
721 2366 857 2396 Domino
881 2375 938 2396 cur
960 2367 1020 2396 hoc

320 2408 469 2445 fecisset,
493 2410 659 2446 respondit
681 2411 711 2439 ei
729 2419 736 2438 :
765 2413 894 2449 Serpens
910 2414 1037 2451 decepit¹

322 2463 388 2490 ine,
401 2456 429 2484 et
443 2455 569 2484 comedi.
587 2454 638 2484 Sic
654 2455 831 2486 declinavit
848 2458 881 2487 et
901 2458 971 2495 ipsa
989 2458 1020 2487 in
1037 2451 1038 2465 ³

322 2498 420 2527 verba
435 2499 587 2536 malitiae,
605 2499 644 2527 ad
660 2501 860 2530 excusandas
886 2510 1020 2531 excusa—

321 2544 427 2573 tiones
441 2544 475 2573 in
489 2544 642 2583 peccatis,
654 2544 830 2575 refundens
845 2547 970 2583 culpam
987 2548 1018 2577 in

322 2590 527 2628 serpentem,
542 2591 633 2628 quasi
653 2591 806 2620 immunis
824 2599 841 2620 a
863 2591 1018 2630 crimine,

324 2644 397 2664 cuin
416 2635 462 2665 nil
479 2635 633 2671 obfuisset
654 2636 814 2676 suggestio
836 2638 1016 2676 serpentis7

756 205 786 233 S.
812 204 1049 234 BERNARDI
1074 204 1269 234 ABBATIS

1054 258 1082 287 si
1098 257 1154 287 illa
1180 260 1331 296 negasset
1351 268 1521 291 assensum
1536 260 1673 300 propriae
1698 269 1755 293 vo-

1054 302 1208 334 luntatis:
1222 305 1256 334 et
1269 305 1351 336 forte
1365 307 1531 344 praecessit
1542 307 1576 336 in
1589 315 1626 338 ea
1637 307 1755 346 aliquis

1053 349 1159 378 motus
1184 351 1362 390 superbiae,
1376 353 1463 383 unde
1477 353 1587 383 seduci
1602 353 1721 383 meruit
1735 360 1755 383 a

1054 396 1218 433 serpente.
1246 397 1362 427 Contra
1385 399 1472 437 quod
1509 399 1633 429 dictum
1661 398 1712 429 est
1744 405 1753 428 :

1052 440 1142 470 Beati
1156 442 1271 472 mundo
1294 444 1381 472 corde
1390 464 1401 480 ‚
1424 446 1569 482 quoniam
1584 445 1642 483 ipsi
1653 446 1754 475 Deum

1052 485 1207 516 videbunt.
1231 487 1415 526 Septimum
1439 490 1610 527 peccatum
1634 489 1754 519 factum

1053 532 1102 561 est
1117 533 1211 562 extra
1226 533 1412 570 paradisum
1423 555 1432 570 ,
1448 535 1576 571 quando
1591 535 1667 565 Cain
1680 542 1754 564 con-

1053 577 1196 607 surrexit
1217 578 1373 609 adversus
1386 579 1467 609 Abel
1492 578 1626 609 fratrem
1639 587 1753 617 suum,

1053 621 1087 651 et
1103 622 1269 653 interfecit
1285 631 1372 654 eum.
1392 625 1440 653 Ex
1457 632 1494 654 co
1513 624 1580 661 jam
1605 625 1752 662 tempore

1053 667 1275 702 inveteratum
1296 670 1366 706 est,
1381 671 1419 700 ut
1441 670 1519 699 mali
1539 670 1706 707 insurgant
1719 670 1754 699 in

1053 713 1154 744 bonos
1167 736 1176 752 ,
1193 715 1226 744 et
1241 715 1427 753 opprimant
1438 724 1501 746 eos.
1512 715 1614 753 Hujus
1629 714 1755 754 peccati

1052 760 1236 790 remedium
1250 762 1299 791 est
1313 761 1398 791 illud
1413 770 1421 790 ε
1435 762 1668 800 Βεαῑίραείβεί,
1681 769 1755 799 quoe

1052 807 1139 835 uiam
1157 807 1215 843 filii
1240 808 1300 837 Dea·
1321 807 1527 837 vocabuntur.
1547 807 1638 844 Quod
1659 807 1685 837 si
1714 806 1754 836 ab

1053 851 1263 883 infestatione
1288 861 1415 883 cessare
1435 853 1602 883 noluerint
1627 852 1756 891 iniqui,

1052 897 1216 935 patienter
1232 898 1372 929 tolerent
1387 906 1440 929 eos
1460 899 1560 937 Justi‚
1586 898 1756 928 audientes

1053 943 1306 974 consolationem
1322 953 1393 982 quae
1408 945 1576 983 sequitur,
1592 945 1626 974 et
1646 944 1728 973 dicit
1744 953 1752 973 :

1052 990 1142 1018 Beati
1153 991 1205 1027 qut
1214 992 1452 1028 persecutionem
1463 992 1624 1029 patiuntur
1628 992 1754 1029 propter

1048 1034 1202 1070 justitium
1217 1045 1227 1065 .-
1243 1038 1390 1073 quouz'am
1404 1037 1542 1074 ipsorum
1562 1038 1605 1066 est
1626 1044 1755 1074 reqnum

1052 1079 1208 1110 coelorum.
1239 1082 1320 1110 Ecce
1343 1089 1440 1119 quam
1465 1082 1666 1112 necessarius
1693 1080 1754 1111 fuit

1052 1123 1210 1154 adventus
1224 1125 1362 1163 Christi,
1380 1125 1437 1164 qui
1465 1134 1595 1156 carnem
1615 1125 1756 1162 subjice-

1053 1169 1104 1198 ret
1125 1169 1271 1209 spirituit
1289 1171 1456 1201 hominem
1471 1171 1655 1209 pacificaret
1670 1170 1753 1208 sibi,

1051 1215 1156 1247 Deum
1170 1216 1400 1248 reconciliaret
1414 1216 1551 1248 homini.

1215 1331 1385 1365 SERMO
1425 1333 1586 1366 LXVII.

1067 1402 1107 1426 De
1121 1401 1280 1435 duplicibus
1297 1404 1374 1435 Legis
1391 1405 1551 1435 praeceptis,
1568 1404 1724 1429 moralibus

1292 1443 1320 1464 et
1335 1440 1514 1471 figuralibus„

1102 1496 1170 1525 Lex
1194 1504 1248 1533 per
1267 1496 1391 1533 Moysen
1417 1497 1492 1526 data
1513 1497 1575 1533 est,
1600 1497 1703 1535 qratia
1728 1498 1756 1526 ct

1052 1541 1165 1570 veritas
1174 1550 1228 1578 per
1243 1543 1347 1572 Jesum
1359 1541 1514 1572 Christum
1526 1542 1610 1580 factu
1621 1544 1673 1573 est.
1690 1543 1756 1572 Du-

1052 1586 1131 1623 plex
1145 1586 1179 1616 in
1192 1587 1264 1625 lege
1280 1587 1385 1616 veteri
1402 1588 1637 1625 praeceptorum
1653 1596 1755 1626 genus

1053 1631 1198 1661 invenio.
1221 1632 1304 1662 Sunt
1326 1632 1414 1662 enim
1437 1633 1569 1662 moralia
1586 1633 1755 1672 quaedam,

1053 1678 1089 1706 ut
1104 1678 1154 1707 est
1167 1699 1176 1716 ,
1190 1679 1262 1707 Non
1287 1679 1497 1716 coucupisces3
1512 1679 1584 1707 Νοη
1598 1679 1756 1709 adultera-

1054 1723 1097 1754 bis
1107 1733 1117 1762 ‚·
1126 1725 1255 1753 Honora
1267 1725 1386 1762 patrem
1397 1725 1483 1753 tuum
1491 1745 1501 1760 ,
1514 1724 1547 1753 et
1561 1723 1612 1753 his
1622 1724 1753 1754 similia.

1053 1768 1131 1798 Sunt
1141 1769 1240 1799 etiam
1249 1769 1417 1807 figurativa
1430 1769 1463 1798 et
1471 1769 1658 1798 umbratilia
1669 1778 1756 1807 quae-

1054 1814 1144 1853 dam,
1171 1816 1209 1845 ut
1231 1816 1280 1845 est
1304 1816 1471 1845 taurorum
1496 1815 1694 1853 immolatio,
1721 1815 1757 1846 et

1053 1860 1182 1897 sanguis
1199 1860 1376 1890 hircorum.
1393 1861 1626 1890 verumtamen
1642 1868 1756 1890 carna-

1053 1905 1091 1936 lis
1105 1906 1162 1936 ille
1174 1907 1313 1945 populus
1324 1914 1384 1936 nec
1400 1906 1456 1935 illa
1470 1905 1605 1943 implere
1616 1906 1753 1943 poterat,

1053 1960 1113 1981 nec
1135 1953 1169 1982 in
1194 1951 1246 1981 his
1270 1952 1420 1981 obtinere
1445 1951 1595 1981 salutem.
1612 1951 1703 1981 Unde
1721 1953 1755 1981 et

1052 1997 1197 2027 Salvator
1225 1997 1259 2027 in
1290 1997 1463 2034 Evangelio
1485 1997 1567 2035 legis
1591 1998 1754 2035 praecepta

1054 2043 1252 2081 improperat
1284 2043 1473 2080 Pharisaeis,
1502 2042 1589 2081 quod
1623 2044 1754 2082 propter

1053 2089 1244 2119 traditiones
1251 2097 1324 2119 suas
1334 2088 1425 2118 irrita
1440 2089 1586 2119 facerent
1594 2089 1654 2119 Dei
1665 2097 1754 2119 man-

1054 2136 1126 2165 data
1139 2157 1149 2173 ,
1166 2135 1236 2173 ipsa
1251 2135 1320 2165 sine
1338 2134 1458 2172 dubio,
1478 2135 1513 2164 in
1537 2134 1656 2173 quibus
1671 2135 1755 2165 esset

1053 2181 1223 2211 aedificatio
1238 2189 1375 2210 morum.
1392 2182 1471 2210 Nam
1489 2180 1529 2210 de
1546 2180 1672 2211 caeteris
1682 2181 1752 2219 ipse

1053 2227 1196 2265 loquitur
1220 2235 1280 2266 per
1294 2227 1509 2265 Prophetam:
1525 2228 1604 2257 Dedi
1618 2228 1660 2257 cis
1669 2236 1752 2266 proe-

1053 2275 1138 2312 cepta
1152 2282 1214 2302 non
1231 2273 1311 2303 bona
1326 2283 1336 2303 .·
1353 2273 1422 2311 ipsa
1446 2273 1561 2311 plane,
1588 2272 1622 2301 in
1636 2273 1754 2310 quibus

1054 2321 1138 2350 esset
1152 2320 1267 2349 umbra
1283 2319 1475 2349 futurorum.
1488 2319 1565 2356 Quae
1577 2319 1666 2348 enim
1681 2327 1754 2349 con-

1053 2365 1223 2404 sequentia
1236 2365 1370 2395 rationis
1379 2387 1388 2403 ,
1400 2365 1437 2394 ut
1451 2364 1583 2394 homine
1597 2364 1753 2402 peccante

1053 2412 1137 2442 aries
1151 2411 1381 2447 mulctaretur,
1399 2410 1431 2440 et
1447 2410 1570 2440 diceret
1592 2418 1666 2440 cum
1681 2411 1754 2439 Pro-

1053 2458 1151 2496 pheta
1173 2465 1180 2485 :
1199 2458 1273 2496 Quae
1293 2465 1356 2486 non
1376 2457 1490 2494 rapui,
1519 2457 1590 2485 tuuc
1619 2455 1753 2485 exsolve-

1055 2502 1278 2533 bam?Merit0
1301 2510 1377 2531 sane
1400 2510 1464 2531 non
1487 2501 1571 2530 bona
1592 2500 1752 2537 praecepta

1052 2548 1191 2586 populus
1216 2556 1280 2577 non
1309 2547 1411 2576 bonus
1452 2545 1578 2582 accepit
1590 2565 1599 2581 ,
1622 2544 1751 2573 dicente

1053 2593 1211 2630 Propheta
1235 2595 1337 2623 :Cum
1352 2594 1456 2623 sancto
1481 2591 1604 2620 sanctus
1619 2590 1695 2625 eris,
1723 2588 1752 2617 ct

1052 2647 1121 2668 cum
1139 2647 1279 2677 perverso
1298 2637 1486 2676 perverteris.
1504 2635 1643 2665 Noverat
1664 2633 1752 2664 enim.
