1846 3078
275 240 337 270 590

276 296 317 325 de
331 294 383 325 die
399 294 456 325 illo
470 294 504 325 et
517 293 583 325 illis
595 293 719 325 umbris
728 316 738 333 ,
749 296 806 334 qui
818 295 873 323 ille
884 301 973 331 ,quae

274 341 344 371 istae
362 349 370 369 :
386 340 444 369 ille
458 348 521 379 qua
535 340 659 370 ratione
676 340 859 376 adspirans,
875 338 925 367 hae
939 337 973 366 in

273 395 337 425 qua
347 386 504 425 potestate
517 386 657 416 habeant
666 384 827 415 inclinari.
841 384 974 421 Signan-

274 434 327 463 ter
352 432 483 463 omnino
498 433 621 462 dictum
648 432 715 467 est,
732 431 826 459 donec
841 431 974 467 adspiret

273 481 354 516 dies,
378 480 479 509 immo
504 477 724 516 singulariter.
750 476 823 505 Solo
850 475 973 514 quippe
987 478 989 503 l

272 525 416 555 hocloco
433 525 515 563 (nisi
531 521 642 559 fallor)
659 521 745 551 diem
755 521 973 559 adspirantem

271 571 463 609 comperies.
490 571 582 598 Aurae
597 575 733 604 nempe,
746 575 811 597 non
828 568 973 606 tempora

271 617 395 655 spirare
410 616 571 645 dicuntur.
595 613 701 651 Spirat
715 613 810 643 homo
821 635 829 651 ,
849 613 988 652 spirant}

270 662 424 691 animalia
446 662 583 696 caetera,
603 659 722 697 quibus
747 658 987 693 indesinenter1

271 707 489 745 reciprocatus
521 712 577 733 aer
600 705 702 734 vilain
727 704 908 734 continuat.
935 698 987 743 Et}

271 753 349 791 quid
371 752 449 787 hoc,
464 750 526 780 nisi
542 749 680 781 ventus'f>
694 750 802 789 Spirat
817 750 850 780 et
869 750 973 789 Spiri-
986 746 988 776 ἕ

270 800 323 828 tus
340 798 486 834 sanctus,
499 797 533 826 et
547 796 624 826 inde
639 797 784 835 spiritus.
798 797 866 833 Quo
879 797 988 834 pacto*

269 851 344 880 ergo
366 843 436 873 dies
457 843 601 881 spirans,
616 843 673 881 qui
687 851 749 872 nec
765 843 900 880 ventus,
912 851 972 872 nec

268 889 419 927 spiritus,
443 895 505 918 nec
532 887 654 917 animal
680 886 751 916 est?
771 887 973 925 Quamquam
986 902 988 935 i'

267 941 328 964 nec
343 933 468 971 spirans
480 932 613 971 quidem
624 953 633 969 ,
649 932 705 962 sed
714 953 723 970 ,
735 933 821 970 quod
845 932 973 970 signan-

267 980 332 1009 tius
344 980 454 1015 sonat,
470 980 631 1016 adspirans
646 977 752 1007 dictus
766 977 820 1007 sit.
837 977 902 1007 Nec
913 977 988 1026 mi-⁸

265 1034 328 1055 nus
343 1026 462 1064 praeter
476 1024 607 1054 solitum
625 1023 768 1060 dictum,
784 1025 811 1053 et
827 1025 988 1053 inclinem--

267 1074 319 1101 iar
334 1071 463 1101 umbrae.
479 1070 627 1107 Denique
645 1070 686 1099 ad
708 1070 860 1099 exortum
875 1070 989 1117 hujusj

267 1117 415 1155 corporei
451 1116 656 1154 visibilisque
689 1115 822 1145 luminis
850 1116 973 1145 umbrae

266 1171 331 1192 non
347 1161 627 1199 inclinantur,sed
642 1162 861 1191 annullantur.
874 1162 972 1190 Extra

266 1208 403 1246 proinde
427 1216 559 1246 corpora
584 1207 766 1245 quaerendae
781 1207 831 1237 hae
855 1215 918 1236 res.
934 1208 973 1237 Et

266 1254 430 1292 siquidem
445 1254 631 1292 spirituales
646 1253 870 1282 invenerimus
885 1252 972 1282 diem

267 1301 301 1329 et
321 1300 472 1337 umbras,
489 1300 565 1329 tunc
591 1299 727 1329 forsitan
744 1300 777 1328 et
802 1298 973 1328 inclinatio

266 1345 384 1375 harum
394 1367 404 1382 ,
420 1346 453 1375 et
468 1345 559 1374 illius
574 1344 749 1382 adspiratio
761 1343 889 1374 facilius
904 1345 972 1374 elu-
986 1373 989 1381 ι

266 1391 366 1421 cebit.
384 1391 444 1427 Qui
458 1391 550 1421 illum
565 1390 670 1427 diem,
682 1390 722 1419 de
735 1398 798 1428 quo
812 1391 971 1428 Propheta
986 1417 988 1419 ,

267 1436 367 1472 dicit,
383 1437 494 1465 Melior
516 1438 558 1466 est
580 1437 642 1466 dies
662 1436 774 1465 anain
795 1436 884 1465 atriis
914 1428 989 1465 tais-3

266 1491 362 1520 super
379 1482 496 1518 millia,
510 1489 700 1519 corporeum
725 1481 896 1518 opinatur,
912 1489 972 1510 ne-

266 1528 334 1557 scio
347 1527 425 1565 quid
438 1527 504 1563 jam
519 1535 583 1556 non
598 1534 791 1564 corporeum
805 1527 968 1563 opinetur.

267 1574 321 1602 Est
337 1574 370 1602 et
395 1573 429 1602 in
451 1573 535 1602 mala
557 1572 793 1610 significatione
814 1571 903 1610 dies,
919 1572 970 1602 cui

268 1618 470 1648 maledixere
490 1618 670 1655 Prophetae.
684 1617 775 1648 Absit
794 1619 903 1646 autem
914 1639 922 1654 ,
934 1619 970 1647 ut
986 1610 987 1613 ¹

268 1672 311 1693 ex
324 1664 510 1693 visibilibus
524 1664 593 1700 his,
606 1671 685 1701 quos
700 1663 780 1692 tecit
800 1663 969 1692 Dominus.
986 1682 987 1688 η

267 1710 377 1747 itaque
397 1709 574 1747 spiritualis
585 1710 645 1739 est.

309 1758 337 1784 5.
347 1755 418 1783 Jam
430 1755 576 1784 umbram
589 1755 663 1792 quis
672 1751 989 1790 ainbigatspiritua—5

266 1801 331 1830 lem
341 1823 350 1838 ,
364 1809 426 1838 qua
442 1801 549 1830 Mariae
565 1801 789 1829 obumbratum
803 1799 853 1828 est
867 1798 971 1828 conci-

267 1847 370 1884 pienti
385 1855 393 1883 ς
410 1847 443 1876 et
465 1847 545 1876 item
566 1854 655 1883 eam,
670 1854 741 1884 quae
757 1845 791 1874 in
812 1845 988 1883 Propheta;

267 1893 313 1921 sic
341 1894 539 1922 memoratur
558 1901 566 1921 :
594 1894 726 1930 Spiritus
759 1893 830 1921 ante
862 1892 972 1929 faciem

267 1939 405 1966 ‘nostram
428 1938 566 1968 Clu-istus
589 1939 760 1973 Dominus,
780 1936 836 1967 sub
860 1936 989 1966 umbra

267 1982 331 2018 rjus
360 1983 494 2012 cis-emus
515 1984 593 2012 inter
618 1982 740 2020 aemes?
769 1983 832 2019 Ego
860 1984 971 2012 tamen
986 1989 989 2010 ι

268 2027 454 2056 umbrarum
466 2028 596 2057 nomine
613 2028 671 2057 hoc
687 2029 757 2057 loco
769 2028 870 2066 magis
885 2028 973 2057 arbi-

268 2074 336 2101 tror
361 2073 544 2110 designatas
573 2074 749 2104 contrarias
776 2076 970 2112 potestates,

267 2128 338 2155 quae
363 2128 427 2149 non
452 2120 546 2150 modo
569 2120 708 2158 umbrae,
734 2121 788 2151 vel
810 2122 971 2158 tenebrae,

270 2164 327 2192 sed
350 2167 377 2193 et
401 2166 552 2203 principes
575 2166 772 2196 tenebrarum
797 2166 910 2196 harum
933 2168 971 2196 ab

269 2210 417 2247 Apostoli)
440 2211 675 2249 perhibentur,
690 2212 851 2250 simulque
869 2213 972 2242 inhae·

268 2256 380 2284 rentes
397 2256 461 2284 illis
477 2265 518 2285 ex
535 2265 651 2294 genere
665 2259 790 2296 nostro,
806 2258 890 2288 filios
904 2258 972 2288 uti-

269 2308 333 2338 que
361 2301 480 2337 noctis,
498 2305 529 2332 et
557 2311 622 2332 non
646 2304 746 2342 lucis,
759 2312 866 2343 neque
891 2304 969 2334 diei.

268 2346 326 2374 11ae
350 2345 511 2382 siquidem
537 2349 673 2387 umbrae,
689 2358 753 2380 non
773 2351 869 2388 plane
898 2359 971 2380 culn

268 2391 482 2429 adspiraverit
498 2392 585 2430 dies,
599 2394 631 2423 in
647 2396 786 2425 nihilum
802 2397 971 2426 reverten—

269 2440 324 2467 tur
335 2460 344 2475 ,
367 2437 451 2467 sicut
465 2445 483 2467 a
499 2437 581 2468 facie
601 2439 697 2476 hujus
713 2450 874 2479 corporeae
889 2443 971 2473 lucis

270 2483 401 2512 umbras
426 2491 593 2522 corporeas
619 2493 682 2514 non
707 2486 871 2524 disparere
897 2490 971 2519 tan-

269 2530 339 2558 tum
350 2551 359 2567 ,
376 2529 433 2559 sed
448 2530 477 2558 ct
493 2530 621 2568 penitus
642 2531 791 2568 deperire
810 2534 968 2565 videmus.

269 2575 382 2612 ltaque
399 2576 637 2606 eruntminime
647 2577 778 2614 quidem
791 2580 971 2610 extrequs

270 2620 394 2657 nihilo,
411 2621 558 2651 miserius
572 2622 692 2652 tamen.
708 2623 828 2660 Erunt,
849 2624 905 2653 sed
920 2624 972 2653 in-

273 2666 401 2697 clinans
420 2668 453 2697 et
473 2667 621 2699 subditae.
642 2668 789 2707 Denique
813 2669 971 2700 inclinabit

986 1191 989 1232 ’ἓ

986 1235 989 1263 ἶ

986 1270 989 1279 .

986 1286 988 1318 !

986 1331 989 1349 ι

986 1357 988 1365 s

750 241 781 270 8.
802 238 1036 269 BERNARDI
1054 239 1247 268 ABBArls

1005 302 1052 330 se,
1062 293 1184 332 inquit,
1199 295 1228 323 et
1239 293 1459 334 cadet,(haud
1473 294 1609 326 dubium
1623 296 1706 334 quin

1005 339 1161 377 princeps
1196 339 1404 381 umbrarum)
1436 350 1506 371 cnm
1531 343 1707 372 dominatus

1005 384 1098 420 faerit
1108 393 1294 423 pauperum.
1310 386 1389 424 Ergo
1402 395 1468 416 non
1483 388 1599 416 natura
1617 387 1706 416 dele·

1004 428 1110 466 bitur,
1137 430 1194 460 sed
1214 430 1362 468 potentia
1385 432 1594 462 subtrahetur
1611 440 1619 460 :
1640 434 1718 461 non'

1005 475 1126 512 peribit
1153 476 1350 515 substantia,
1375 477 1432 507 sed
1450 478 1602 508 transibit
1626 478 1706 506 hora

1005 522 1037 551 et
1057 522 1196 559 potestas
1216 522 1435 552 tenebrarum.
1458 524 1646 560 Tolluntur,
1661 530 1705 552 ne

1004 566 1138 596 videant
1150 567 1285 604 gloriam
1297 568 1358 598 Dei
1375 577 1383 597 z
1400 576 1464 597 non
1476 568 1686 598 annullantur
1695 588 1707 605 ,

1005 613 1038 641 ut
1046 620 1175 650 semper
1184 614 1453 651 urantur.Quidni
1462 613 1707 642 inclinabuntur

1005 658 1145 696 umbrae,
1161 667 1236 688 cum
1261 659 1466 697 deponentur
1487 658 1640 696 potentes
1665 656 1707 686 de

1004 703 1097 741 sede,
1114 706 1343 742 ponenturque
1366 704 1544 733 scabellum
1563 700 1709 741 pedum?

1003 749 1094 785 Quod
1118 751 1231 788 utique
1247 751 1375 788 oportet
1390 750 1462 779 fieri
1490 749 1566 779 cito.
1592 747 1706 778 Novis-

1003 796 1084 825 sima
1109 796 1188 826 hora
1213 797 1262 826 est
1289 805 1296 825 :
1320 804 1387 825 nox
1427 794 1611 833 praecessit,
1635 793 1707 823 dies

1003 842 1113 871 autem
1125 841 1410 881 appropinquavit.
1423 840 1610 878 Adspirabit
1623 839 1708 877 dies,

1004 888 1037 915 et
1059 888 1240 925 exspirabit
1260 896 1339 918 nox.
1365 888 1435 916 Nox
1461 886 1610 916 diabolus
1637 886 1706 921 est,

1003 939 1068 961 nox
1111 935 1244 970 angelus
1267 934 1404 970 satanae;
1435 932 1497 962 etsi
1520 940 1554 962 se
1578 930 1708 961 transti-

1004 979 1095 1014 guret
1110 978 1145 1008 iu
1158 979 1310 1017 Anqelum
1326 979 1412 1008 lucis.
1427 978 1496 1006 Nox
1521 977 1621 1006 etiam
1640 976 1709 1005 An-

1004 1025 1190 1061 tichristus,
1206 1032 1295 1062 quem
1307 1024 1458 1053 Dominus
1479 1022 1637 1058 interficiet
1647 1023 1709 1060 spi-

1004 1073 1066 1101 ritu
1081 1072 1142 1100 oris
1156 1071 1222 1106 sui,
1237 1071 1266 1099 et
1290 1070 1420 1099 destruet
1436 1068 1638 1098 illustratione
1653 1068 1708 1096 ad-

986 1121 988 1124 ’
1005 1118 1108 1147 cenius
1123 1117 1184 1146 sai.
1197 1113 1360 1152 Numquid
1379 1121 1444 1143 non
1459 1112 1618 1142 Dominus
1635 1111 1709 1141 dies

986 1166 988 1178 ¹
1005 1162 1072 1192 est?
1083 1162 1159 1192 Dies
1171 1162 1267 1199 plane
1279 1160 1444 1189 illustrans
1455 1160 1488 1188 et
1502 1157 1709 1196 spirans,qui

1004 1209 1121 1247 spiritu
1130 1208 1195 1237 oris
1209 1207 1259 1237 sni
1270 1206 1361 1244 fugat
1371 1205 1514 1241 umbras,
1527 1204 1560 1234 et
1568 1203 1710 1233 destruit

1004 1256 1109 1285 larvas
1131 1253 1350 1284 illustratione
1372 1251 1531 1281 adventus
1556 1249 1619 1279 sui.
1643 1250 1708 1278 Aut

1003 1301 1030 1330 si
1055 1300 1156 1337 magis
1182 1300 1291 1338 placet
1324 1297 1461 1327 verbum
1500 1296 1709 1325 inclinationis

1003 1347 1197 1385 simpliciter
1232 1345 1402 1383 accipere,
1429 1342 1581 1379 nihilque
1616 1340 1707 1370 aliud

1003 1393 1174 1429 inclinari,
1190 1400 1287 1430 quam
1303 1388 1479 1420 annihilari
1501 1395 1570 1417 esse
1589 1387 1708 1425 putan-

1004 1439 1097 1475 dum,
1113 1447 1154 1468 ne
1172 1438 1249 1467 huic
1265 1443 1394 1475 quoque
1413 1433 1555 1463 desimus
1577 1432 1707 1468 sensui,

1003 1484 1142 1513 dicimus
1169 1483 1300 1513 umbras
1335 1481 1452 1518 figuras
1480 1479 1514 1508 et
1537 1477 1708 1514 aenigmata

1003 1529 1254 1567 scripturarum,
1289 1533 1415 1556 necnon
1452 1525 1485 1554 et
1515 1522 1708 1561 sophisticas

1003 1575 1202 1612 locutiones,
1219 1572 1509 1607 cavillationesque
1531 1569 1707 1599 verborum

1004 1623 1038 1651 et
1062 1620 1222 1658 implicita
1248 1618 1531 1656 argumentorum,
1546 1622 1618 1652 quae
1640 1621 1708 1642 om-

1004 1667 1057 1695 nia
1064 1666 1214 1695 veritatis
1229 1664 1361 1694 interim
1373 1663 1486 1692 lumen
1498 1658 1704 1690 obumbrant.

1004 1711 1050 1739 Ex
1063 1711 1153 1748 parte
1166 1710 1251 1739 enim
1266 1707 1489 1746 cognoscimus
1498 1727 1506 1742 ‚
1517 1705 1549 1734 et
1562 1711 1604 1733 ex
1616 1703 1707 1741 parte

1005 1756 1247 1794 prophetamus.
1277 1755 1399 1783 Yerum
1424 1750 1609 1789 adspirante
1636 1747 1708 1786 die,

1004 1802 1249 1832 inclinabuntur
1268 1800 1391 1830 umbrae
1409 1807 1417 1827 :
1434 1797 1510 1836 quia
1530 1794 1708 1834 occupante

1005 1848 1112 1877 omnia
1136 1846 1271 1877 luminis
1288 1843 1513 1883 plenitudine,
1528 1841 1618 1870 nulla
1633 1847 1708 1878 pars

1005 1902 1173 1931 superesse
1189 1892 1307 1931 poterit
1324 1889 1545 1920 tenebrarum.
1558 1885 1707 1923 Denique

1005 1949 1073 1969 cum
1096 1940 1210 1969 venerit
1239 1938 1319 1976 quod
1350 1935 1518 1975 perfectum
1548 1934 1609 1969 est,
1635 1933 1707 1961 tunc

1005 1985 1202 2015 evacuabitur
1217 1984 1295 2022 qaod
1307 1992 1346 2012 ex
1356 1983 1445 2020 parte
1458 1982 1513 2010 est.

1045 2031 1075 2060 6.
1093 2031 1257 2060 Hactenus
1272 2029 1311 2059 de
1330 2028 1383 2058 his
1397 2027 1546 2058 sufficere
1561 2023 1707 2064 poterat,

1005 2077 1031 2107 si
1059 2077 1182 2114 spirans
1211 2076 1281 2105 dies
1306 2075 1383 2112 illa,
1399 2074 1432 2103 et
1453 2082 1518 2104 non
1543 2073 1709 2110 adspirans

1005 2124 1092 2153 dicta
1120 2122 1246 2152 fuisset.
1275 2122 1366 2151 Nunc
1394 2128 1471 2150 vero
1496 2128 1553 2158 pro
1578 2118 1709 2148 tantillo

1005 2169 1084 2198 licet
1100 2168 1318 2198 additamento
1333 2166 1437 2196 adhuc
1449 2165 1574 2203 aliquid
1585 2165 1708 2195 adden-

1005 2214 1081 2243 dum
1111 2213 1281 2249 existimo,
1305 2212 1461 2241 nimirum
1489 2220 1546 2249 pro
1570 2209 1707 2240 investi-

1004 2259 1107 2298 ganda
1133 2259 1230 2295 hujus
1255 2257 1454 2287 diversitatis
1478 2256 1616 2286 ratione.
1642 2257 1707 2295 Ego

1005 2305 1092 2334 enim
1107 2304 1163 2343 (ut
1177 2311 1292 2333 verum
1308 2301 1430 2342 fatear)
1447 2303 1515 2340 jam
1532 2302 1609 2332 olim
1624 2302 1708 2332 mihi

1005 2351 1170 2388 persuasi,
1193 2350 1227 2380 in
1251 2349 1334 2379 sacri
1358 2349 1558 2387 pretiosique
1583 2348 1707 2387 eloquii

1006 2398 1098 2427 textu
1113 2404 1173 2426 nec
1188 2395 1350 2425 modicam
1366 2403 1482 2425 vacare
1499 2395 1706 2433 particulam.

1005 2443 1150 2472 Solemus
1164 2444 1275 2472 autem
1287 2441 1347 2471 hac
1359 2449 1439 2470 voce
1448 2441 1496 2471 uli
1505 2462 1515 2478 ,
1525 2449 1599 2471 cum
1608 2441 1708 2470 vehe-

1004 2490 1132 2518 menter
1148 2487 1273 2526 aliquid
1288 2487 1529 2524 desideramus,
1544 2487 1580 2516 ut
1596 2485 1707 2525 (verbi

1004 2534 1124 2573 gratia)
1142 2543 1215 2564 cum
1234 2534 1391 2570 dicimus,
1408 2533 1464 2563 ille
1479 2533 1519 2562 ad
1535 2532 1627 2561 illum
1648 2532 1707 2561 ho-

1004 2589 1117 2610 norem
1129 2602 1138 2617 ,
1151 2581 1204 2610 vel
1228 2580 1319 2610 illam
1334 2579 1526 2616 dignitatem
1550 2577 1704 2616 adspirat.

1004 2626 1197 2664 Designatur
1210 2625 1320 2664 itaque
1334 2633 1394 2664 per
1404 2625 1465 2655 hoc
1477 2624 1612 2654 verbum
1625 2622 1707 2653 mira

1005 2670 1145 2702 affutura
1195 2670 1385 2709 affluentia,
1433 2666 1707 2708 vehementiaque
