1830 3073
300 208 341 243 01⁶

301 265 492 297 deliberatio
529 266 598 305 ipsa
633 273 824 296 consensum
858 274 866 294 :
896 264 998 294 fateor

301 312 436 350 quidem
451 311 637 343 deformitas
658 312 725 349 est,
739 320 799 341 nec
820 311 933 340 audire
948 309 999 338 iu-

301 357 399 387 terim
413 357 519 388 anima
539 358 597 388 illa
612 358 775 394 meretur,
794 358 871 386 Tota
891 356 996 394 pulcra

301 411 349 439 cs,
362 404 463 434 amica
477 404 723 433 mea-Caeterum
737 402 797 431 etsi
812 409 923 431 naevus
939 400 997 438 est,

301 447 359 478 sed
378 456 444 478 non
458 449 600 478 morbus.
617 447 708 484 Quod
721 447 747 476 si
759 446 908 476 voluntas
922 454 1000 483 quo-

300 501 363 531 que
400 494 623 532 praeoccupata
650 499 747 522 sensu
775 490 1000 520 delectationis

300 538 440 569 afficitur
452 562 461 577 ,
476 539 599 569 resistit
617 539 727 567 tamen
747 536 854 566 adhuc
874 536 1000 566 delibe-

299 585 382 614 ratio
400 585 552 621 rationis,
570 583 751 613 infirmatur
773 581 925 619 quidem,
941 581 999 611 sed

299 630 437 660 necdum
453 630 589 659 moritur
610 627 716 657 anima
731 636 738 655 :
753 627 871 657 clamet
889 627 999 657 tamen

301 681 433 704 necesse
449 675 514 711 est,
527 676 614 703 Sana
628 682 688 709 me,
699 673 850 709 Domine,
864 673 893 702 et
907 681 1000 703 sana—

302 720 366 750 bor.
378 721 467 749 Tunc
482 727 558 749 vero
573 719 656 748 mori
672 717 812 756 dicitur,
823 718 952 756 quando
967 718 1000 748 et

301 765 369 803 ipsa
383 766 465 795 ratio
480 765 520 794 ad
530 765 700 803 peccatum
710 771 770 802 per
783 764 999 795 intentionem

301 811 463 840 curvatur.
485 811 576 840 Tunc
599 809 686 840 enim
703 809 882 847 consentit3
898 810 933 840 et
960 809 1000 840 de

299 857 357 886 tali
370 857 490 887 dicitur
502 865 510 886 :
522 858 639 887 Anima
654 864 721 894 quae
733 857 920 895 peccaverit,
934 856 999 894 ipsa

298 905 457 933 morietur.
481 903 572 932 Hunc
593 902 759 940 triplicem
782 901 917 940 gradum
943 902 998 932 dea

298 949 440 986 ploravit
456 948 562 978 David
584 956 627 978 ex
640 955 780 986 persona
800 947 998 986 peccatoris,

299 995 412 1025 dicens
425 994 562 1024 Domino
587 994 770 1032 expellenti
786 993 827 1023 de
851 993 999 1032 paradiso

299 1041 335 1069 in
359 1041 458 1070 latam
487 1040 586 1078 hujus
613 1039 725 1070 saeculi
747 1039 974 1077 evagationem
989 1047 998 1068 :

301 1087 498 1123 Confirmasti
520 1095 612 1124 super
629 1094 678 1115 ‘me
691 1094 823 1115 ‘mmmm
839 1087 937 1114 tuam.
963 1085 999 1115 Et

299 1132 454 1170 quoniam
479 1131 621 1161 carnalia
637 1130 798 1161 desideria
816 1131 891 1160 sunt
905 1137 999 1169 poena

300 1177 427 1215 peccati
438 1199 447 1214 ,
461 1178 534 1208 Non
548 1178 591 1207 est
604 1178 722 1207 sanitas
737 1178 769 1206 in
783 1185 876 1206 carne
897 1185 966 1207 mea
981 1186 999 1207 a

299 1224 379 1261 facie
402 1225 455 1253 irce
472 1225 544 1253 tuoe.
567 1223 639 1251 Jam
660 1230 739 1252 vero
754 1229 816 1252 nec
840 1221 938 1251 robur
953 1224 1000 1253 est

300 1268 435 1299 rationis
447 1277 455 1298 τ
465 1270 535 1299 Non
546 1271 589 1299 est
597 1277 663 1306 pax
672 1268 788 1298 ossibus
802 1269 876 1298 meis
891 1278 912 1297 a
923 1269 1000 1306 facie

298 1317 492 1354 peccatorum
504 1322 653 1344 mem-mn.
669 1313 731 1350 Qui
746 1321 856 1343 rursus
871 1313 998 1343 eosdem

300 1360 418 1398 gradus
434 1368 477 1390 ex
500 1358 731 1398 personajusti
755 1358 924 1396 decantat,
951 1359 1001 1388 di-

302 1414 378 1436 cens
392 1414 399 1434 :
413 1407 531 1435 Memor
544 1406 592 1443 fui
604 1406 680 1440 Dei,
695 1405 725 1434 et
738 1405 901 1434 delectatus
912 1413 999 1441 sum,

300 1453 329 1481 et
343 1452 528 1481 exercitatus
541 1459 620 1480 sum.
636 1450 824 1479 Delectatus
840 1449 927 1479 enim
943 1458 1000 1488 per

300 1497 522 1534 voluntatem,
539 1495 739 1525 exercitatus
751 1503 810 1533 per
829 1495 997 1525 rationem.

340 1542 371 1572 ιι.
386 1544 432 1573 Ne
448 1551 523 1580 ergo
539 1541 725 1572 amemoria
741 1541 885 1579 expellat
895 1541 999 1571 Deum

301 1588 429 1619 irruens
461 1588 557 1618 turba
588 1587 803 1626 plurimarum
835 1587 1000 1625 cogitatio-

301 1643 380 1664 num
393 1656 403 1672 ,
431 1642 502 1672 quae
530 1634 638 1664 solent
668 1632 804 1663 effluere
838 1633 1000 1672 tamquam

300 1681 375 1710 vilis
390 1680 483 1718 plebs
498 1679 533 1709 in
550 1679 687 1716 atrium,
703 1678 845 1716 ponatur
865 1678 906 1708 ad
931 1679 1001 1716 ejus

299 1728 424 1765 portam
437 1726 576 1764 janitor,
590 1725 683 1762 qu'us
696 1732 815 1754 nomen
831 1724 879 1754 est
894 1733 1001 1755 recor-

300 1773 386 1802 datio
401 1773 538 1811 propriae
552 1770 781 1810 professionis:
797 1771 834 1800 ut
848 1778 921 1800 cum
935 1772 1000 1801 tur⁴

299 1819 394 1856 pibus
409 1827 479 1849 sese
504 1816 754 1856 cogitationibus
775 1817 916 1846 senserit
932 1817 998 1847 ani-

299 1872 371 1893 mus
389 1864 602 1902 praegravari,
618 1862 768 1901 increpet
793 1869 827 1892 se
840 1883 850 1899 ,
866 1861 901 1892 et
916 1862 1001 1893 dicat

299 1910 362 1939 sibi
378 1919 386 1939 :
402 1911 492 1940 Tune
505 1911 574 1940 haec
591 1909 690 1940 debes
705 1908 846 1946 cogitare
857 1930 866 1946 ,
882 1909 938 1947 qui
953 1917 998 1939 sa-

300 1956 411 1987 cerdos
436 1965 488 1994 es,
504 1956 560 1994 qui
586 1955 724 1986 clericus
741 1962 791 1991 es,
817 1954 874 1992 qui
888 1963 997 1985 mona*

299 2003 380 2032 chus
402 2001 459 2032 es?
483 2003 593 2032 Cultor
619 2000 755 2038 justitiae
781 1999 880 2029 debet
906 2001 941 2030 in
965 2010 998 2031 se

297 2049 471 2086 quicquam
499 2048 647 2085 iniquum
674 2044 870 2075 admittere?
898 2046 998 2076 Decet

299 2102 428 2123 servum
453 2093 588 2131 Christi,
623 2092 800 2121 amatorem
827 2091 887 2120 Dei
899 2112 915 2128 ,‚
933 2091 998 2122 tale

299 2139 423 2176 aliquid
436 2140 490 2168 vel
504 2139 544 2168 ad
558 2137 721 2167 modicum
736 2136 910 2165 meditari?
923 2136 998 2167 naec

300 2183 434 2214 dicendo
446 2206 455 2222 ,
468 2184 620 2214 excludet
632 2183 757 2212 fluxum
772 2182 897 2212 illicitae
912 2183 999 2221 cogi-

299 2230 433 2259 tationis
443 2238 502 2267 per
511 2229 767 2258 recordationem
775 2228 914 2265 propriae
926 2236 999 2266 pro-

301 2274 460 2305 fessionis.
478 2274 635 2305 Similiter
650 2274 689 2304 ad
704 2275 831 2312 portam
849 2275 999 2305 volunta—

299 2321 342 2351 tis
355 2343 364 2358 ,
380 2321 414 2351 in
429 2328 493 2359 qua
507 2320 612 2350 solent
626 2327 759 2349 manere
781 2320 922 2349 carnalia
942 2319 1000 2350 de-

301 2366 437 2402 sideria,
458 2366 624 2403 tamquam
651 2364 686 2393 in
702 2364 796 2394 domo
820 2364 998 2395 domestica

301 2411 443 2448 familia3
459 2410 620 2441 statuatur
635 2409 803 2447 ostiarius,
823 2409 881 2446 qui
903 2418 999 2440 voca-

299 2459 354 2488 tur
366 2456 544 2487 recordatio
557 2455 697 2486 coelestis
710 2454 899 2492 patriae.Hic
912 2457 998 2486 enim

301 2504 407 2542 potest
427 2509 562 2542 pravum
587 2500 802 2539 desiderium,
827 2501 920 2539 quasi
941 2510 999 2531 cu-

302 2557 382 2579 neus
398 2556 553 2586 cuneum,
569 2547 755 2586 expellere3
770 2546 803 2576 et
820 2547 928 2585 ipsum
941 2547 996 2585 qui

303 2595 367 2632 ait,
394 2596 469 2625 Ecce
492 2596 538 2625 sto
562 2595 602 2624 ad
625 2594 736 2624 ostium
756 2594 785 2622 et
804 2593 910 2630 puls0,
925 2593 996 2623 siue

304 2639 680 2680 cunctationerrecipere.
697 2639 766 2668 Jam
783 2647 858 2668 vero
871 2636 912 2667 ad
924 2639 998 2668 tha-

768 212 796 240 S.
818 210 1049 240 BERNARDI
1069 210 1260 240 ABBATIS

1033 263 1155 293 lamum
1169 265 1303 295 rationis
1314 265 1388 295 talis
1403 264 1436 294 et
1450 264 1516 295 tam
1532 263 1623 295 ferox
1637 262 1729 294 aoht«

1032 309 1160 339 bendus
1175 310 1225 340 est
1240 311 1345 342 custos
1358 333 1367 349 ,
1383 311 1439 349 qui
1453 310 1577 341 nemini
1592 311 1703 348 parcat
1719 318 1726 337 :

1032 355 1090 384 sed
1102 355 1300 394 quicumque
1313 357 1415 387 hostis
1426 379 1436 395 ,
1456 357 1526 387 sive
1541 357 1623 386 clam
1635 352 1729 394 ,sive

1031 401 1139 438 palam
1176 401 1302 438 ingredi
1329 402 1571 441 praesumpserit
1582 423 1592 439 ,
1617 401 1729 439 procul

1033 453 1109 475 eum
1131 447 1258 484 arceat3
1285 447 1320 477 et
1342 447 1396 478 hic
1416 448 1459 478 sit
1479 447 1662 478 recordatio
1677 454 1731 484 ge-

1031 491 1161 521 hennae.
1189 492 1227 521 In
1254 492 1380 522 caeteris
1406 492 1568 531 siquidem
1579 513 1589 531 ,
1617 491 1652 521 id
1681 491 1731 520 est

1030 537 1188 566 memoria
1201 537 1234 567 et
1247 537 1416 568 voluntate
1425 559 1436 575 ,
1450 546 1516 568 non
1529 538 1575 568 ita
1587 537 1636 567 est
1647 536 1730 566 into-

1031 581 1167 612 lerabile
1177 604 1186 620 ,
1202 583 1230 611 si
1245 583 1299 613 vel
1313 583 1471 613 memoria
1484 583 1623 621 recipiat
1631 589 1732 620 quan-

1032 627 1136 665 doque
1143 635 1258 665 vagam
1272 628 1512 666 cogitationem,
1520 628 1576 657 vel
1585 627 1732 658 voluntas

1032 671 1194 710 impuram
1207 673 1412 702 affectionem
1424 681 1433 702 t
1449 673 1510 702 hoc
1521 679 1600 702 vero
1611 672 1734 710 gravis-

1032 717 1150 746 simum
1166 719 1200 748 et
1219 718 1351 748 omnino
1377 718 1568 748 damnosum
1580 738 1592 754 ,
1608 716 1638 747 si
1662 724 1734 746 um-

1033 770 1129 800 quam
1144 763 1226 793 ratio
1241 763 1423 803 perdiderit
1435 762 1667 795 rectitudinem
1682 763 1733 792 in-

1033 807 1200 839 tentionis.

1187 902 1356 937 SERMO
1387 901 1576 936 XXXIII.

1053 984 1092 1008 De
1102 982 1183 1009 verbis
1196 983 1290 1008 Psalmi
1301 1000 1308 1010 .
1322 981 1391 1015 Quis
1403 981 1529 1007 ascendet
1539 981 1570 1006 in
1581 981 1704 1004 montem

1312 1019 1447 1045 Domini?

1074 1083 1105 1113 l.
1117 1083 1265 1113 Vennum
1278 1080 1514 1112 exhortationis
1525 1080 1593 1118 est,
1606 1079 1734 1109 Fratres

1034 1129 1121 1168 mei,
1137 1130 1176 1159 ut
1199 1127 1463 1167 quandoquidem
1489 1134 1601 1156 omnes
1624 1133 1735 1155 ascen-

1034 1176 1110 1206 dere
1136 1174 1285 1212 nitimur,
1300 1181 1412 1204 omnes
1434 1172 1598 1203 tendimus
1620 1171 1655 1201 in
1679 1180 1733 1201 su-

1033 1224 1132 1254 blime
1143 1244 1153 1260 ,
1175 1229 1304 1251 sursum
1319 1219 1519 1257 adspIramus
1533 1225 1658 1255 omnes,
1669 1224 1735 1246 orn-

1033 1279 1091 1301 nes
1103 1276 1258 1300 conamur
1269 1267 1303 1297 in
1318 1267 1419 1296 altum
1432 1275 1440 1295 :
1456 1266 1535 1295 illuc
1550 1264 1735 1295 studeamus

1033 1316 1208 1346 ascendere
1217 1336 1227 1351 ,
1239 1313 1297 1344 ubi
1311 1313 1433 1342 honum
1447 1311 1490 1341 sit
1503 1319 1561 1340 nos
1572 1318 1641 1340 esse
1653 1331 1662 1348 ,
1677 1310 1733 1340 nbi

1034 1369 1185 1392 securum
1199 1360 1243 1390 sit
1256 1367 1314 1388 nos
1329 1366 1399 1388 esse
1409 1380 1419 1395 ,
1432 1357 1520 1386 unde
1536 1356 1652 1386 cadere
1669 1364 1733 1386 nou

1034 1407 1180 1446 oporteat
1189 1428 1198 1444 ,
1209 1405 1267 1435 ubi
1279 1405 1364 1435 stare
1378 1403 1550 1442 possimus.
1561 1402 1626 1432 Nec
1640 1401 1734 1431 modo

1034 1455 1071 1483 ut
1104 1451 1305 1483 desiderium
1331 1449 1509 1489 provocet,
1532 1456 1734 1478 ascensorem

1034 1499 1152 1528 montis
1164 1497 1262 1534 hujus
1275 1496 1435 1534 Propheta
1446 1494 1586 1533 requIrit
1600 1502 1608 1523 :
1619 1502 1733 1524 verum

1035 1545 1134 1575 etiam
1149 1543 1186 1574 ut
1201 1542 1375 1573 ascendere
1391 1541 1579 1580 cupientem
1604 1539 1733 1570 modum

1035 1591 1149 1622 doceat
1176 1588 1386 1620 ascendendi.
1409 1588 1521 1625 Felix,
1547 1586 1604 1626 qui
1637 1586 1735 1624 hujus

1034 1637 1152 1668 montis
1167 1634 1371 1666 ascensiones
1386 1634 1421 1663 in
1436 1633 1531 1664 corde
1553 1641 1612 1664 suo
1627 1632 1735 1670 dispo-

1033 1684 1099 1713 suit
1109 1706 1118 1721 ,
1133 1681 1368 1719 concupiscens
1382 1680 1416 1709 et
1430 1679 1584 1709 deficiens
1598 1678 1634 1708 in
1655 1677 1735 1707 atria

1033 1729 1174 1760 Domini.
1185 1726 1351 1765 Siquidem
1362 1733 1454 1755 mons
1469 1724 1529 1755 iste
1538 1731 1629 1754 mons
1639 1723 1733 1759 uber,

1034 1775 1192 1805 bonorum
1213 1771 1361 1802 omnium
1387 1770 1554 1807 cumulus,
1568 1777 1660 1799 mons
1674 1777 1733 1799 vo·-

1033 1820 1168 1859 luptatis
1195 1817 1344 1854 aeternae,
1375 1815 1490 1846 domus
1513 1815 1576 1845 Dei
1610 1814 1671 1845 est.
1696 1815 1735 1843 Et

1035 1866 1178 1904 beatiquz‘
1191 1864 1333 1894 habitant
1350 1863 1384 1893 in
1403 1863 1493 1891 domo
1508 1862 1564 1891 tua
1585 1861 1735 1892 Domine!

1033 1913 1065 1942 in
1079 1912 1190 1943 saecula
1210 1909 1392 1940 soeculornm
1406 1906 1578 1937 laudabunt
1592 1907 1631 1936 te.
1652 1906 1732 1935 Audi

1032 1959 1150 1988 testem
1173 1955 1322 1992 fidelem,
1339 1952 1417 1991 quia
1434 1959 1526 1982 mons
1551 1950 1601 1981 est
1621 1949 1734 1981 domus

1032 2003 1104 2033 ista.
1122 2003 1147 2032 Ο
1166 2000 1281 2036 Israel,
1297 2007 1392 2038 quam
1411 2006 1528 2036 ‘maana
1548 1998 1656 2027 domus
1668 1998 1735 2026 Do-

1031 2049 1127 2083 mini,
1149 2048 1178 2076 et
1197 2047 1302 2084 inqens
1331 2045 1414 2074 locus
1434 2043 1631 2082 possessionis
1653 2041 1735 2079 ejus!

1032 2101 1162 2131 mannus
1170 2113 1179 2129 ,
1195 2093 1223 2121 et
1234 2099 1296 2120 uon
1305 2090 1418 2120 habeus
1430 2088 1733 2123 consummationem,

1032 2140 1166 2169 excelsus
1187 2138 1215 2167 et
1239 2137 1415 2166 immensus.
1438 2134 1539 2163 Immo
1563 2140 1643 2163 vero
1669 2139 1732 2162 non

1032 2185 1136 2213 solum
1148 2190 1239 2212 mons
1251 2181 1322 2218 est,
1334 2180 1392 2210 sed
1408 2179 1441 2210 et
1451 2187 1543 2210 mons
1555 2177 1714 2208 montium
1724 2201 1732 2215 ,

1030 2230 1143 2265 ‚multae
1159 2228 1193 2258 iu
1208 2235 1245 2257 eo
1259 2226 1465 2263 mansiones,
1480 2224 1578 2254 multi
1593 2223 1731 2254 montes.

1032 2274 1181 2311 Denique
1219 2271 1320 2302 etiam
1348 2268 1560 2301 fundamenta
1594 2268 1665 2305 ejus
1699 2269 1732 2298 in

1032 2321 1198 2351 montibus
1211 2318 1343 2350 sanctis.

1071 2368 1102 2397 2.
1118 2367 1157 2397 Et
1181 2374 1223 2396 ne
1244 2366 1306 2395 hoc
1328 2360 1461 2402 quidem
1477 2360 1608 2392 sanctus
1627 2360 1733 2391 tacuit

1032 2413 1127 2443 Isaias
1140 2412 1228 2442 :Erit
1235 2432 1245 2448 ,
1257 2410 1379 2448 inquit,
1390 2417 1477 2439 mons
1489 2409 1597 2438 domus
1607 2406 1735 2438 Domini

1031 2459 1224 2498 proeparatus
1238 2457 1271 2486 in
1281 2456 1391 2486 verlice
1406 2455 1577 2489 montium,
1594 2453 1623 2482 et
1636 2452 1734 2481 eleva-

1033 2505 1093 2534 bitu
1099 2514 1114 2533 r
1124 2512 1214 2541 super
1222 2502 1320 2531 colles.
1330 2499 1451 2537 Quidni
1460 2497 1619 2528 montium
1628 2503 1731 2533 mons,

1033 2548 1183 2579 fundatus
1210 2546 1427 2577 exsultatione
1442 2543 1603 2582 universae
1617 2540 1731 2577 terrae,

1033 2594 1089 2623 ubi
1111 2595 1175 2623 tam
1200 2591 1374 2629 multiplex
1389 2588 1533 2619 omnium
1557 2585 1732 2616 delectabi-

1034 2639 1111 2667 lium
1131 2638 1240 2673 copia,
1256 2637 1312 2666 ubi
1331 2643 1392 2666 una
1409 2633 1572 2672 copiarum
1587 2631 1731 2663 omnium
