1810 3073
286 211 346 240 254

285 265 395 296 fructu
409 275 573 307 meorum,
589 268 616 300 si
628 270 702 309 quis
712 272 780 310 est,
799 272 834 301 in
849 271 985 301 Domino

285 311 557 345 studiorum.Tibi
569 315 671 346 debeo
686 317 713 346 si
727 317 862 355 profeci,
873 316 899 346 si
911 325 985 355 pro-

285 355 343 387 fui.
360 358 408 388 Tu
423 359 628 391 intricabaris
642 383 651 399 ,
672 363 706 392 et
720 371 779 399 ego
794 363 849 391 tuo
863 362 986 391 benefi-

285 403 336 432 cio
360 403 494 436 feriatus
517 407 670 437 sedebam
692 408 791 445 mihi,
817 409 873 437 aut
895 408 983 437 certe

283 447 405 479 divinis
430 451 594 490 obsequiis
614 453 757 483 sanctius
785 453 982 490 occupabar,

282 494 340 523 aut
365 495 518 527 doctrinae
537 498 677 527 filiorum
700 499 815 528 utilius
836 498 984 528 intende-

282 537 368 569 bam.
385 542 446 571 Cur
458 543 545 571 enim
554 552 685 574 securus
697 544 784 574 intus
792 552 855 574 non
866 552 982 581 essem,

282 593 357 615 cum
375 587 408 616 te
434 588 551 617 scirem
580 591 731 626 agentem
751 590 828 619 foris
849 598 981 619 manum

281 630 452 661 dexteram
469 635 705 671 meam,lumen
718 636 884 665 oculorum
893 643 982 665 meo-

280 682 370 713 rum,
391 679 505 713 pectus
517 687 626 708 meum
642 681 675 709 et
692 681 837 718 linguam
852 680 982 710 meam?

280 720 319 750 Et
346 722 480 759 quidem
503 724 666 755 indefessa
701 735 834 764 manus,
868 728 981 758 oculus

279 765 431 805 simplex,
447 771 561 806 pectus
569 771 695 800 consilii
705 794 713 809 ,
725 772 834 810 lingua
845 772 980 810 loquens

277 811 439 849 judicium
452 836 462 852 ,
487 815 570 845 sicut
586 817 744 854 scriptum
760 819 829 847 est:
847 820 887 849 Os
902 820 983 856 justi

279 859 475 889 meditabitur
501 863 702 899 sapientiam,
728 866 756 893 et
781 865 887 903 linqua
917 865 980 903 ejus

278 904 419 942 loquetur
427 905 589 942 judicium.

319 950 348 977 7.
373 950 436 978 Sed
451 951 530 988 quid
542 952 611 980 dixi
624 951 701 982 foris
710 954 858 990 agentem
868 955 980 985 illum?

278 994 368 1031 quasi
384 995 676 1026 internaGirardus
691 1000 854 1038 nesciret,
865 1008 901 1029 ac
913 1000 980 1038 spi-

278 1040 445 1070 ritualium
454 1049 570 1079 expers
581 1045 666 1072 esset
681 1044 980 1076 donorum.Norunt

277 1085 333 1122 qui
364 1086 456 1115 illum
485 1089 605 1117 norunt
640 1089 826 1126 spirituales
841 1112 850 1127 ‚
884 1100 978 1129 quam

275 1131 378 1162 verba
396 1133 465 1168 ejus
480 1133 631 1170 spiritum
646 1134 843 1165 redolerent.
859 1137 979 1166 Norunt

276 1177 536 1215 contubernales,
549 1187 646 1217 quam
662 1188 768 1210 mores
783 1181 853 1218 ejus
868 1182 901 1211 et
912 1183 980 1212 stu-

276 1223 329 1252 dia
352 1231 416 1252 non
441 1232 571 1253 carnem
597 1228 766 1263 saperent,
793 1227 850 1256 sed
871 1227 979 1257 serve-

275 1270 348 1299 rent
360 1269 489 1306 spiritu.
505 1270 581 1306 Quis
598 1271 653 1299 illo
673 1271 807 1309 rigidior
822 1273 855 1301 in
876 1274 979 1303 custo-

275 1314 327 1344 dia
343 1314 548 1353 disciplinae?
564 1315 636 1352 quis
652 1316 686 1345 in
707 1317 892 1355 castigando
909 1327 979 1348 cor-

276 1369 337 1399 pus
365 1369 461 1391 suum
483 1361 662 1391 districtior
677 1383 686 1399 ,
709 1364 896 1400 suspensior
924 1366 976 1394 vel

274 1407 444 1436 sublimior
469 1407 503 1436 in
523 1408 774 1444 contemplando
788 1430 797 1446 ,
825 1410 977 1439 subtilior

274 1452 310 1481 iu
325 1451 538 1481 disserendo?
557 1452 690 1488 Quoties
715 1462 789 1482 cum
812 1462 850 1484 eo
876 1455 977 1485 disse-

273 1505 350 1527 rens
371 1506 409 1527 ea
430 1497 530 1526 didici
553 1506 625 1535 quae
641 1499 844 1537 nesciebam3
873 1502 907 1530 et
920 1502 974 1539 qui

275 1543 428 1572 docturus
439 1543 633 1573 adveneram
645 1566 653 1580 ,
669 1544 781 1574 doctus
794 1546 896 1584 magis
907 1547 976 1576 abs—

274 1589 355 1618 cessi
371 1588 383 1617 ἓ
407 1589 470 1618 Nec
486 1589 606 1618 mirum
623 1589 662 1618 de
684 1598 755 1627 me,
779 1599 851 1620 cum
868 1593 974 1630 magni

273 1642 310 1664 ac
332 1634 495 1671 sapientes
516 1635 583 1663 viri
604 1635 744 1672 idipsum
762 1637 975 1668 nihilominus

274 1688 316 1709 ex
332 1679 387 1708 illo
400 1680 461 1708 sibi
474 1680 628 1709 accidisse
638 1682 885 1712 testeiitur.Non
902 1692 975 1721 cog-

271 1726 364 1754 novit
388 1725 627 1755 litteraturam:
645 1726 701 1755 sed
716 1727 831 1756 habuit
848 1728 975 1758 littera-

272 1779 344 1800 rum
356 1771 560 1801 inventorem
572 1779 714 1809 sensum,
728 1773 843 1803 habuit
859 1775 891 1803 et
903 1775 975 1805 illu·

271 1818 454 1847 minantem
480 1818 648 1855 Spiritum.
675 1819 740 1848 Nec
762 1819 796 1849 in
823 1821 974 1850 maximis

271 1865 397 1893 tantum
408 1886 416 1901 ,
434 1863 489 1893 sed
506 1864 541 1893 in
557 1864 703 1894 minimis
718 1866 879 1896 maximus
893 1868 972 1897 erat.

271 1910 357 1946 Quid
389 1909 509 1948 (verbi
535 1917 628 1939 causa
644 1909 653 1948 )
685 1911 718 1940 in
745 1911 891 1942 aediflciis
904 1934 913 1950 ,
939 1914 973 1943 in

270 1956 368 1993 agris,
385 1956 501 1993 hortis,
512 1956 615 1993 aquiS,
631 1957 755 1986 cunctis
771 1957 910 1996 denique
923 1968 974 1989 ar—

271 2001 358 2030 tibus
383 2010 440 2031 seu
460 2002 614 2039 operibus
637 2002 832 2032 rusticorum
847 2003 858 2032 2
872 2005 951 2042 quid
963 2028 971 2043 ,

271 2047 402 2085 inquam
416 2070 425 2084 ,
441 2048 494 2077 vel
512 2048 545 2077 in
560 2048 621 2077 hoc
643 2056 752 2078 rerum
772 2057 892 2087 genere
917 2051 973 2080 Gi-

269 2094 355 2123 rardi
372 2093 571 2131 subterfugit
595 2094 747 2132 peritiam
762 2094 775 2122 ἓ
796 2095 972 2126 Caementa-

269 2140 345 2175 riis,
364 2139 481 2177 fabris,
500 2140 648 2178 agricolis
662 2162 670 2177 ,
696 2140 895 2179 hortulanis,
919 2150 972 2172 su-

270 2185 412 2221 toribus,
429 2185 524 2222 atque
548 2185 731 2215 textoribus
746 2185 841 2215 facile
857 2187 972 2224 magis-

269 2229 321 2258 ter
337 2231 418 2258 erat.
433 2230 577 2267 Cumque
598 2231 744 2258 omnium
763 2230 889 2266 judicio
905 2240 971 2261 om-

270 2274 368 2304 nibus
384 2275 468 2304 esset
480 2275 669 2312 sapientior,
686 2288 697 2303 s
706 2275 760 2303 ⁴lis
774 2275 808 2304 in
820 2276 884 2306 suis
896 2285 971 2306 ocu-

269 2319 310 2350 lis
325 2328 388 2349 non
414 2321 484 2350 erat
507 2320 646 2358 sapiens.
674 2322 802 2350 [tinam
830 2322 969 2360 multos,

271 2366 332 2396 etsi
348 2366 454 2395 minus
465 2366 627 2403 sapientes
640 2387 649 2403 ,
665 2374 728 2395 non
741 2366 813 2403 plus
824 2367 970 2405 tangeret

270 2413 327 2441 illa
346 2411 554 2441 maledictio:
572 2412 627 2442 Vae
652 2413 705 2450 qui
727 2413 877 2451 sapientes
901 2417 970 2445 estis

269 2460 302 2487 in
317 2458 408 2488 oculis
420 2458 526 2488 vestris
541 2458 551 2486 !
565 2457 748 2487 scientibus
763 2458 823 2487 ista
838 2459 968 2498 loquor,

268 2505 303 2533 et
325 2503 430 2533 adhuc
453 2503 547 2542 plura
573 2503 623 2532 his
639 2503 678 2532 de
694 2503 768 2541 illo,
793 2504 827 2533 et
847 2505 968 2542 maj0ra

269 2549 453 2588 compertis.
478 2550 576 2579 Pareo
611 2550 721 2579 tamen
735 2571 743 2586 ,
784 2550 861 2588 quia
896 2559 968 2580 caro

269 2603 360 2634 mea,
382 2596 416 2625 et
440 2595 539 2626 frater
553 2595 613 2625 est.
630 2596 697 2625 Hoc
715 2596 822 2626 tamen
838 2604 970 2627 securus

270 2641 368 2679 eddo,
386 2641 466 2670 mihi
535 2642 575 2672 lis
591 2642 624 2672 in
649 2641 798 2673 omnibus
844 2644 875 2673 ct
902 2651 968 2681 prat³

744 218 774 245 S.
805 218 1048 246 BERNARDI
1075 218 1264 249 ABBATIS

1019 272 1190 302 omnibus:
1206 273 1269 304 fuit
1289 274 1380 305 utilis
1400 275 1435 306 in
1452 275 1561 315 parvis
1576 276 1609 307 et
1631 284 1714 318 mag-

1018 316 1080 352 nis,
1091 316 1125 345 in
1132 318 1268 355 privatis
1276 320 1309 348 et
1320 320 1471 358 pubIIcis,
1485 320 1561 355 foris
1569 321 1603 351 et
1614 321 1712 352 intus.

1018 361 1129 391 Merito
1145 370 1187 392 ex
1203 371 1241 393 eo
1252 365 1434 402 pendebam
1450 366 1552 404 totus,
1567 366 1623 403 qui
1634 366 1714 396 mihi

1018 407 1120 441 totum
1136 410 1217 438 erat.
1231 409 1340 439 Solum
1351 419 1435 449 pene
1442 411 1623 450 reliquerat
1633 412 1714 442 mihi

1016 453 1192 489 provisoris
1220 454 1377 485 honorem
1401 457 1435 486 et
1463 465 1583 487 nomen
1596 465 1605 494 ;
1640 465 1722 487 nam,

1016 505 1095 534 opus
1107 497 1176 535 ipse
1190 498 1341 529 faciebat.
1354 501 1416 537 Ego
1424 501 1589 531 vocitabar
1596 501 1720 539 Abbas„

1015 542 1073 571 sed
1088 542 1144 573 ille
1156 545 1293 581 praeerat
1308 545 1342 574 in
1357 546 1585 576 sollicitudine.
1602 546 1714 577 Merito

1014 589 1177 626 requievit
1210 591 1244 620 in
1276 591 1333 621 illo
1361 592 1493 629 spiritus
1520 600 1630 630 meus,
1655 599 1714 630 per

1014 642 1110 671 quem
1125 635 1244 666 licebat
1257 637 1412 667 delectari
1424 637 1459 667 in
1474 638 1623 674 Domino,
1635 645 1715 676 prae·

1015 679 1123 710 dicare
1137 682 1290 720 liberius,
1307 691 1398 713 orare
1413 683 1572 713 securius.
1588 684 1650 712 Per
1660 684 1712 722 te,

1014 725 1147 763 inquam
1159 749 1168 765 ,
1186 728 1268 757 mihi
1279 750 1287 766 ,
1301 728 1400 758 frater
1408 729 1453 758 mi
1466 751 1475 766 ,
1487 737 1579 758 mens
1594 728 1713 767 sobria,

1014 771 1047 800 et
1069 773 1158 809 grata
1182 773 1294 811 quies,
1314 782 1420 803 sermo
1441 773 1624 812 efficacior,
1639 774 1714 812 pin-

1013 816 1104 853 guior
1118 818 1218 847 oratio
1229 840 1238 856 ,
1255 818 1456 857 frequentior
1471 819 1587 857 lectio,
1604 819 1637 849 et
1648 819 1716 849 fer-

1014 863 1141 892 ventior
1153 864 1296 894 affectus.

1051 908 1082 937 8.
1099 909 1194 938 Heu!
1221 910 1368 940 sublatus
1382 919 1434 948 es,
1457 909 1492 940 et
1512 909 1580 940 haec
1603 910 1712 940 omnia

1012 952 1121 983 simul.
1137 955 1256 984 Tecum
1273 956 1516 994 omnes‘pariter
1530 956 1639 985 abiere
1657 956 1712 985 de-

1013 997 1108 1036 liciae,
1117 1000 1149 1028 et
1159 1000 1278 1029 laetitiae
1287 1009 1379 1031 meae.
1389 1002 1459 1030 Jam
1475 1010 1560 1032 curae
1572 1002 1711 1039 irruunt,

1010 1044 1076 1080 jam
1095 1046 1253 1074 molestiae
1265 1046 1341 1075 hinc
1357 1047 1433 1076 inde
1447 1047 1593 1084 pulsant,
1609 1047 1643 1076 et
1657 1055 1712 1076 an-

1011 1090 1126 1126 gustiae
1141 1090 1285 1128 undique
1301 1092 1404 1121 solum
1426 1100 1478 1121 me
1499 1093 1711 1130 repererunt,

1012 1135 1087 1163 solae
1099 1134 1181 1163 mihi
1189 1136 1222 1164 te
1231 1136 1370 1166 abeunte
1381 1136 1618 1174 remanserunt,
1626 1137 1713 1167 solus

1011 1179 1071 1208 sub
1086 1180 1212 1209 sarcina
1225 1189 1330 1218 gemo.
1347 1181 1410 1211 Aut
1424 1189 1566 1219 ponere,
1582 1181 1637 1210 aut
1653 1189 1710 1219 op·-

1011 1223 1106 1260 primi
1119 1232 1251 1254 necesse
1263 1225 1329 1262 est,
1342 1225 1416 1263 quia
1431 1227 1467 1255 tu
1478 1226 1550 1255 tuos
1560 1225 1711 1256 humeros

1011 1269 1206 1300 subduxisti.
1222 1271 1299 1307 Quis
1313 1270 1395 1300 mihi
1410 1271 1532 1301 tribuat
1546 1271 1609 1301 cito
1628 1272 1709 1301 mori

1011 1316 1082 1353 post
1097 1316 1151 1346 te!
1167 1317 1246 1345 Nam
1270 1325 1327 1355 pro
1343 1317 1375 1347 te
1396 1317 1498 1346 nolim
1511 1339 1520 1355 ,
1536 1318 1641 1347 necte
1653 1317 1707 1346 tua

1011 1361 1159 1391 fraudare
1177 1362 1287 1399 gloria.
1304 1363 1400 1392 Porro
1413 1362 1623 1400 supervivere
1635 1362 1708 1400 tibi,

1010 1407 1101 1437 labor
1110 1429 1119 1445 ,
1136 1410 1169 1438 et
1181 1408 1281 1437 dolor.
1306 1408 1420 1437 Vivam
1431 1430 1440 1446 ,
1463 1408 1566 1446 quoad
1579 1408 1688 1437 vivam
1700 1430 1709 1445 ‚

1010 1453 1042 1481 in
1063 1454 1303 1490 amaritudine,
1325 1454 1434 1483 vivam
1455 1454 1488 1482 in
1500 1461 1659 1483 moerore:
1677 1455 1710 1484 et

1010 1497 1077 1527 haec
1098 1498 1139 1527 sit
1167 1498 1249 1527 mihi
1273 1499 1465 1535 consolatio,
1488 1494 1525 1528 ut
1545 1499 1711 1529 moerendo

1008 1543 1142 1580 affligar.
1159 1545 1226 1573 Non
1241 1552 1368 1581 parcam
1379 1566 1387 1582 ,
1402 1545 1434 1574 et
1445 1544 1566 1581 juvabo
1580 1553 1709 1575 manum

1008 1589 1159 1619 Domini:
1182 1589 1303 1619 etenim
1322 1597 1436 1619 manus
1457 1590 1588 1619 Domini
1603 1590 1710 1628 tetigit:

1007 1643 1072 1664 me.
1093 1635 1142 1664 Me
1153 1657 1161 1672 ,
1179 1635 1312 1672 inquam
1326 1657 1335 1672 ,
1351 1635 1460 1672 tetigit
1476 1636 1509 1664 et
1523 1636 1707 1673 percussit,

1007 1689 1070 1710 non
1092 1681 1183 1711 illum
1195 1702 1204 1718 ,
1220 1689 1318 1719 quem
1333 1681 1462 1711 vocavit
1477 1681 1516 1710 ad
1535 1681 1683 1718 requiem
1697 1690 1706 1710 z

1007 1734 1058 1755 me
1074 1726 1193 1756 cecidit
1205 1747 1214 1763 ,
1231 1734 1305 1755 cum
1329 1726 1468 1756 succidit
1488 1727 1593 1755 illum.
1610 1727 1708 1756 Num-

1006 1772 1085 1810 quid
1101 1772 1188 1802 enim
1207 1772 1347 1801 occisum
1363 1772 1436 1810 quis
1452 1772 1595 1809 dixerit,
1610 1780 1706 1810 quem

1006 1818 1167 1856 plantavit
1183 1818 1217 1847 in
1232 1818 1299 1847 vita
1314 1817 1377 1847 Mt
1391 1817 1478 1856 quod
1498 1817 1549 1847 illi
1570 1818 1644 1848 vitae
1657 1817 1706 1854 ja-

1006 1873 1071 1894 nua
1086 1864 1166 1902 fuit,
1182 1865 1266 1893 mihi
1290 1864 1387 1902 plane
1403 1863 1452 1893 est
1467 1871 1572 1894 mors:
1590 1871 1706 1902 meque

1006 1911 1062 1940 illa
1073 1911 1176 1940 morte
1191 1911 1354 1939 mortuum
1367 1910 1507 1939 dixerim
1517 1931 1526 1947 ,
1541 1917 1605 1939 non
1621 1910 1705 1940 hune

1005 1957 1061 1995 qui
1076 1957 1270 1986 obdormivit
1283 1957 1315 1985 in
1325 1956 1473 1986 Domino.
1490 1956 1600 1993 Exite,
1616 1957 1705 1986 exite

1005 2004 1156 2041 lacrymae
1175 2002 1371 2040 Jampridem
1390 2002 1558 2040 cupientes
1573 2010 1581 2030 ε
1595 2002 1703 2038 exite,

1005 2047 1081 2086 quia
1096 2047 1123 2077 is
1137 2047 1192 2085 qui
1208 2047 1300 2076 vobis
1315 2048 1460 2077 meatum
1480 2047 1702 2084 obstruxerat,

1006 2093 1210 2123 commeavit.
1220 2092 1416 2130 Aperiantur
1424 2092 1590 2122 cataractae
1596 2092 1704 2122 miseri

1006 2139 1139 2176 capitis,
1156 2139 1189 2167 et
1209 2139 1384 2175 erumpant
1403 2137 1508 2167 fontes
1527 2144 1704 2174 aquarum,

1004 2184 1031 2213 si
1046 2183 1127 2213 forte
1144 2183 1306 2213 sufficiant
1323 2182 1432 2212 sordes
1452 2182 1579 2212 diluere
1594 2183 1703 2221 culpa-

1003 2236 1094 2264 rum,
1107 2229 1226 2266 quibus
1242 2229 1322 2258 iram
1337 2227 1454 2257 merui.
1471 2228 1549 2257 Cum
1564 2228 1704 2258 consola-

1003 2277 1055 2305 tus
1068 2275 1167 2304 suerit
1181 2282 1278 2313 super
1292 2282 1344 2304 me
1360 2273 1515 2303 Dominus
1525 2295 1534 2311 ,
1550 2274 1628 2304 tunc
1642 2273 1704 2304 for-

1004 2320 1095 2350 tassis
1111 2322 1143 2351 et
1155 2329 1213 2359 ego
1226 2328 1352 2350 merear
1363 2319 1540 2357 consolari,
1557 2320 1583 2349 si
1594 2320 1700 2350 tamen

1003 2375 1067 2397 non
1081 2375 1258 2405 pepercero
1281 2375 1298 2396 a
1314 2374 1451 2396 moerore
1467 2375 1475 2395 z
1489 2373 1564 2396 nam
1585 2365 1640 2403 qui
1654 2365 1701 2395 lu-

1004 2413 1097 2451 gent,
1134 2413 1195 2451 ipsi
1230 2412 1492 2442 consolabuntur.
1530 2411 1700 2449 Propterea

1004 2458 1240 2489 condescendat
1253 2458 1335 2488 mihi
1352 2458 1456 2488 omnis
1470 2458 1616 2494 sanctus,
1626 2455 1699 2486 etin

1004 2506 1120 2543 spiritu
1135 2505 1280 2535 lenitatis
1294 2505 1350 2544 qui
1365 2503 1542 2543 spiritualis
1552 2503 1615 2539 est,
1631 2509 1699 2532 sus-

1003 2553 1107 2582 tineat
1127 2551 1375 2582 lamentantem.
1395 2550 1514 2580 Luctus
1528 2555 1618 2578 meus
1637 2547 1697 2576 hu-

1004 2605 1117 2634 mano,
1141 2604 1270 2634 quaeso,
1298 2596 1453 2633 pensetur
1478 2592 1610 2628 affectu,
1633 2597 1695 2620 1¹⁰⁰

1004 2652 1074 2673 usu.
1093 2642 1247 2674 videmus
1263 2650 1379 2681 nempe
1402 2640 1539 2670 mortuos
1552 2634 1695 2676 quotidie
