1810 3073
289 215 349 244 2:56

287 267 367 307 feri,
385 270 417 301 et
440 269 535 301 fovea
559 270 752 310 perditionis
767 271 807 301 ad
829 269 989 300 inventio-

285 321 362 344 nem
377 316 489 346 salutis
505 325 513 346 :
530 316 628 354 idque
654 317 694 346 ab
719 316 850 346 homine
872 322 988 352 pecca—

286 360 367 389 tore.
385 361 476 390 Juste
488 361 645 390 nimirum
657 383 665 399 ,
682 361 757 398 quia
773 361 808 389 tu
824 360 936 396 inique
955 357 987 386 111

287 404 454 435 hominem
473 407 680 436 innocentem
697 407 729 435 ct
742 406 865 442 justum
880 405 989 441 potes-

285 451 388 480 tatem
404 453 578 482 temeraria
594 451 768 489 usurpasti.
792 450 915 479 Mortua
937 456 987 485 es,

285 502 305 523 0
319 503 415 534 mors,
428 496 630 534 etperforata
642 496 736 524 hamo
749 502 845 532 quem
860 493 987 522 incauta

284 540 422 577 glutiisti
433 542 544 579 ,cujus
556 542 683 571 11131·οΧ
696 543 744 571 est
760 541 794 570 in
808 539 985 577 Propheta:

285 585 311 614 Ο
324 594 416 622 mors,
428 596 479 616 ero
495 595 577 616 mors
591 589 644 616 tua
657 607 666 622 ‚
691 594 812 615 morsus
826 586 895 614 tuus
917 592 986 620 ero,

282 631 414 668 inferne.
430 632 508 669 1110,
527 632 680 669 inquam,
696 631 790 661 hamo
806 629 966 668 perforata
978 651 986 666 ,

283 676 529 707 transeuntibus
542 685 601 715 per
615 677 760 706 medium
776 676 824 705 tui
836 675 987 705 fidelibus

282 721 385 751 latum
408 723 583 761 laetumque
599 723 727 753 exitum
741 722 859 760 pandis
873 721 914 751 ad
936 721 986 751 vi-

282 766 361 795 tam.
378 767 531 797 Girardus
547 769 578 797 te
594 776 658 797 non
674 767 843 803 formidat,
857 766 985 795 larvalis

283 810 418 848 effigies.
449 813 602 843 Girardus
633 821 692 851 per
725 812 849 842 medias
877 810 986 840 fauces

284 857 357 886 tuas
372 857 488 887 transit
509 859 550 888 ad
569 859 726 896 patriam,
746 866 810 887 non
824 857 920 886 modo
935 866 985 887 se-

283 908 396 938 curus,
413 902 470 931 sed
496 904 529 932 et
555 902 758 931 laetabundus
782 903 815 931 et
840 901 983 931 laudans.

283 945 360 973 Cum
378 954 453 983 ergo
475 947 758 983 supervenissem,
785 948 819 975 et
839 947 985 975 extrema

280 990 347 1025 jam
363 991 477 1027 psalmi
490 1000 540 1020 me
551 992 704 1021 audiente
718 992 802 1020 clara
810 999 888 1020 voce
902 1000 986 1020 00111-

283 1036 421 1072 plesset,
437 1037 616 1074 suspiciens
632 1037 665 1066 111
681 1037 798 1066 coelum
815 1058 824 1074 ,
841 1037 908 1066 ait:
925 1039 986 1067 Pa-

283 1082 346 1116 ter,
363 1083 393 1110 in
411 1091 520 1112 manus
548 1084 619 1112 tuas
647 1083 825 1111 commendo
845 1084 985 1120 spirltum

283 1134 395 1155 meum.
413 1128 449 1156 Et
465 1128 616 1164 repetens
625 1127 775 1156 eumdem
791 1135 985 1164 sermonem,

283 1179 319 1200 ac
337 1171 526 1210 frequenter
542 1172 744 1210 ingeminans
760 1173 867 1208 Pater,
879 1174 985 1208 Pater,

283 1225 460 1248 conversus
482 1218 522 1248 ad
547 1226 621 1255 me,
647 1217 829 1247 exhilarata
854 1218 986 1255 quidem

282 1261 385 1300 facie,
402 1275 417 1289 «
434 1264 579 1302 Quanta,
591 1264 716 1302 inquit,
733 1263 876 1301 dignatio
901 1264 985 1301 Dei,

283 1318 301 1334 ¹·
316 1310 440 1346 patrem
453 1310 621 1339 hominum
637 1317 706 1339 esse
720 1309 727 1338 1
744 1309 866 1347 quanta
880 1308 987 1338 homi-

283 1365 301 1380 »
315 1363 391 1384 110111
404 1356 504 1392 gloria
515 1377 524 1392 ,
539 1355 598 1384 Dei
611 1355 694 1384 filios
708 1355 767 1384 Dei
785 1363 854 1384 esse
873 1355 986 1385 011130-

283 1411 301 1426 »
317 1401 410 1430 101105
427 1402 433 1430 1
450 1402 528 1430 Nam
544 1401 571 1431 si
586 1401 664 1439 filii,
678 1401 712 1430 et
727 1400 883 1430 haeredes.
903 1412 919 1427 υ
934 1401 985 1430 Sic

284 1446 435 1476 cantabat
455 1455 553 1485 quem
575 1455 633 1476 nos
660 1448 809 1484 lugemus
833 1455 841 1475 :
867 1446 901 1475 in
923 1455 985 1484 quo

283 1492 317 1520 et
330 1500 437 1521 meum
451 1514 460 1529 ,
477 1492 597 1530 fateor,
622 1493 746 1522 luctum
764 1499 848 1529 pene
864 1491 897 1521 in
912 1499 985 1520 can-

281 1537 353 1566 tum
379 1538 559 1576 eonvertit,
586 1538 666 1568 dum
699 1537 848 1567 intentus
874 1538 984 1575 gloriae

283 1583 371 1620 ejus,
385 1583 523 1621 propriae
538 1583 606 1613 fere
623 1583 762 1613 miseriae
778 1583 962 1613 obliviscor.

324 1629 373 1657 12.
388 1629 451 1658 Sed
480 1630 611 1659 revocat
630 1637 682 1658 me
704 1629 745 1658 ad
761 1637 812 1658 me
838 1637 984 1667 pungens

282 1674 389 1711 dolor,
412 1674 573 1712 facileque
592 1682 611 1703 a
626 1682 740 1703 sereno
766 1674 822 1704 illo
839 1674 963 1704 intuitu
975 1696 983 1712 ,

281 1721 445 1757 tamquam
458 1728 475 1748 a
489 1719 554 1749 levi
571 1720 693 1749 excitat
702 1728 813 1749 somno
829 1720 985 1758 perstrin-

283 1774 361 1803 gens
376 1766 535 1795 anxietas.
551 1766 703 1804 Plangam
730 1765 847 1804 igitur,
863 1765 919 1795 sed
932 1774 985 1795 su-

282 1820 341 1848 per
369 1820 438 1849 me,
465 1812 539 1850 quia
569 1820 667 1849 super
688 1812 783 1841 illum
803 1812 870 1849 jam
895 1812 985 1842 vetat.

281 1857 376 1885 ratio.
395 1857 473 1886 Puto
490 1856 579 1886 enim
593 1856 621 1886 si
650 1857 874 1894 opportunitas
890 1857 985 1887 dare-

281 1901 352 1939 tur,
368 1902 462 1931 modo
486 1902 612 1932 diceret
635 1902 751 1931 nobis:
779 1902 886 1932 Nolite
905 1902 983 1932 flere

282 1955 380 1985 super
402 1955 474 1984 me,
500 1948 558 1977 sed
586 1956 753 1986 supervos
778 1948 864 1986 ipsos
894 1948 982 1978 flete.

280 1993 410 2022 I'ianxit
431 1995 547 2023 merito
569 1994 675 2024 David
699 2001 797 2031 super
820 1994 982 2032 parricida

281 2038 369 2076 tilio,
399 2039 451 2068 0111
478 2040 637 2077 perpetuo
660 2039 758 2069 sciret
783 2039 983 2069 obstructum

280 2084 407 2114 exitum
423 2084 463 2114 de
478 2086 592 2115 ventre
604 2085 716 2115 mortis
730 2085 815 2115 111010
828 2084 983 2115 criminis.

281 2130 395 2160 Merito
411 2138 508 2169 super
525 2131 601 2161 Saul
623 2132 654 2160 et
675 2139 772 2168 super
791 2131 983 2168 Jonathan13

281 2175 401 2212 quibus
419 2185 509 2214 aeque
528 2176 687 2213 absorptis
702 2177 820 2213 semel,
845 2176 984 2205 emersio

278 2220 421 2258 jamnon
431 2223 588 2259 speratur.
598 2222 635 2251 Et
647 2222 780 2259 quidem
796 2222 983 2259 resurgent,

282 2267 340 2296 sed
355 2275 422 2296 non
438 2267 477 2297 ad
492 2267 593 2297 vitam
610 2276 617 2296 :
640 2267 739 2296 immo
758 2266 797 2296 ad
814 2266 913 2296 vitam
924 2288 932 2304 ,
948 2268 984 2297 ut

281 2313 351 2342 vivi
379 2313 413 2342 in
452 2314 555 2342 morte
585 2312 748 2342 infelicius
792 2313 982 2343 moriantur.

280 2359 469 2396 Quanquam
483 2358 522 2388 de
534 2358 669 2388 Jonatha
679 2357 779 2396 possit
792 2366 857 2387 11011
870 2357 984 2388 11111110-

282 2407 346 2436 rito
362 2406 485 2436 haerere
502 2406 675 2437 sententia.
693 2407 732 2436 At
742 2406 824 2436 milii
843 2407 903 2436 etsi
920 2415 983 2436 non

282 2452 341 2482 ista
358 2452 501 2490 suppetit
522 2452 695 2490 plangendi
722 2451 822 2489 ratio,
849 2460 913 2481 11011
935 2454 983 2482 ta-

282 2507 356 2528 men
379 2498 478 2528 nulla.
494 2498 611 2536 Plango
634 2498 773 2535 primum
794 2506 890 2536 super
911 2507 982 2528 mea

282 2544 384 2581 ipsius
405 2544 518 2582 plaga,
539 2546 636 2581 atque
655 2544 752 2581 hujus
776 2543 902 2581 jactura
927 2544 984 2573 do-

282 2598 376 2618 mus:
404 2589 521 2628 plango
548 2589 665 2619 deinde
685 2598 781 2627 super
803 2598 981 2627 pauperum
999 2576 1002 2639 1

283 2634 549 2674 necessitatibus,
573 2643 709 2674 quorum
726 2635 877 2666 (1111111105
892 2636 983 2673 pater

753 218 784 246 s.
807 212 1043 245 BERNARDJ
1071 215 1264 243 ABBATrs

1023 268 1113 304 erat3
1136 268 1250 306 plango
1276 269 1363 298 certe
1393 269 1426 300 et
1451 277 1547 308 super
1569 268 1716 300 universo

1021 313 1105 342 statu
1126 314 1227 343 nostri
1242 313 1369 344 Ordinis
1391 316 1574 353 nostraeque
1596 315 1718 353 profes-

1020 358 1136 396 sionis,
1151 359 1207 396 qui
1233 359 1273 388 de
1289 360 1343 389 tuo
1353 381 1363 398 ,
1378 361 1509 390 Girarde
1520 383 1529 398 ,
1542 361 1610 389 zelo
1623 382 1631 398 ,
1645 369 1717 390 con-

1019 402 1092 431 silio
1107 404 1141 433 et
1165 404 1315 441 exemplo
1337 405 1435 434 robur
1464 414 1528 435 non
1556 405 1716 434 mediocre

1020 447 1169 485 capiebat
1191 457 1199 478 :
1223 449 1338 486 plango
1362 450 1544 488 postremo,
1567 450 1627 479 etsi
1655 457 1717 480 non

1018 500 1115 530 super
1130 494 1162 523 te
1176 516 1185 532 ,
1200 495 1333 532 propter
1345 495 1377 525 te
1393 496 1514 525 tamen.
1530 495 1612 524 Hine
1629 502 1718 532 pror-

1018 547 1091 577 sus,
1108 539 1184 569 hinc
1209 540 1332 570 afficior
1347 541 1509 579 graviter,
1529 541 1606 578 quia
1620 539 1719 569 vehe-

1017 586 1144 615 menter
1156 593 1238 615 amo.
1255 586 1293 615 Et
1306 594 1400 616 nemo
1409 586 1490 616 mibi
1502 586 1655 616 molestus
1664 585 1718 624 sit,

1018 630 1130 661 dicens
1153 640 1218 661 non
1238 632 1359 661 debere
1386 632 1432 661 sic
1456 631 1559 668 affici3
1575 638 1647 660 cum
1663 630 1718 659 be—

1016 676 1133 714 nignus
1147 676 1276 707 Samuel
1299 685 1396 715 super
1410 677 1548 715 reprobo
1572 683 1667 713 rege,
1685 675 1717 706 et

1016 722 1090 759 ptus
1109 722 1213 751 David
1227 731 1326 760 super
1340 722 1501 761 parricida
1513 721 1579 751 filio
1594 719 1716 750 satisfe-

1017 768 1120 798 cerint
1148 769 1308 798 affectioni
1320 790 1329 806 ,
1355 769 1388 798 et
1412 776 1477 798 non
1504 768 1544 797 ad
1567 766 1716 803 injuriam

1015 813 1111 851 fidei,
1141 822 1206 844 non
1234 814 1267 844 in
1299 814 1431 852 superni
1460 813 1716 852 suggillationem

1013 858 1139 894 judicii.
1148 860 1396 898 Absalonfilimae',
1405 860 1590 890 aitsanctus
1601 856 1717 895 David,

1013 905 1058 941 fili
1068 905 1253 935 mz'Absalon
1267 915 1276 934 .·
1293 906 1326 935 et
1340 913 1414 935 0000
1426 905 1498 943 plus
1508 912 1605 942 quam
1619 903 1717 932 Absa-

1015 949 1068 978 1011
1083 950 1148 979 1110.
1166 950 1312 984 Salvator
1332 958 1459 988 quoque
1474 949 1590 979 videns
1602 946 1718 977 civita-

1015 994 1081 1023 tem
1096 995 1288 1032 Jerusalem,
1301 995 1334 1024 et
1348 995 1531 1033 praevidens
1543 993 1716 1029 ruituram,

1015 1040 1191 1078 flevitsuper
1200 1049 1279 1069 eam.
1296 1040 1333 1069 Et
1348 1048 1405 1076 ego
1414 1039 1587 1077 propriam,
1603 1038 1636 1067 et
1646 1045 1718 1075 quae

1016 1084 1049 1112 in
1066 1084 1216 1122 praesenti
1232 1085 1280 1114 est
1301 1084 1534 1113 desolationem
1555 1090 1620 1112 non
1644 1089 1717 1111 50119

1016 1129 1094 1158 tiam
1107 1129 1119 1158 ἓ
1134 1129 1261 1168 Plagam
1276 1138 1382 1159 meam
1398 1130 1563 1159 recentem
1575 1149 1584 1165 ,
1600 1128 1633 1158 et
1646 1134 1717 1165 gra-

1016 1183 1092 1204 vem
1108 1183 1174 1205 non
1201 1174 1358 1206 doleam?
1381 1175 1439 1205 lile
1467 1174 1561 1204 flevit
1588 1180 1717 1211 compa—

1016 1221 1127 1250 tiendo
1140 1243 1149 1258 ,
1168 1221 1201 1249 et
1223 1229 1282 1258 ego
1307 1220 1460 1258 patiendo
1480 1228 1543 1249 non
1559 1216 1717 1248 audeam?

1016 1266 1053 1296 Et
1066 1267 1153 1296 certe
1169 1266 1209 1295 ad
1224 1266 1384 1296 tumulum
1399 1265 1508 1295 Lazari
1524 1273 1585 1295 nec
1602 1263 1717 1293 flentes

1017 1312 1140 1349 arguit,
1163 1320 1224 1341 nec
1241 1320 1258 1341 a
1273 1312 1351 1342 fletu
1374 1310 1562 1350 prohibuit,
1582 1310 1715 1346 insuper

1017 1358 1050 1387 et
1074 1357 1167 1386 flevit
1182 1366 1256 1387 cum
1272 1358 1426 1387 flentibus
1444 1365 1451 1386 ε
1468 1358 1508 1386 Et
1530 1357 1717 1392 lacrymatus

1016 1405 1077 1439 est,
1108 1403 1234 1441 inquit,
1267 1405 1366 1433 lesus.
1392 1402 1537 1432 Fuerunt
1564 1401 1716 1438 lacrymae

1016 1448 1081 1477 illae
1097 1448 1196 1478 testes
1204 1448 1347 1486 profecto
1362 1449 1505 1484 naturae,
1520 1445 1716 1475 nonindices

1016 1493 1219 1523 diffidentiae.
1240 1494 1387 1532 Denique
1404 1494 1436 1523 et
1450 1492 1571 1531 prodiit
1585 1499 1658 1520 mox
1675 1489 1714 1519 ad

1015 1547 1129 1569 vocem
1146 1540 1216 1576 ejus
1228 1538 1283 1577 qui
1299 1539 1368 1568 erat
1386 1540 1548 1575 mortuus,
1561 1545 1601 1567 ne
1615 1535 1717 1565 conti-

1015 1593 1079 1615 nuo
1102 1586 1198 1622 putes
1226 1584 1302 1614 fidei
1325 1583 1551 1624 praejudicium
1578 1580 1716 1613 dolentis

1016 1631 1178 1661 3110010111.

1057 1678 1105 1707 15.
1120 1677 1170 1707 Sic
1179 1684 1238 1706 nec
1248 1676 1343 1706 fletus
1356 1675 1469 1713 utique
1482 1672 1591 1704 noster
1606 1671 1717 1703 infide-

1016 1722 1115 1752 litatis
1131 1723 1179 1752 est
1207 1722 1352 1758 signum,
1378 1720 1434 1750 sed
1459 1717 1652 1748 conditionis
1667 1716 1717 1746 in-

1016 1767 1136 1797 dicium
1152 1775 1159 1795 :
1176 1775 1236 1796 nec
1252 1766 1328 1805 quia
1350 1771 1520 1803 percussus
1544 1763 1653 1801 ploro,
1666 1769 1716 1790 ar-

1016 1821 1076 1852 guo
1099 1813 1270 1843 ferientem
1281 1834 1290 1849 ,
1304 1811 1361 1841 sed
1388 1816 1526 1849 provoco
1541 1808 1714 1847 pietatem,

1015 1860 1224 1891 severitatem
1251 1858 1384 1887 flectere
1419 1856 1538 1893 satago.
1566 1853 1656 1884 Unde
1684 1854 1716 1883 et

1015 1906 1115 1936 verba
1130 1913 1203 1936 mea
1225 1904 1334 1934 dolore
1359 1902 1433 1932 sunt
1452 1901 1568 1939 plena,
1588 1907 1651 1929 non
1666 1899 1714 1929 ta-

1016 1960 1089 1981 men
1107 1952 1325 1981 etmurmure.
1339 1947 1500 1986 Numquid
1511 1954 1574 1976 non
1582 1945 1712 1983 plenum

1000 1997 1148 2035 ¹justitiae
1170 1995 1314 2034 protuli,
1331 1993 1416 2032 quod
1437 1993 1533 2022 unius
1547 1990 1714 2022 sententia>

1016 2042 1253 2081 complemento
1269 2042 1300 2070 et
1308 2040 1441 2078 punitus
1456 2038 1505 2068 est
1518 2037 1574 2075 qui
1589 2035 1712 2073 debuit,

1001 2089 1048 2120 et
1064 2088 1232 2118 coronatus
1240 2086 1295 2124 qui
1311 2083 1494 2115 meruitffit
1511 2082 1614 2112 adhuc
1626 2080 1712 2111 dico:

1000 2130 1101 2164 EBene
1123 2134 1297 2169 utrumque
1323 2130 1401 2160 fecit
1427 2128 1531 2158 dulcis
1556 2128 1590 2158 et
1610 2126 1713 2156 rectus

1000 2171 1184 2209 Dominus.
1222 2175 1473 2206 Misericordiam
1498 2176 1532 2204 et
1557 2173 1713 2210 judicium

1000 2238 1001 2241 ¹
1016 2223 1150 2254 cantabo
1167 2221 1227 2252 tibi
1237 2243 1246 2259 ,
1258 2220 1406 2250 Domine.
1420 2220 1533 2249 Cantet
1544 2217 1604 2248 tibi
1619 2217 1714 2247 mise-

1000 2269 1173 2306 rricordia,
1203 2275 1299 2306 quam
1328 2265 1433 2295 fecisti
1459 2273 1532 2294 cum
1546 2271 1639 2294 servo
1659 2264 1712 2293 tuo

1014 2314 1148 2344 Girardo
1165 2322 1173 2342 ε
1191 2313 1299 2343 cantet
1315 2312 1346 2341 et
1361 2310 1539 2348 judicium,
1562 2308 1645 2348 quod
1658 2315 1713 2338 nos

1000 2360 1190 2398 lportamus.
1219 2359 1254 2387 In
1280 2359 1381 2387 altero
1414 2356 1536 2393 bonus,
1557 2355 1589 2385 in
1615 2354 1713 2384 altero

1000 2401 1001 2405 ¹
1013 2407 1118 2444 justus
1139 2404 1334 2435 laudaberis.
1358 2403 1405 2432 An
1425 2402 1522 2432 soiius
1540 2401 1610 2430 laus
1623 2398 1713 2429 bonia

1000 2467 1001 2487 3
1015 2452 1112 2483 tatis?
1127 2451 1181 2481 Est
1196 2450 1228 2480 et
1238 2449 1383 2486 justitiae.
1399 2450 1503 2479 Justus
1516 2456 1562 2483 es,
1574 2444 1712 2479 Domine,

1000 2488 1043 2528 ‘et
1065 2499 1178 2527 rectum
1199 2496 1349 2533 judicium
1372 2495 1470 2523 mum.
1496 2491 1663 2522 Girardum
1677 2488 1711 2517 tu

1000 2534 1002 2574 J
1017 2541 1324 2580 dedisti‚on·ar‹ium
1337 2540 1371 2569 tu
1380 2538 1557 2568 abstulisti:
1574 2535 1607 2566 et
1619 2534 1644 2564 si
1659 2533 1712 2562 ‹10-

1017 2590 1121 2619 lemus
1130 2588 1273 2618 ablatum
1284 2608 1290 2619 ‚
1303 2594 1366 2616 11011
1378 2587 1486 2615 tamen
1494 2580 1712 2613 obliviscimur

1000 2642 1002 2652 ·
1017 2634 1100 2674 quod
1117 2633 1208 2664 datus
1225 2632 1303 2671 suit,
1320 2633 1353 2663 et
1363 2630 1479 2671 gratias
1493 2628 1613 2667 agimus
1629 2624 1712 2663 quod
