1846 3078
512 204 556 231 IN
581 202 784 232 CANTICA
809 201 957 230 SERMO
976 201 1170 229 Lxxvln.

128 255 198 289 sine
212 256 296 289 duce
314 257 347 288 et
361 255 560 296 praeceptore
581 256 650 287 vias
671 255 747 288 vitae
770 255 822 286 in-

127 304 217 341 gredi
235 312 300 334 non
320 302 515 340 formidant;
536 302 598 340 ipsi
613 301 675 332 sibi
698 301 732 331 in
753 301 821 332 arte

127 349 288 387 spirituali
305 348 499 379 exsistentes
515 349 549 378 et
564 348 716 386 discipuli
735 348 822 387 pari·

126 394 178 424 ter
189 395 222 424 et
236 394 392 432 magistri.
409 394 477 423 Non
489 393 612 424 sufficit
629 394 688 423 hoc
702 403 709 422 :
722 394 821 423 etiam

126 440 320 471 coacervant
333 439 511 478 discipulos
532 440 613 477 sihi,
629 439 705 470 caeci
726 439 823 468 duces

123 491 294 514 caecorum.
319 485 419 522 Quam
435 484 530 514 multi
555 493 597 514 ex
614 485 674 514 hoc
695 492 713 514 a
735 484 822 513 recto

124 529 253 560 tramite
268 531 540 568 periculosissime
558 530 722 560 aberrasse
740 538 823 559 com-

123 575 208 612 perti
229 576 324 605 sunt!
344 575 500 605 Nimirum
531 575 717 613 ignorantes
739 575 824 604 astu-

123 619 185 650 tias
202 621 322 651 satanae
336 622 369 651 et
391 621 601 659 cogitationes
623 621 741 659 ipsius,
757 621 824 650 fac-

123 666 193 695 tum
209 666 258 696 est
273 667 309 696 ut
323 666 378 704 qui
395 667 511 704 spiritu
529 666 712 704 coeperant,
728 674 822 696 carne

123 711 421 741 consummarentur
437 733 446 749 ,
481 711 614 740 abducti
661 710 821 748 turpiter,

122 754 204 791 lapsi
223 755 462 785 damnabiliter.
473 755 611 785 Videant
621 754 754 792 proinde
767 754 822 792 qui

122 799 278 837 ejusmodi
306 801 398 838 sunt,
423 800 582 838 quomodo
601 800 694 830 caute
708 799 822 829 ambu-

121 845 207 882 lent,
223 846 256 875 et
273 845 313 876 de
334 854 448 884 sponsa
469 846 657 884 exemplum
681 846 820 884 sumant,

119 899 192 929 quae
205 897 269 920 non
286 891 376 929 prius
390 891 430 921 ad
446 899 533 929 eum,
548 899 646 929 quem
661 891 822 921 desidera-

119 936 192 974 bat,
206 938 274 966 ullo
289 936 382 966 modo
400 936 503 966 valuit
517 936 692 974 pervenire
703 958 712 973 ,
724 944 820 974 quam

120 980 184 1011 sibi
216 981 443 1018 occurrerent,
469 989 605 1019 quorum
636 981 820 1019 magisterio

119 1026 267 1057 uteretur
290 1026 330 1056 ad
352 1026 609 1064 cognoscendum
630 1026 671 1056 de
687 1027 818 1065 dilecto,

119 1071 208 1101 certe
235 1071 275 1101 ad
294 1072 482 1101 discendum
501 1072 650 1102 timorem
674 1073 817 1103 Domini.

117 1117 311 1147 Senum-om
328 1118 384 1148 dat
400 1126 548 1155 manum,
565 1117 620 1155 qui
633 1117 708 1148 dare
724 1118 819 1149 dissi·-

118 1162 221 1193 mulat
235 1163 440 1201 praeceptori.
457 1164 495 1193 Et
509 1163 564 1201 qui
583 1163 720 1193 dimittit
740 1172 817 1195 oves

118 1208 153 1238 in
173 1216 291 1246 pascua
321 1209 441 1247 absque
457 1209 607 1246 custode,
636 1210 744 1248 pastor
769 1211 817 1241 est

117 1262 182 1284 11011
196 1254 319 1292 ovium,
332 1255 389 1284 sed
404 1255 566 1293 luporum.

157 1300 188 1330 7.
217 1301 307 1330 Ν11110
332 1300 398 1337 J'am
423 1300 591 1330 videamus
620 1300 660 1331 de
688 1309 815 1340 sponsa,

117 1345 275 1383 quomodo
287 1354 321 1375 se
337 1346 423 1375 dicat
439 1346 617 1375 inventam.
633 1347 711 1376 Mihi
729 1347 815 1376 enim

116 1389 243 1419 insuete
265 1390 343 1420 satis
365 1390 504 1419 verbum
531 1390 730 1421 inventionis
758 1400 815 1429 po-

115 1436 218 1465 suisse
233 1435 372 1465 videtur.
389 1436 467 1465 Nam
489 1435 536 1464 ita
552 1435 611 1465 hoc
627 1436 725 1473 dicit,
741 1445 777 1466 ac
790 1438 814 1466 si

115 1489 179 1510 uno
195 1481 235 1511 de
251 1482 320 1511 loco
335 1481 476 1510 Ecclesia
492 1481 631 1510 venerit.
648 1482 748 1511 Venit
759 1490 815 1512 au-

114 1527 183 1556 tem
197 1526 237 1555 ab
253 1526 384 1555 Oriente
401 1527 434 1555 et
448 1525 622 1556 Occidente
635 1526 728 1563 juxta
741 1536 814 1558 ver-

113 1571 192 1601 bum
206 1571 347 1609 Domini,
360 1573 393 1602 et
407 1579 425 1600 a
438 1571 562 1601 cunctis
573 1572 690 1602 finibus
706 1574 812 1604 terrae.

113 1617 178 1647 Sed
197 1625 304 1655 neque
321 1617 492 1654 aliquando
514 1618 704 1654 congregata
720 1619 814 1648 estin

112 1671 215 1693 unum
230 1663 335 1692 locum
349 1683 358 1699 ,
380 1661 438 1691 ubi
460 1661 499 1690 ab
524 1662 683 1699 Apostolis
700 1671 757 1693 seu
775 1664 814 1693 ab

114 1707 243 1745 Angelis
261 1706 466 1737 inveniretur
487 1706 676 1737 deducenda
698 1709 751 1738 vel
767 1709 814 1738 di-

112 1752 247 1791 rigenda
271 1752 312 1782 ad
334 1760 432 1790 eum,
448 1760 546 1790 quem
568 1752 677 1791 diligit
704 1754 812 1783 anima

111 1807 182 1829 sua.
205 1799 358 1828 Fueritne
378 1797 469 1836 prius
485 1798 619 1828 inventa
639 1807 734 1837 quam
750 1802 814 1830 col-

111 1843 217 1875 lecta?
231 1844 298 1873 Non
315 1853 322 1873 :
339 1844 414 1882 quia
425 1852 485 1873 1100
503 1845 582 1873 crat.
598 1845 811 1882 Quamobrem

112 1890 139 1919 si
164 1890 331 1920 collectam
345 1911 354 1927 ,
370 1890 397 1920 si
413 1891 635 1928 congregatam
649 1913 658 1928 ,
674 1892 701 1921 si
723 1894 810 1923 certe

110 1933 227 1975 (quod
252 1936 354 1973 magis
375 1936 532 1965 vocabulo
554 1936 704 1966 Ecclesiae
725 1946 812 1968 com-

110 1980 218 2020 petit)
235 1982 442 2011 convocatam
464 1989 481 2010 a
494 1981 759 2019 praedicatoribus
778 1993 811 2014 se

111 2025 266 2062 dixisset,
289 2025 476 2054 transissem
491 2025 701 2064 simpliciter,
715 2028 812 2057 mini-

109 2078 162 2099 me
174 2070 208 2099 111
224 2070 330 2107 aliquo
340 2069 597 2100 cunctabundus.
606 2071 811 2109 coadjutores

110 2115 265 2145 enimDei
275 2116 360 2153 sunt,
375 2123 473 2153 quem
488 2116 521 2145 et
532 2115 665 2146 audiere
675 2117 811 2155 loquen-

108 2161 177 2191 tem
193 2169 200 2189 :
220 2161 280 2199 Qui
292 2169 354 2190 non
378 2161 490 2198 colliqit
501 2169 620 2190 mecum
631 2182 641 2197 ‚
657 2162 807 2200 dispergit.

107 2206 173 2236 Sed
185 2214 291 2244 neque
307 2206 367 2236 1100
384 2206 466 2235 1111111
486 2206 525 2235 ab
539 2215 575 2236 re
594 2206 770 2246 videbitur,
783 2210 810 2238 si

108 2253 231 2283 dixerit
244 2252 316 2291 quis
336 2252 376 2282 ab
395 2252 443 2282 eis
463 2251 629 2282 fundatam
644 2252 714 2283 sive
730 2254 810 2283 aedi-

107 2298 248 2328 ficatam.
277 2296 448 2334 Siquidem
475 2298 536 2327 1100
569 2297 719 2329 fecerunt
745 2308 809 2330 una

108 2353 183 2374 cum
198 2343 274 2381 1110,
288 2343 346 2381 qui
369 2342 405 2372 in
428 2342 610 2380 Evangeliis
639 2344 807 2383 loquitur:

107 2392 150 2420 Et
164 2399 255 2428 super
277 2388 357 2418 hanc
377 2390 498 2427 petram
525 2389 679 2426 aedificabo
704 2391 809 2421 Eccle-

106 2437 187 2466 siam
197 2443 310 2465 meam.
329 2434 387 2471 Et,
401 2435 474 2472 quia
496 2434 626 2472 fundata
647 2435 691 2465 est
714 2444 808 2473 supra

104 2481 231 2518 firmam
239 2481 372 2519 petram.
388 2479 478 2509 Nunc
492 2487 571 2509 vero
588 2479 672 2509 nihil
690 2480 807 2511 horum

106 2526 264 2564 loquens,
289 2524 346 2554 sed
373 2525 491 2562 praeter
517 2524 648 2555 solitum
671 2525 806 2564 quidem

106 2571 284 2609 perhibens
311 2578 345 2600 se
368 2569 553 2608 111νο11131ος
576 2572 719 2605 cunctari
744 2573 807 2602 ali-

107 2617 263 2655 quantum
285 2624 341 2647 nos
362 2615 458 2655 facit,
474 2617 570 2656 atque
591 2617 625 2647 in
647 2616 806 2657 suspicio-

1489 208 1552 240 ¹⁴09

857 263 931 285 nem
953 254 1084 285 adducit
1103 254 1204 285 latere
1222 256 1307 294 1000,
1324 260 1406 296 quod
1421 261 1461 292 sit
1476 263 1552 292 dili-

857 300 984 340 gentius
997 300 1203 330 intuendum.

896 346 927 376 8.
943 346 1118 384 Volebam,
1143 346 1248 376 fateor
1259 367 1268 384 ,
1284 348 1467 388 praeterire,
1483 360 1552 382 mc-

857 399 919 429 que
932 391 1112 421 subducere
1132 391 1211 421 huic
1227 392 1401 429 scrutinio,
1417 396 1471 424 cui
1485 397 1550 425 sus—

857 437 952 467 ficere
968 445 1032 467 non
1050 437 1220 468 sentirem.
1233 437 1389 466 Caeterum
1403 441 1554 471 reminis—

857 490 932 512 cens
945 483 978 512 in
985 483 1117 522 quantis
1130 491 1221 521 aeque
1229 483 1338 513 dubiis
1353 483 1386 512 01
1399 483 1553 523 obscuris,

857 528 948 558 vobis
978 529 1111 567 quidem
1136 537 1261 559 sursum
1293 528 1387 558 corda
1417 528 1556 558 levanti-

858 573 916 604 bus
927 596 936 612 ,
949 575 1048 604 etiam
1062 583 1158 614 supra
1173 583 1262 613 spem
1284 582 1390 603 meam
1411 572 1555 609 adjutum

857 626 909 648 me
924 620 1082 649 senserim
1092 642 1101 658 ,
1120 619 1221 658 pudet
1232 618 1441 649 diffidentiae:
1458 621 1492 648 et
1506 626 1557 647 re·

857 664 1063 701 prehendens
1090 665 1243 696 timorem
1269 673 1399 701 meum,
1427 663 1556 693 adorior

857 716 920 738 non
932 710 1062 747 quidem
1077 711 1200 740 temere
1210 732 1219 748 ,
1234 710 1321 749 quod
1335 709 1450 739 timide
1465 707 1556 738 refu-

857 753 996 791 giebam.
1026 755 1137 785 Aderit
1159 753 1171 794 (
1186 755 1224 785 ut
1248 754 1371 785 confido
1395 753 1407 793 )
1426 753 1555 784 solitum

857 798 1052 836 adjutorium
1067 809 1076 830 :
1092 800 1178 839 quod
1191 800 1218 830 si
1231 801 1350 838 minus,
1361 799 1446 838 apud
1457 799 1556 829 bene-

856 845 945 875 volos
959 845 1069 877 tamen
1083 846 1248 877 auditores
1262 854 1327 876 non
1338 845 1402 875 erit
1416 845 1555 875 otiosum

855 890 941 928 quod
968 891 1070 922 volui.
1099 893 1221 923 Verum
1249 891 1310 922 hoc
1341 891 1477 921 habebit
1501 899 1554 921 se-

855 944 957 974 quens
971 945 1074 967 sermo
1089 937 1306 976 principium,
1321 945 1395 967 nam
1410 943 1554 975 praesen-

855 982 921 1011 tem
949 982 1003 1012 hic
1035 983 1225 1013 claudimus.
1253 983 1325 1021 lpse
1356 983 1466 1012 autem
1497 981 1553 1012 det

855 1027 946 1057 vobis
957 1036 995 1057 ea
1006 1037 1076 1066 quae
1085 1028 1237 1059 dicuntur
1247 1037 1310 1058 non
1320 1029 1422 1058 solum
1438 1027 1551 1057 tenere

854 1073 1053 1111 memoriter,
1069 1075 1126 1104 sed
1140 1074 1173 1104 et
1188 1074 1340 1104 ardenter
1355 1073 1503 1110 diligere,
1519 1072 1553 1101 et

854 1117 1028 1148 efficaciter
1042 1120 1236 1157 adimplere,
1247 1120 1386 1158 Sponsus
1402 1118 1552 1148 Ecclesiae

852 1163 944 1193 Jesus
958 1164 1100 1195 Christus
1115 1165 1271 1195 Dominus
1287 1165 1406 1201 noster,
1429 1163 1484 1201 qui
1501 1164 1550 1193 est

852 1217 948 1246 super
959 1210 1068 1240 omnia
1078 1212 1164 1242 Deus
1173 1210 1363 1241 benedictus
1374 1210 1408 1240 111
1419 1209 1550 1246 53001113,

852 1262 959 1284 3111011.

995 1357 1164 1391 SERMO
1192 1359 1413 1392 LXXVIII.

851 1433 935 1464 Quod
945 1440 1055 1464 sponsa,
1068 1435 1097 1458 id
1110 1437 1146 1458 051
1159 1435 1277 1459 Ecclesia
1291 1436 1447 1459 electorum
1459 1452 1466 1465 ,
1477 1443 1549 1467 prae-

881 1470 1012 1493 destinata
1025 1473 1061 1494 est
1075 1477 1089 1493 a
1101 1471 1156 1494 Deo
1167 1473 1230 1494 ante
1239 1472 1340 1495 saecula
1350 1488 1356 1500 ‚
1367 1473 1393 1494 et
1406 1477 1549 1501 praeventa

880 1505 912 1528 ab
925 1512 956 1529 eo
966 1508 998 1530 ut
1008 1509 1151 1537 quaereret
1164 1514 1230 1530 eum
1240 1524 1248 1537 ,
1258 1509 1285 1531 et
1297 1509 1521 1534 converteretur.

890 1567 919 1597 1.
936 1568 983 1597 ΑΙ)
1008 1569 1147 1598 verbum
1175 1568 1374 1599 inventionis
1392 1568 1444 1608 (si
1465 1570 1548 1600 bene

849 1613 999 1653 memini)
1012 1615 1079 1644 illic
1092 1615 1241 1645 stetimus
1250 1616 1281 1644 et
1291 1615 1453 1652 haesimus,
1462 1625 1550 1646 scru-

849 1661 992 1697 pulosius
1002 1661 1158 1691 videlicet
1167 1661 1336 1690 audientes
1346 1682 1354 1698 ,
1363 1661 1447 1699 quod
1455 1670 1547 1699 spon-

849 1713 882 1734 sa
903 1713 920 1734 3
942 1705 1207 1742 praedicatoribus
1234 1706 1300 1735 suis
1322 1714 1355 1735 se
1382 1706 1547 1736 inventam

849 1750 982 1780 dixerit.
1000 1752 1095 1780 Porro
1115 1759 1218 1781 causae
1240 1751 1356 1781 nostrae
1371 1752 1547 1783 cunctatio-

848 1796 898 1826 nis
923 1797 955 1826 et
980 1795 1190 1826 dubitationis
1219 1804 1237 1825 a
1261 1796 1355 1826 nobis
1384 1805 1546 1835 expressae

849 1842 934 1880 sunt,
951 1842 983 1872 et
997 1842 1103 1872 visum
1118 1843 1166 1872 est
1181 1841 1304 1880 aliquid
1317 1850 1385 1872 esse
1396 1851 1546 1881 quaeren-

848 1888 925 1918 dum
941 1897 948 1917 :
964 1888 1019 1918 sed
1039 1896 1103 1918 non
1121 1888 1156 1917 in
1178 1888 1266 1918 calce
1287 1889 1465 1926 sermonis,
1482 1898 1545 1927 quo

845 1934 912 1970 jam
937 1934 1162 1971 arctabamur,
1181 1933 1267 1971 quod
1290 1933 1460 1972 quaesitum
1484 1935 1542 1973 est,

848 1979 953 2016 potuit
982 1978 1151 2017 explicari.
1174 1978 1258 2015 Quid
1281 1979 1403 2015 restat,
1426 1978 1488 2008 nisi
1509 1980 1545 2008 ut

846 2025 992 2055 debitum
1002 2025 1070 2062 J'am
1084 2023 1265 2054 solvamus?
1279 2025 1315 2053 In
1328 2024 1545 2062 explicatione

847 2071 1038 2100 sacramenti
1059 2070 1166 2108 magni
1184 2069 1194 2110 (
1212 2070 1294 2099 illud
1313 2071 1444 2108 loquor,
1460 2071 1544 2108 quod

846 2116 963 2145 Doctor
988 2116 1135 2154 gentium
1168 2115 1401 2154 interpretatus
1416 2116 1483 2153 est,
1509 2116 1544 2145 in

845 2162 968 2191 Christo
981 2161 1061 2191 etin
1076 2161 1231 2199 Ecclesia,
1247 2161 1394 2191 sanctum
1405 2162 1544 2191 castum-

844 2215 907 2245 que
923 2207 1140 2245 connubium;
1153 2207 1259 2245 ipsum
1275 2207 1324 2237 est
1335 2215 1414 2245 opus
1427 2208 1544 2238 nostrae

844 2252 957 2282 salutis
974 2261 982 2281 :
999 2251 1009 2292 )
1023 2253 1058 2282 in
1075 2261 1126 2290 eo,
1142 2253 1286 2291 inquam,
1302 2253 1368 2282 tres
1379 2252 1440 2282 sibi
1459 2254 1544 2283 invi-

845 2306 914 2328 cem
935 2298 1166 2336 cooperantur,
1183 2298 1288 2336 Deus,
1301 2297 1440 2335 Angelus
1451 2319 1460 2335 ,
1477 2298 1542 2327 Ho-

843 2351 907 2373 mo.
924 2345 963 2374 Et
983 2345 1071 2374 Deus
1090 2343 1221 2383 quidem
1246 2343 1360 2382 quidni
1378 2344 1540 2381 operetur,

843 2389 877 2419 et
890 2397 1000 2419 curam
1016 2390 1106 2428 gerat
1124 2389 1312 2428 nuptiarum
1333 2387 1443 2417 dilecti
1466 2387 1539 2416 Filii

843 2434 911 2465 sui?
930 2435 1002 2474 lpse
1025 2443 1117 2473 vero,
1145 2443 1182 2465 ac
1209 2434 1276 2465 tota
1301 2431 1479 2464 voluntate.
1500 2433 1538 2461 Et

841 2480 955 2519 utique
970 2488 1029 2519 per
1042 2488 1077 2511 se
1091 2481 1160 2519 ipse
1175 2478 1356 2515 sufficeret,
1373 2477 1406 2506 et
1417 2477 1535 2514 absque

841 2527 1038 2557 adminiculo
1057 2527 1173 2557 horum
1189 2534 1198 2555 z
1214 2525 1248 2555 hi
1263 2524 1371 2554 autem
1385 2523 1454 2552 sinc
1467 2522 1536 2560 ipso

839 2573 972 2612 possunt
986 2573 1093 2603 facere
1107 2572 1202 2602 nihil.
1222 2572 1300 2609 Ergo
1314 2569 1399 2608 quod
1414 2577 1455 2598 ex
1470 2568 1537 2598 illis

840 2619 976 2651 adscivit
989 2619 1025 2650 in
1045 2626 1124 2658 opus
1149 2615 1321 2649 ministerii
1338 2615 1453 2655 hujus,
1468 2622 1533 2644 11011
