1846 3078
532 198 573 225 1N
600 195 802 225 CANTICA
829 194 980 222 SERMO
1006 195 1104 223 XLV.

110 257 164 286 ant
179 256 256 286 alias
279 260 494 293 quascumque
517 258 742 289 corporearum
758 249 801 279 si-

110 302 309 332 militudines
324 297 559 328 infirmitatum.
581 298 614 325 ln
638 296 689 326 liis
715 303 802 325 nam-

109 356 172 386 que
183 369 191 385 ‚
205 347 298 384 juxta
312 343 525 382 PropImtam,
539 352 601 372 non
618 344 685 372 erat
697 343 724 371 ei
737 350 804 379 spc-

109 395 166 423 cies
187 400 280 430 neque
301 391 401 420 decor.
427 389 503 418 Hzec
526 388 635 418 autem
657 395 732 417 eum
754 386 804 416 in-

108 438 207 475 tuita,
220 444 305 466 nunc
324 435 472 474 pulcrum
488 434 706 470 decorumque
732 439 805 470 pro-

107 483 253 519 nuntiat,
270 482 303 511 in
324 481 449 511 visione
472 479 600 509 meliori
627 479 720 507 illum
743 476 803 505 sibi

106 526 294 565 apparuisse
315 525 510 564 significans.
525 524 586 553 Ore
603 523 691 553 enim
707 522 746 551 ad
772 529 805 551 os

108 572 212 612 (sicut
226 573 388 612 quondam
404 579 478 601 cum
490 570 601 600 sancto
616 566 743 607 Moyse)
757 567 805 597 lo-

106 618 219 657 quitur
235 627 308 648 cum
321 625 454 656 sponsa3
471 616 504 646 et
528 616 653 654 palam,
668 622 732 643 non
747 621 806 651 per

105 663 275 702 aenigmata
300 663 333 693 et
355 663 490 699 figuras,
505 661 610 690 Deum
625 659 727 689 videt.
745 659 805 687 Ta-

105 709 171 740 lem
188 710 327 747 denique
340 717 394 738 ore
411 706 617 746 pronuntiat,
629 705 759 743 qualem
773 704 806 734 et

106 754 215 784 mente
245 752 464 790 conspicatur,
490 750 615 780 visione
642 749 737 787 plane
753 757 805 778 su-

106 798 198 828 blimi
225 798 257 828 et
279 797 383 826 suavi.
407 797 529 833 Regem
552 795 585 824 in
607 794 725 824 decore
747 802 804 824 suo

105 843 258 872 viderunt
272 841 357 871 oculi
383 841 453 878 ejus
464 863 472 878 ,
490 848 555 870 non
570 840 680 869 tamen
696 839 732 869 ut
752 848 804 869 re-

105 895 177 925 gem
187 909 196 925 ,
206 888 261 917 sed
276 888 311 917 ut
322 887 491 916 dilectum.
501 885 629 915 Viderit
640 893 716 914 sane
729 893 804 915 eum

104 934 176 972 quis
200 942 298 971 super
319 933 433 963 solium
458 932 624 962 excelsum
641 932 674 961 et
694 932 805 962 eleva-

105 979 198 1017 tum3
218 979 252 1008 et
271 979 353 1008 alius
367 986 495 1016 quoque
521 977 604 1007 facie
627 976 667 1006 ad
689 976 804 1007 faciem

104 1024 166 1054 sibi
180 1025 366 1063 apparuisse
382 1024 518 1054 testatus
531 1024 590 1053 sit:
603 1023 686 1052 mihi
697 1025 803 1053 tamen

105 1069 238 1100 videtur
268 1070 446 1100 eminentia
467 1070 502 1098 in
530 1069 590 1098 hac
614 1070 705 1106 parte
735 1077 804 1098 esse

104 1116 191 1154 apud
217 1124 385 1154 sponsam,
402 1115 486 1155 quod
508 1115 555 1144 ibi
578 1116 667 1145 visus
687 1115 805 1153 legitur

103 1161 273 1198 Dominus,
283 1161 336 1191 hic
351 1162 501 1190 dilectus.
515 1160 566 1190 Sic
579 1160 667 1189 enim
682 1160 782 1189 habes
796 1169 802 1188 :

107 1207 179 1237 Vidi
198 1208 368 1237 Dominum
392 1208 541 1237 sedentem
575 1215 665 1244 super
695 1207 805 1236 solium

103 1252 273 1289 excelsum,
303 1254 330 1282 et
354 1253 512 1281 elevatum.
544 1252 582 1281 Et
607 1252 685 1281 item
708 1252 807 1282 :Vazi

104 1298 273 1327 Dominum
286 1298 363 1335 facie
379 1298 418 1327 ad
439 1297 548 1335 facicm
558 1318 568 1333 ,
580 1298 607 1326 ct
621 1298 707 1327 salva
721 1297 803 1334 sacta

104 1344 148 1373 est
162 1344 269 1373 anima
286 1353 366 1373 vitea.
381 1343 443 1372 Sed
458 1344 485 1373 si
501 1352 554 1381 eqo
570 1344 739 1379 Dominus,
755 1342 805 1371 in-

105 1388 195 1426 quit,
219 1389 274 1418 ubi
287 1391 329 1419 est
358 1390 450 1418 timor
465 1388 569 1418 meus?
585 1388 677 1425 Quod
699 1389 725 1417 si
742 1388 806 1417 illis

105 1433 188 1464 facta
202 1435 250 1464 est
262 1434 418 1464 revelatio
431 1442 504 1463 cum
516 1434 632 1464 timore
641 1443 650 1471 ς
659 1434 736 1471 quia
749 1434 804 1463 ubi

104 1479 278 1517 Dominus,
302 1480 348 1509 ibi
370 1480 467 1509 timor
486 1488 494 1508 ε
517 1487 575 1517 ego
591 1479 752 1517 profecto,
778 1480 803 1509 si

104 1525 192 1564 optio
207 1525 356 1563 daretur,
369 1526 457 1554 lanto
469 1525 638 1562 libentius,
650 1525 805 1563 tantoque

105 1571 210 1601 carius
232 1579 355 1609 sponsae
381 1571 599 1608 amplecterer
620 1570 781 1600 visionem
795 1593 804 1607 ,

104 1617 224 1654 quanto
250 1617 284 1646 in
308 1616 438 1646 meliori
463 1616 654 1652 affectione,
669 1624 741 1653 quae
758 1617 806 1645 est

104 1670 211 1699 amor,
227 1662 344 1692 factam
367 1662 511 1691 adverto.
528 1662 607 1690 Nam
632 1663 725 1691 timor
744 1653 822 1699 poe-«¹

821 1718 822 1725 ¹
836 1709 868 1737 et
881 1708 966 1746 quod
981 1707 1124 1743 amatur,
1138 1706 1208 1735 sine
1223 1706 1351 1735 fictione
1368 1705 1401 1735 et
1423 1706 1535 1737 fraude

820 1754 1019 1784 :adscribere
1035 1752 1105 1789 illi,
1119 1752 1154 1781 et
1165 1752 1277 1781 mirari
1295 1751 1515 1789 dignationem
1525 1774 1534 1790 ‚

103 1717 178 1737 nam
193 1708 299 1744 habet,
311 1708 445 1745 perfecta
465 1709 569 1736 autem
584 1708 700 1737 cai-ilas
721 1707 806 1744 foras·

103 1755 195 1783 mittit
220 1754 370 1782 timorem.
394 1752 533 1781 Multum
562 1760 640 1782 sane
668 1752 806 1782 interest

104 1806 260 1836 apparere
287 1798 465 1827 terribilem
486 1797 519 1827 in
541 1797 684 1827 consiliis
709 1806 806 1835 super

104 1844 186 1873 lilios
202 1843 389 1880 hominum,
406 1844 439 1873 et
452 1851 606 1881 apparere
623 1843 805 1881 speciosum

102 1888 205 1918 forma
221 1897 286 1927 prae
302 1889 377 1918 filiis
390 1889 571 1918 hominum.
589 1890 665 1918 Ecce
689 1891 722 1918 tu,
738 1891 805 1927 pul-

103 1979 198 2016 plane
214 1988 356 2009 amorem
367 1981 539 2018 resonant,
561 1988 624 2009 non
641 1980 803 2011 timorem.

144 2025 174 2054 7.
192 2025 254 2054 Sed
283 2025 365 2055 forte
388 2026 569 2056 ascendunt
593 2026 805 2064 cogitationes

106 2070 138 2098 in
161 2071 255 2101 corde
282 2072 337 2100 tuo
348 2093 357 2109 ,
386 2072 419 2101 et
444 2072 562 2109 quaeris
577 2072 696 2102 dubius
720 2073 805 2111 apud

104 2117 157 2154 te,
179 2116 315 2146 dicens:
340 2117 409 2154 Qua
430 2118 556 2147 ratione
579 2118 680 2147 verba
706 2119 804 2148 Verbi

104 2160 188 2191 sacta
204 2162 245 2191 ad
259 2162 401 2192 animam
415 2163 613 2202 referuntur,
629 2164 663 2194 et
677 2173 805 2194 rursum

104 2207 220 2238 animae
232 2208 272 2238 ad
286 2209 447 2247 Verbum,
459 2209 497 2239 ut
520 2209 577 2239 illa
592 2209 733 2240 audierit
748 2219 806 2240 vo-

104 2261 176 2284 cem
191 2254 355 2291 loquentis
369 2255 432 2284 sibi
442 2277 451 2293 ,
461 2256 494 2285 et
505 2255 709 2294 perhibentis
721 2257 806 2295 quod

106 2300 220 2338 pulcra
248 2299 311 2337 sit,
336 2300 546 2338 vicissimque
568 2301 657 2331 idem
684 2311 806 2339 praeco—

105 2344 197 2374 nium
226 2353 281 2374 suo
314 2353 390 2374 mox
419 2346 600 2376 reddiderit
623 2347 806 2379 laudatori?

105 2390 268 2426 Quomodo
280 2391 413 2428 possunt
425 2390 493 2420 haec
508 2391 579 2421 fieri
591 2392 603 2421 ἓ
616 2393 696 2422 Nam
707 2395 805 2424 verbo

105 2435 285 2474 loquimur,
303 2444 366 2465 non
382 2437 519 2466 verbum
534 2438 690 2475 loquitur.
707 2439 807 2469 Item-

105 2489 169 2519 que
187 2481 294 2511 anima
318 2489 382 2511 non
405 2482 504 2512 babet
527 2482 612 2512 unde
635 2483 805 2523 loquatur,

105 2526 169 2556 nisi
180 2535 213 2557 os
226 2527 367 2566 corporis
378 2527 442 2557 sibi
455 2527 552 2558 verba
568 2527 758 2558 formaverit
767 2530 805 2559 ad

106 2571 317 2611 loquendum.
333 2574 418 2603 Bene
435 2573 553 2612 quaeris
569 2582 576 2600 =
600 2574 656 2604 scd
672 2574 805 2606 attende

108 2618 257 2659 spiritum
268 2619 369 2658 loqui,
385 2619 418 2649 et
429 2619 643 2658 spiritualiter
657 2621 804 2658 oportere

1474 203 1533 230 299

838 247 976 288 intelligi
991 258 1062 288 quae
1077 249 1240 279 dicuntur.
1252 250 1383 287 Quoties
1399 254 1532 290 proinde

838 296 930 326 audis
943 296 997 326 vel
1013 296 1112 333 legis,
1127 296 1271 325 Verbum
1287 296 1382 333 atque
1395 299 1533 330 animam

838 342 958 379 pariter
972 341 1129 380 colloqui,
1144 341 1176 371 et
1191 349 1224 371 se
1236 340 1379 371 invicem
1395 343 1534 383 intueri;

838 387 902 416 noli
918 386 978 416 tibi
1000 385 1171 425 imaginari
1187 386 1279 424 quasi
1295 393 1461 423 corporeas
1486 389 1535 418 in·

838 431 1018 461 tercurrere
1045 438 1163 469 voces,
1184 430 1269 460 sicut
1282 438 1342 459 nec
1367 438 1536 467 corporeas

837 477 1091 515 colloquentium
1103 484 1260 515 apparere
1271 475 1440 513 imagines.
1453 477 1536 507 Audi

837 522 943 559 potius
957 523 1037 561 quid
1052 523 1111 553 tibi
1132 523 1175 552 sit
1195 523 1227 552 in
1248 521 1434 558 hujusmodi
1451 522 1538 559 cogi-

838 568 981 598 tandum.
1006 569 1147 607 Spiritus
1174 569 1226 598 est
1252 567 1415 605 Verbum,
1439 567 1536 605 spiri-

838 613 951 651 tusque
967 615 1094 652 anima,
1109 615 1141 644 et
1154 614 1277 644 liabent
1302 613 1430 652 linguas
1444 620 1536 649 suas,

836 658 954 695 quibus
965 667 999 688 se
1014 659 1208 688 alterutrum
1221 658 1439 696 alloquantur,
1453 665 1537 695 prae-

836 704 1007 742 sentesque
1033 703 1191 733 indicent.
1218 704 1257 733 Et
1280 703 1380 732 Verbi
1402 702 1536 740 quidem

837 747 946 786 lingua
959 749 1060 779 Favor
1074 748 1271 787 dignationis
1295 747 1367 785 ejus
1389 756 1396 776 :
1420 748 1537 777 animae

836 802 912 823 vero
940 794 1131 825 Devotionis
1167 794 1285 824 fervor.
1314 793 1457 832 Elinguis
1489 793 1538 823 est

836 839 942 869 anima
952 840 1047 878 atque
1060 839 1164 869 infans
1173 848 1243 878 quae
1256 840 1338 869 hanc
1351 839 1536 878 nonhabet,

836 886 868 915 et
882 893 946 915 non
963 886 1069 924 potest
1084 885 1147 924 ipsi
1163 885 1327 915 ullatenus
1344 884 1538 914 sermocina-

837 931 879 960 tio
893 940 962 962 esse
978 940 1052 962 cum
1068 932 1187 961 Verbo.
1204 932 1283 969 Ergo
1307 930 1536 968 hujuscemodi

837 975 978 1014 linguam
990 985 1080 1006 suam
1097 984 1171 1005 cum
1187 976 1330 1005 Verbum
1346 975 1466 1012 movet,
1482 983 1537 1005 vo—

837 1022 905 1052 lens
921 1022 961 1051 ad
973 1022 1111 1051 animam
1124 1022 1298 1060 loqui,non
1309 1021 1415 1059 potest
1427 1020 1537 1050 anima

836 1075 899 1096 uon
915 1068 1048 1097 sentire.
1065 1068 1158 1098 Vivus
1173 1069 1214 1097 est
1228 1068 1309 1096 enim
1330 1075 1429 1096 sermo
1441 1067 1499 1096 Dei
1509 1067 1537 1096 et

835 1112 959 1150 cfficaoe,
972 1112 1225 1151 etpenetrabz'lior
1240 1113 1325 1142 omm'
1336 1113 1434 1150 qlade'o
1449 1113 1537 1142 anci-

833 1160 908 1197 pili,
920 1160 1096 1196 pertinqcns
1114 1166 1209 1196 usque
1225 1158 1264 1187 acl
1275 1158 1449 1187 di'rz‘sz'onem
1467 1158 1537 1187 ani-

834 1212 893 1233 moe
919 1205 947 1233 et
973 1205 1107 1242 spiritus.
1130 1203 1168 1232 Et
1192 1211 1319 1232 rursum
1344 1211 1417 1231 cum
1446 1210 1536 1232 suam

837 1250 977 1279 animam
1006 1249 1133 1286 movet,
1150 1249 1293 1279 Verbum
1308 1249 1411 1279 latere
1434 1248 1536 1279 multo

836 1296 942 1325 minus
957 1295 1096 1333 poterit,
1122 1303 1186 1324 non
1201 1295 1304 1324 solum
1320 1294 1396 1332 quia
1413 1294 1535 1333 ubique

837 1342 886 1370 est
905 1349 1066 1379 praesenS,
1088 1340 1145 1370 sed
1167 1340 1301 1378 propter
1329 1340 1390 1369 hoc
1411 1340 1535 1378 magis,

836 1388 921 1424 quod
939 1387 1002 1417 nisi
1031 1387 1101 1424 ipso
1124 1386 1334 1423 stimulante,
1354 1385 1537 1415 devotionis

836 1432 946 1470 lingua
958 1433 1093 1462 minime
1107 1432 1356 1469 adloquendum
1373 1432 1535 1461 movetur.

874 1479 906 1509 8.
923 1479 1028 1508 Verbo
1043 1479 1142 1516 igitur
1158 1478 1266 1507 dicere
1281 1477 1417 1514 animae,
1430 1477 1538 1514 pulcra

835 1535 882 1562 es,
899 1525 932 1556 et
947 1525 1111 1563 appellare
1128 1525 1282 1561 amicam,-
1298 1522 1471 1552 infundere
1488 1524 1538 1553 est

836 1571 922 1602 unde
945 1572 977 1601 et
991 1571 1096 1608 amet,
1112 1571 1145 1600 et
1170 1578 1204 1599 se
1226 1570 1398 1607 praesumat
1421 1570 1534 1600 amari.

836 1618 898 1656 Ipsi
924 1625 1003 1647 vero
1026 1616 1171 1646 Verbum
1200 1615 1343 1644 vicissim
1368 1616 1536 1646 nominare

835 1664 992 1698 dilectum,
1011 1662 1045 1691 et
1060 1660 1153 1690 fateri
1168 1661 1327 1698 pnlcrum3
1344 1660 1429 1697 quod
1450 1661 1537 1690 amat

836 1799 868 1828 et
882 1800 1013 1837 stupere
1028 1798 1066 1827 ad
1077 1798 1223 1836 gratiam.
1234 1797 1402 1835 Siquidem
1414 1798 1537 1835 pulcri-

821 1858 822 1864 1
836 1845 912 1874 tudo
928 1844 1016 1874 illius
1032 1844 1165 1873 dilectio
1179 1842 1250 1880 ejus
1267 1842 1322 1872 :et
1336 1842 1409 1872 ideo
1422 1842 1535 1880 major,

820 1887 910 1929 quia
925 1890 1144 1928 praeveniens.
1157 1888 1306 1918 Medullis
1320 1887 1456 1926 proinde
1469 1897 1537 1918 cor-

103 1934 174 1963 cher
185 1944 216 1965 es
228 1956 237 1971 ,
253 1935 353 1964 dilecte
364 1936 419 1972 mi,
435 1936 462 1964 el
474 1935 610 1964 decorus.
627 1934 733 1964 Verba
744 1935 805 1965 ista
820 1932 822 1972 ζ

821 1991 822 1999 ¹
835 1982 923 2012 tanto
936 1980 1077 2019 amplius
1099 1980 1197 2018 atque
1210 1978 1377 2009 ardentius
1394 1979 1538 2009 clamitat

835 1936 883 1965 dis
900 1936 933 1965 et
952 1935 1145 1964 intimarum
1167 1934 1301 1963 vocibus
1328 1933 1536 1964 affectionum

835 2027 897 2058 sibi
913 2026 1114 2064 diligendum
1125 2047 1135 2063 ,
1151 2025 1271 2064 quanto
1287 2024 1319 2054 id
1335 2024 1425 2062 prius
1437 2024 1539 2054 sensit

836 2074 973 2111 diligens
984 2081 1080 2111 quam
1096 2072 1266 2102 dilectum.
1289 2072 1400 2109 Itaque
1416 2071 1538 2101 locutio

821 2110 935 2152 {Verbi
962 2118 1084 2149 infusio
1110 2117 1203 2155 doni,
1228 2117 1394 2155 responsi⁰
1420 2116 1538 2147 animae

836 2173 908 2195 cum
934 2163 1112 2202 gratiarum
1139 2162 1268 2192 actione
1294 2161 1476 2192 admiratio.
1501 2162 1539 2191 Et

821 2200 957 2254 {idcirco
981 2209 1056 2248 plus
1081 2208 1205 2245 diligit,
1220 2207 1306 2246 quod
1329 2215 1362 2237 se
1379 2207 1477 2237 sentit
1503 2207 1537 2236 in

821 2255 1000 2294 'dilligendo
1012 2254 1132 2285 victam
1150 2262 1157 2282 :
1172 2254 1204 2284 et
1216 2253 1289 2283 ideo
1301 2253 1374 2291 plus
1389 2252 1538 2290 miratur,

836 2301 922 2340 quod
948 2300 1148 2340 praeventam
1169 2298 1326 2337 agnoscit.
1353 2298 1445 2328 Unde
1473 2306 1538 2327 non

837 2347 987 2377 contenta
1004 2347 1052 2376 est
1067 2345 1168 2376 semel
1180 2345 1288 2374 dicere
1301 2345 1461 2383 pulcrum,
1475 2342 1538 2373 nisi

837 2393 965 2431 repetat
977 2392 1011 2422 et
1026 2393 1180 2428 decorum,
1190 2390 1403 2420 eminentiam
1413 2389 1538 2420 decoris

838 2438 893 2469 illa
909 2437 1106 2476 repetitione
1128 2436 1312 2474 designans.

877 2483 909 2514 9.
935 2483 998 2513 Aut
1012 2482 1100 2513 certe
1111 2519 1114 2522 Δ
1127 2482 1161 2512 in
1175 2482 1311 2519 utraque
1326 2478 1445 2518 Christi
1463 2476 1537 2507 sub-

838 2529 955 2560 stantia
970 2529 1104 2567 dignum
1121 2527 1282 2567 expressit
1296 2525 1382 2556 omni
1398 2523 1537 2552 admira-

839 2575 926 2604 tione
942 2574 1091 2605 decorem
1106 2596 1115 2612 ,
1139 2573 1173 2602 in
1203 2573 1302 2602 altera
1328 2570 1449 2599 naturae
1463 2589 1471 2604 ,
1500 2568 1536 2597 in

840 2620 943 2651 altera
957 2620 1079 2659 gratiae.
1096 2619 1197 2657 Quam
1214 2616 1348 2656 pulcher
1363 2622 1398 2643 es
1408 2612 1538 2652 Angelis
