1830 3073
570 236 625 265 DE
647 233 856 264 DIVERSIS
879 233 1032 262 SERMO
1054 234 1090 260 V.

124 294 190 324 Deo
202 294 321 324 bonum
331 290 397 322 est?
410 290 551 328 Quaerite
563 311 571 328 ,
581 289 707 319 Fratres
718 311 727 326 ,
737 290 824 327 Qusse-
837 287 840 306 ¹

122 343 177 369 rilc
195 340 379 375 Dominum,
392 340 421 367 et
433 336 678 373 confirmamini,
700 335 824 373 quaeriie

123 385 230 420 faciem
239 385 302 421 ejus
313 391 440 421 semper.
451 383 582 421 Qicoerite
595 382 781 416 Dominum,
797 380 825 409 et

123 429 198 457 rivel
205 428 313 456 anima
325 429 438 457 vestra.
447 427 489 456 Et
501 427 608 455 anima
616 434 698 462 mea,
708 423 822 462 inquit,

125 473 167 502 iili
185 473 279 509 vivet,
294 480 365 510 quae
380 471 503 501 mundo
517 470 644 500 mortua
669 469 729 498 est.
747 469 824 505 Quae

122 517 208 546 enim
231 516 351 546 mundo
365 516 468 554 vivit,
498 523 563 546 non
585 515 635 544 illi
650 514 744 544 vivit.
771 513 823 543 Sic

122 570 197 600 ergo
208 570 390 601 quaeramus
403 570 491 599 eum,
502 561 540 590 ut
551 561 585 591 et
598 567 727 598 semper
738 567 824 597 quae-

121 615 228 637 ramus
242 630 251 644 ,
279 611 312 637 et
336 615 410 637 cum
431 606 562 637 venerit
580 613 726 644 quaerere
746 613 821 642 nos,

121 652 208 682 dicat
227 653 267 682 de
290 653 383 682 nobis
398 660 406 680 :
423 653 496 681 Hoec
507 653 550 681 cst
565 651 721 689 ycncralio
738 658 823 688 quoe-

122 699 253 727 rentz'mn
277 706 346 727 cum
359 717 369 733 ,
396 696 600 734 quaerentium
626 695 736 732 faciem
765 695 825 724 Dei
835 718 836 728 ,

122 742 228 772 Jacob.
253 742 371 780 Sicque
395 741 583 779 aperiantur
606 740 707 778 portae
728 740 823 770 aeter-

122 787 229 824 nales,
253 788 286 817 et
311 787 453 816 introeat
466 788 538 816 Rex
561 786 686 823 gloriae,
710 785 745 815 et
763 793 822 815 nos

122 840 194 862 cuin
220 833 294 871 illo,
317 833 374 870 qui
389 832 439 863 est
459 832 547 863 Deus
570 831 764 862 benedictus
786 821 837 874 in}

120 878 235 907 saecula
245 900 256 916 ,
270 886 376 908 amen.

325 980 509 1013 *SERMO
538 980 588 1013 V.

149 1054 186 1078 De
199 1053 279 1078 verbis
293 1053 402 1081 Abacuc.
417 1053 509 1111 Suager
523 1052 678 1077 custodiam
696 1058 790 1076 meam

426 1091 447 1113 st
486 1095 511 1112 0.

160 1153 189 1181 1.
207 1152 359 1181 LEGIMUS
374 1151 408 1180 in
420 1149 614 1187 Evangelio,
630 1149 716 1188 quod
736 1157 820 1188 prae-

119 1197 246 1226 dicante
281 1196 452 1232 aliquando
477 1196 644 1225 Salvatore
657 1216 666 1230 ‚
694 1195 728 1224 et
759 1195 818 1224 suh

117 1240 270 1279 mysterio
286 1240 404 1269 edendi
422 1241 563 1278 corporis
578 1240 628 1269 sui
643 1239 818 1277 discipulos

117 1287 158 1316 ad
183 1285 490 1316 communicandum
517 1285 721 1323 passionibus
750 1286 817 1315 suis

115 1331 310 1362 admonente
320 1353 330 1369 ,
347 1331 493 1361 dixerint
503 1331 763 1369 quidam,Durus
775 1333 817 1361 cst

117 1377 164 1407 hic
178 1386 295 1415 serm03
319 1378 353 1407 et:
380 1385 423 1406 ex
446 1376 508 1407 hoc
529 1377 598 1414 J'am
614 1384 678 1405 non
694 1376 831 1407 fuerint.

116 1431 189 1452 cum
204 1430 253 1452 eo·
269 1421 459 1460 Interrogati
475 1430 552 1452 vero
565 1421 716 1460 discipuli
731 1430 772 1451 an
785 1423 816 1452 et
829 1408 831 1444 Ι

115 1467 178 1505 ipsi
193 1468 318 1498 vellent
339 1468 430 1497 abire
454 1469 625 1503 :Domine,
641 1467 813 1506 inquiunt,

114 1514 154 1543 ad
168 1522 257 1552 quem
272 1513 406 1544 ibimus?
419 1514 523 1545 Verba
537 1514 606 1544 vitae
621 1515 742 1543 oeternoe
759 1513 816 1543 Ιια-

115 1558 174 1589 bes.
190 1559 235 1588 lta
249 1558 318 1589 dico
329 1559 431 1597 vobis,
443 1560 588 1596 Fratres,
600 1567 706 1597 usque
717 1559 814 1588 hodie

113 1603 307 1641 quibusdam
331 1604 542 1634 manifestum
573 1605 639 1641 est,
661 1604 814 1642 quoniam

113 1647 213 1677 verba
233 1657 304 1686 quae
329 1649 475 1686 loquitur
495 1649 610 1686 Jesus,
627 1649 760 1686 spiritus
781 1650 815 1680 et

112 1693 180 1723 vita
204 1695 300 1732 sunt,
322 1694 357 1723 et:
377 1696 551 1731 propterea
575 1696 755 1731 sequuntur
775 1695 815 1723 il-

111 1739 179 1768 lum
201 1747 210 1767 t
229 1739 302 1768 aliis
323 1738 403 1767 dura
422 1738 595 1775 videntur,
616 1739 647 1767 et
662 1738 812 1768 miseram

111 1783 190 1812 alibi
204 1783 352 1819 quaerunt
369 1784 635 1812 consolationem.
648 1782 813 1820 Sapientia

112 1827 274 1864 siquidem
299 1829 333 1856 in
361 1827 484 1865 plateis
504 1827 668 1865 clamitat,
694 1828 729 1856 in
749 1828 813 1857 lata

113 1871 268 1901 videlicet
286 1872 320 1900 et
340 1871 482 1909 spatiosa
504 1871 557 1901 via
572 1880 644 1909 quae
660 1871 750 1901 ducit
773 1873 813 1902 ad

109 1916 263 1951 mortem,
288 1914 327 1944 ut
355 1915 491 1944 revocet
525 1915 729 1945 ambulantes
753 1924 813 1953 per

110 1968 194 1991 eam.
221 1960 371 1998 Denique
393 1961 604 1998 quadrayinta
626 1962 736 1997 annis,
761 1961 812 1990 in-

109 2006 199 2045 quit,
212 2007 376 2044 proximus
393 2006 440 2043 fui
460 2006 651 2044 qeneratiom'
673 2006 761 2043 huic,
783 2009 812 2037 et

109 2053 192 2088 dixi,
218 2053 342 2089 Semper
360 2051 394 2081 1ιὶ
417 2053 525 2081 errant
539 2052 639 2081 corde.
655 2051 762 2082 Habes
778 2054 811 2083 et

109 2095 142 2125 111
160 2096 222 2125 alio
237 2097 359 2134 psalmo
376 2104 383 2124 :
398 2096 496 2126 Semel
517 2097 634 2125 locutus
650 2097 694 2126 est
714 2098 809 2128 Deus.

108 2141 215 2171 Semel
231 2141 361 2179 utique,
376 2140 451 2178 quia
466 2148 606 2178 semper.
620 2140 688 2170 Una
703 2142 808 2182 enim,

109 2187 143 2217 et
156 2195 219 2216 non
232 2187 426 2224 interpolata
437 2208 446 2224 ,
458 2186 515 2217 sed
527 2187 679 2217 continua
691 2188 724 2218 et
734 2196 810 2227 per-

107 2232 205 2269 petua
221 2231 342 2260 locutio
360 2232 421 2260 est.

148 2276 180 2306 2.
199 2277 342 2306 Revocat
362 2277 470 2306 autem
485 2275 671 2315 peccatores
683 2276 723 2306 ad
736 2285 806 2317 cor,

107 2319 147 2350 de
163 2321 267 2351 cordis
282 2329 391 2351 errore
403 2322 589 2360 redarguit,
600 2331 658 2360 pro
673 2331 710 2352 eo
722 2325 808 2361 quod

109 2366 156 2395 ibi
171 2366 298 2396 habitet
319 2367 408 2404 ipse,
434 2367 546 2405 ibique
568 2368 736 2406 loquatur,
758 2369 807 2399 fa-

108 2410 198 2441 ciens
209 2411 363 2441 nimirum
378 2412 464 2450 quod
475 2413 583 2443 docuit
597 2422 656 2452 per
667 2415 806 2452 Prophe-

106 2456 172 2486 tam
189 2455 355 2486 dicentem
372 2465 380 2486 ε
397 2459 583 2497 Loqitamini
596 2461 635 2490 cul
649 2469 701 2489 cor
714 2463 806 2492 Jeru—

106 2502 212 2532 salem.
239 2501 317 2530 Nam
342 2502 504 2541 Babylon,
533 2506 688 2542 quoniam
718 2506 804 2538 terra

106 2547 173 2583 est,
189 2554 249 2575 nec
263 2547 369 2584 potest
383 2547 542 2578 sustinere
555 2549 722 2580 universos
735 2559 804 2581 ser-

105 2597 217 2621 mones
239 2591 325 2629 ojus;
348 2593 515 2631 elongatur
530 2602 547 2623 a
567 2595 685 2633 corde,
708 2597 741 2626 et:
769 2597 802 2627 in

106 2642 201 2666 carne
216 2636 317 2676 magis
329 2637 491 2677 ambulat,
504 2639 666 2679 tamquam
676 2642 799 2672 mortua

1513 238 1552 268 43

857 295 875 316 a
890 287 1005 325 corde,
1026 287 1127 316 immo
1152 284 1315 324 tamquam
1336 291 1479 323 columba
1501 303 1554 324 51Μ

856 332 953 362 ducta
964 340 1029 362 non
1044 332 1168 361 liabens
1179 340 1244 361 cor.
1258 333 1334 361 Vult
1351 336 1436 364 enim
1450 338 1553 367 laetari

855 386 929 408 cum
940 378 1161 415 malefecerit,
1175 377 1209 407 et
1229 378 1391 407 exsultare
1409 379 1442 408 in
1458 382 1552 411 rebus

854 424 1003 462 pessimis
1029 432 1037 453 :
1060 423 1260 461 audiensque
1287 431 1401 453 vocem
1425 425 1553 456 Domini

854 469 1040 506 hujusmodi
1052 469 1168 508 gaudia
1180 469 1366 499 nullatenus
1378 471 1554 507 approban-

854 515 918 544 tem
931 537 940 553 ,
956 515 1012 545 sed
1028 515 1245 545 detestantem
1256 535 1265 552 ,
1281 514 1337 543 sed
1348 515 1534 552 arguentem
1545 538 1553 546 .

854 560 910 590 sed
922 560 1191 591 condemnantem
1204 581 1213 597 ,
1227 559 1310 598 fugit
1319 581 1328 597 ,
1341 560 1374 589 et
1389 560 1555 591 abscondit

853 613 887 634 se
904 605 938 635 in
954 606 1170 636 similitudine
1182 606 1440 644 praevaricatoris
1464 606 1552 636 Adae.

853 650 915 680 Sed
930 651 996 680 heu
1018 651 1088 680 me!
1105 659 1202 689 quam
1223 651 1290 680 vile
1315 651 1555 689 operimentum

852 696 969 733 quaeris
1002 696 1123 727 misera
1157 696 1283 726 anima!
1313 705 1410 735 quam
1434 697 1554 727 inutile

852 742 968 779 quaeris
990 742 1250 781 operimentum!
1272 743 1360 773 Folia
1375 743 1464 773 enim
1479 744 1556 773 sunt

851 795 922 824 quae
934 787 1076 825 intexis,
1092 787 1172 818 folia
1185 788 1317 826 inquam
1329 809 1337 825 ,
1350 796 1422 826 quae
1433 788 1480 818 nil
1491 788 1555 818 tibi

852 832 966 862 caloris
976 832 1163 870 praeheant,
1181 832 1229 862 nil
1251 832 1393 863 habeant
1407 832 1554 862 solidita-

852 877 904 907 tis.
921 878 996 908 orto
1009 879 1152 917 denique
1167 878 1234 908 sole
1246 878 1413 916 arescent,
1426 879 1460 908 et:
1474 887 1556 908 ven-

851 923 903 952 tus
916 932 1013 954 urens
1029 924 1197 962 disperget
1212 924 1268 953 illa
1282 932 1290 952 :
1313 924 1350 954 tu
1364 931 1443 954 vero
1466 923 1554 953 nuda

851 969 884 998 et
900 970 1020 1000 misera
1042 969 1239 999 remanebis.
1257 970 1347 998 Tunc
1369 977 1444 1007 ergo
1468 969 1555 999 nihil

851 1015 999 1051 opertum
1014 1015 1100 1054 quod
1113 1023 1180 1044 non
1198 1015 1366 1045 reveletur
1376 1037 1385 1052 ,
1399 1015 1552 1053 quoniam

850 1061 963 1090 veniet
994 1061 1169 1098 Dominus,
1197 1060 1254 1098 qui
1289 1060 1323 1090 et
1352 1060 1553 1089 illuminabit:

851 1103 1037 1134 abscondita
1048 1105 1256 1134 tenebrarum
1265 1126 1274 1142 ,
1287 1105 1321 1134 et
1332 1104 1553 1134 manifestabit

850 1149 984 1178 consilia
1003 1149 1160 1179 cordium.
1172 1150 1240 1178 Non
1261 1149 1324 1178 erit
1340 1149 1408 1187 J'am
1427 1158 1490 1187 quo
1505 1151 1552 1180 la-

848 1193 936 1230 teas,
951 1193 1080 1223 misera.
1102 1194 1233 1223 Frustra
1258 1193 1346 1223 dices
1367 1194 1550 1231 montibus,

848 1236 956 1267 cadite
975 1246 1074 1275 super
1088 1246 1145 1267 nos
1165 1246 1172 1266 τ
1195 1239 1229 1268 et
1250 1238 1405 1274 collibus,
1418 1238 1550 1276 Operite

848 1290 905 1311 nos
921 1290 929 1311 :
945 1283 1098 1320 quoniam
1114 1283 1234 1312 nudam
1247 1283 1281 1312 et
1300 1284 1445 1321 apertam
1458 1292 1551 1321 opor-

847 1327 930 1358 tebit
944 1329 978 1358 te
999 1329 1084 1359 stare
1102 1328 1177 1359 ante
1199 1329 1342 1359 tribunal
1360 1329 1498 1367 Christi,
1513 1331 1551 1360 ut

847 1373 958 1403 audias
971 1382 1085 1403 vocem
1102 1373 1219 1411 judicii
1231 1396 1241 1412 ,
1256 1383 1327 1412 quae
1345 1382 1460 1410 vocem
1473 1383 1550 1405 con-

846 1418 912 1448 silii
934 1419 1168 1457 contempsisti.
1187 1420 1268 1450 Ecce
1292 1420 1381 1450 enim
1399 1421 1480 1458 quid
1500 1421 1549 1450 lo-

845 1465 958 1502 quitur
979 1466 1067 1496 Deus
1089 1466 1220 1504 εΑᾳῐίε,
1247 1465 1371 1504 inquit,
1397 1468 1549 1504 poeniten-

846 1511 922 1540 tiam
944 1521 953 1541 :
970 1510 1003 1541 et
1023 1510 1230 1540 dissimulant
1251 1511 1366 1550 multi,
1389 1512 1422 1542 et
1444 1513 1548 1542 conti-

844 1557 924 1586 nent
947 1564 1041 1586 aures
1056 1565 1128 1586 suas
1142 1578 1152 1593 ,
1169 1558 1203 1586 et
1223 1557 1335 1586 dicunt
1348 1565 1358 1585 ·.
1375 1558 1482 1586 Durus
1498 1560 1548 1588 est

844 1601 897 1631 hic
912 1609 1029 1631 sermo.
1046 1602 1114 1631 Non
1126 1602 1171 1632 sic
1184 1602 1295 1640 impii,
1312 1610 1378 1631 non
1393 1603 1439 1632 sic
1452 1603 1548 1633 dissi-

844 1647 968 1676 mulare
979 1647 1147 1685 poteritis,
1162 1656 1235 1677 cum
1252 1648 1379 1678 sonabit
1395 1656 1546 1686 asperum

844 1692 924 1720 illud
936 1693 1073 1722 verbum
1086 1715 1095 1730 ,
1112 1694 1145 1722 et
1166 1694 1289 1723 auditio
1303 1694 1407 1723 mala:
1424 1697 1468 1724 Ite
1479 1704 1546 1725 ma-

842 1737 942 1766 ledicti
951 1738 983 1766 in
999 1738 1098 1775 ionem
1111 1739 1270 1767 (eternum.

878 1781 909 1810 5.
926 1781 1070 1818 Videtis,
1086 1783 1232 1820 Fratres,
1253 1782 1546 1821 quam>salubriter

842 1824 1015 1855 admoneat
1029 1835 1088 1856 nos
1112 1827 1294 1865 Propheta,
1318 1828 1356 1858 ut
1377 1829 1405 1858 si
1431 1838 1545 1860 vocem

843 1869 912 1905 ejus
928 1871 1126 1902 audierimus
1138 1872 1235 1903 hodie
1247 1894 1257 1910 ,
1270 1881 1335 1903 non
1350 1874 1546 1906 obduremus

843 1915 937 1945 corda
955 1918 1076 1947 nostra.
1093 1917 1213 1947 Eadem
1229 1919 1317 1948 enim
1333 1927 1418 1957 pene
1441 1921 1542 1951 verba

842 1959 920 1989 etin
934 1961 1109 1998 Evangelio
1123 1962 1252 2001 legitis,
1269 1964 1303 1993 et
1321 1963 1356 1993 in
1370 1965 1541 2002 Propheta.

842 2004 893 2035 Ait
915 2006 1003 2036 enim
1024 2007 1182 2038 Dominus
1196 2009 1231 2038 in
1256 2009 1428 2047 Evangelio
1444 2019 1453 2039 :
1471 2011 1544 2041 Ores

842 2059 915 2081 meoe
939 2061 1043 2082 vocem
1066 2062 1170 2083 ‘meam
1192 2055 1333 2085 audiunt.
1350 2056 1388 2085 Et
1414 2057 1543 2086 sanctus

843 2095 942 2126 David
956 2097 990 2126 in
1005 2099 1127 2136 psalmo
1141 2108 1149 2128 τ
1169 2101 1325 2138 Populus,
1341 2100 1465 2139 inquit,
1478 2102 1542 2139 ejus

843 2139 950 2179 (haud
974 2142 1110 2173 dubium
1139 2144 1218 2182 quin
1238 2145 1391 2185 Domini)
1418 2149 1448 2176 et
1474 2156 1541 2177 ores

837 2196 958 2224 pascuoe
979 2189 1060 2227 ejus,
1079 2189 1164 2219 hodic
1180 2191 1208 2220 si
1224 2199 1328 2220 vocem
1347 2191 1411 2229 ejus
1435 2193 1542 2222 audie-

839 2233 923 2270 νζίίς,
945 2235 1039 2264 nolite
1055 2234 1207 2264 obdurare
1222 2236 1316 2265 corda
1339 2238 1452 2266 vestra.
1471 2237 1542 2266 Uti-

839 2277 901 2308 lius
915 2287 1055 2318 namque
1076 2279 1110 2309 et
1123 2280 1225 2309 multo
1240 2280 1402 2311 salubrius
1422 2282 1470 2311 est
1482 2282 1542 2312 ho-

839 2323 891 2354 die
903 2325 1018 2355 audire
1031 2334 1105 2355 eum
1118 2326 1341 2357 consulentem
1351 2349 1360 2365 ,
1377 2329 1542 2358 consolan-

838 2369 903 2398 tem
917 2391 926 2405 ,
941 2370 1171 2402 admonentem
1184 2394 1192 2409 ,
1221 2372 1392 2403 docentem
1405 2381 1414 2410 3
1439 2374 1489 2411 et,
1503 2375 1540 2403 ut

838 2416 994 2454 multum,
1034 2425 1244 2456 arguentem,
1290 2419 1514 2457 increpantem
1528 2441 1537 2453 ,

837 2462 1068 2500 corripientem
1094 2472 1103 2492 τ
1129 2472 1227 2502 quam
1252 2464 1287 2493 in
1313 2464 1367 2494 die
1391 2465 1447 2494 illa
1472 2465 1535 2493 tam

837 2515 962 2544 amara,
977 2508 1044 2538 tam
1056 2509 1203 2546 lugubri,
1216 2509 1282 2538 tam
1297 2509 1464 2539 tenebrosa
1481 2517 1538 2537 au·-

837 2552 906 2582 dire
922 2553 1015 2583 illum
1041 2554 1240 2592 judicantem
1255 2576 1264 2593 ,
1295 2554 1513 2591 indignantem
1525 2575 1535 2587 ,

837 2598 1046 2629 ulciscentem
1056 2621 1066 2634 .‚
1089 2599 1280 2630 saevientem
1293 2620 1303 2635 ,
1316 2600 1536 2628 condemnan-

836 2644 914 2673 tem.
931 2646 1055 2675 Bonum
1069 2666 1079 2683 ,
1094 2646 1225 2684 inquam
1236 2666 1245 2683 ,
1262 2643 1362 2683 mihi,
1378 2645 1412 2674 ut
1427 2644 1536 2674 humi-
