1846 3078
250 224 311 253 358

250 277 392 315 {alsitas3
415 276 604 308 rectissime
630 278 708 307 tunc
723 276 843 307 dicitur
859 276 951 314 capta

251 324 368 362 vulpes
392 323 530 362 pusilla,
546 332 618 362 quae
641 323 878 353 demoliebatur
901 321 950 351 vi-

251 377 360 399 neam.
375 369 526 407 Denique
551 369 689 399 dicimus
715 367 881 397 hominem
918 367 951 396 in

251 421 399 444 sermone
421 414 512 452 capi,
528 414 612 444 sicut
636 414 736 443 habes
751 412 785 442 in
810 413 952 449 Evange-

250 460 313 498 lio,
325 460 400 498 quia
412 461 615 490 convenerunt
630 459 785 488 Pharisoei
798 459 950 496 inunum,

250 508 286 536 ut
299 508 439 545 caperent
454 508 558 535 Jesum
573 507 604 534 in
616 512 768 534 sermone.

291 552 321 581 7.
338 552 385 581 lta
400 559 474 588 ergo
488 550 628 588 Sponsus
643 547 715 585 capi
726 547 822 585 jubet
835 548 952 586 vulpes

250 597 406 635 pusillas,
423 604 494 634 quae
520 594 742 624 demoliuntur
767 594 901 631 vineas,
918 594 951 624 id

249 644 299 673 est
324 640 545 680 deprehendi,
568 640 735 677 convinci,
761 639 868 677 prodi.
892 639 951 668 So-

248 689 318 718 }um
331 689 390 717 hoc
402 685 614 723 malignitatis
626 693 726 722 genus
739 685 772 714 id
781 685 950 722 proprium

248 733 364 770 habet,
376 733 413 761 ut.
426 731 572 768 agnitum
585 732 652 767 jam
663 731 800 760 minime
813 732 949 768 noceat,

248 779 294 808 ita
309 778 346 807 ut
370 776 498 813 agnosci
522 776 565 806 sit
590 776 639 805 illi
656 776 848 815 expugnari.
871 776 951 813 Quis

248 824 353 859 enim,
365 822 427 851 nisi
444 822 594 860 demens,
617 823 780 860 comperta
796 822 949 860 decipula

248 869 353 897 sciens
384 868 419 897 et
447 867 593 905 prudens
628 868 748 905 pedem
780 869 883 898 mittit
913 868 949 898 in

246 913 338 942 illam
349 913 361 943 ἓ
374 912 499 943 Sufficit
509 913 646 951 proinde
658 913 684 943 si
697 913 867 951 capiantur
877 921 949 951 quae

247 959 406 995 ejusmodi
433 960 525 996 sunt,
552 959 613 988 hoc
647 959 697 989 est
722 959 748 988 si
773 959 890 997 prodas
917 959 950 988 et

248 1005 387 1035 deducas
400 1004 440 1034 ad
451 1004 595 1034 medium
605 1026 613 1042 ‚
629 1005 751 1042 quippe
766 1003 884 1042 quibus
896 1010 951 1040 ap-

246 1050 500 1089 parere,perire
514 1051 573 1080 est.
583 1051 652 1080 Non
663 1051 709 1080 sic
722 1051 840 1080 caetera
855 1049 948 1079 vitia.

246 1098 368 1134 Nempe
398 1096 570 1126 manifeste
593 1096 751 1133 veniunt,
774 1095 948 1125 manifeste

245 1142 383 1179 nocent3
415 1142 556 1172 scientes
582 1142 768 1180 captivant,
795 1140 951 1179 superant

245 1188 462 1226 reluctantes,
477 1188 592 1226 utpote
608 1188 659 1225 vi,
681 1195 747 1217 non
763 1187 836 1216 dolo
852 1195 950 1224 agen-

246 1234 304 1262 tia.
321 1235 401 1272 Ergo
418 1234 529 1264 contra
552 1233 739 1271 huiusmodi
761 1233 874 1270 aperte
890 1241 950 1262 sae-

246 1279 374 1309 vientes
391 1279 510 1309 bestias
522 1287 588 1308 non
604 1278 856 1316 investigatione
869 1286 950 1316 opus

247 1325 316 1362 cst,
331 1325 387 1354 sed
402 1324 638 1355 refrenatione.
655 1325 743 1354 Solas
758 1324 816 1354 has
831 1324 949 1361 vulpes

248 1371 415 1407 parvulas,
454 1370 724 1400 dissimulatrices
769 1369 948 1406 maximas,

249 1420 258 1451 (
273 1415 348 1454 quia
363 1415 499 1453 proditae
511 1415 579 1451 jam
594 1423 661 1444 non
675 1415 794 1445 nocent
805 1413 816 1453 )
829 1414 950 1444 sufficit

249 1461 343 1490 educi
359 1462 393 1490 in
417 1461 544 1498 lucem,
561 1462 594 1490 et
621 1461 693 1498 capi
715 1461 750 1489 in
770 1460 947 1490 calliditate

247 1515 322 1544 sua,
339 1515 415 1536 nam
430 1506 539 1535 foveas
554 1506 686 1536 habent.
699 1505 768 1535 Tali
781 1506 891 1542 itaque
907 1514 949 1534 ex

248 1560 343 1582 causa
365 1552 482 1590 vulpes
496 1552 566 1581 istae
583 1552 616 1581 et
637 1551 710 1589 capi
724 1551 901 1588 jubentur,
917 1552 949 1579 et

247 1598 393 1635 parvulae
419 1597 661 1628 describuntur.
689 1598 750 1627 Vel
773 1596 847 1634 ideo
875 1604 949 1633 par-

248 1645 349 1681 vulae,
367 1644 404 1673 ut
424 1643 593 1672 nascentia
617 1643 699 1673 vitia
723 1643 757 1672 in
774 1643 843 1680 ipso
860 1644 948 1680 ortu,

249 1689 351 1718 donec
366 1688 480 1726 utique
500 1687 638 1725 parvula
660 1689 751 1724 sunt,
774 1688 950 1726 vigilanter

247 1735 422 1764 observans
437 1733 513 1763 ilico
528 1733 797 1771 comprehendas,
809 1741 850 1763 ne
864 1742 949 1763 cres-

248 1780 355 1809 centia
377 1780 452 1817 plus
472 1780 628 1817 noceant,
648 1779 682 1809 et
703 1778 870 1809 difficilius
899 1788 950 1808 ca-

247 1826 392 1863 piantur.

288 1872 319 1901 8.
342 1872 379 1901 Et
408 1871 434 1901 si
460 1870 554 1908 juxta
577 1871 766 1909 allegoriam
792 1872 950 1902 ecclesias

247 1926 262 1944 w
273 1918 377 1956 ineas,
388 1918 503 1956 vulpes
518 1918 673 1955 haereses,
686 1918 743 1947 vel
758 1919 866 1956 potius
882 1919 949 1949 hae-

248 1963 367 1993 reticos
381 1963 466 2002 ipsos
482 1964 704 2001 intelligamus
720 1972 727 1992 :
745 1964 885 2002 simplex
901 1966 949 1995 est

248 2010 430 2046 sensus,ut
454 2009 602 2039 haeretici
625 2009 796 2047 capiantur
822 2010 947 2048 potius,

249 2062 346 2092 quam
361 2055 762 2093 effugentur.Capiantur,
779 2055 868 2093 dico,
884 2064 949 2085 non

249 2101 365 2139 armis,
390 2101 447 2131 sed
468 2101 686 2139 argumentis,
708 2101 829 2138 quibus
851 2101 950 2130 refel-

250 2146 360 2176 lantur
385 2155 512 2177 errores
540 2155 653 2177 eorum
678 2155 686 2175 :
711 2146 775 2185 ipsi
800 2155 897 2184 vero,
923 2147 949 2176 si

250 2191 321 2220 sieri
346 2194 469 2231 potest,
483 2193 738 2223 reconcilientur
758 2193 948 2231 Catholicae,

250 2238 445 2267 revocentur
467 2238 507 2268 ad
531 2246 645 2268 veram
666 2238 776 2268 fidem.
800 2239 876 2268 Haec
900 2240 950 2269 est

250 2284 339 2312 enim
352 2283 501 2313 voluntas
517 2283 605 2321 ejus,
622 2285 675 2323 qui
693 2285 759 2314 vult
775 2293 879 2315 omnes
893 2284 948 2314 Ιιο-

249 2331 346 2360 mines
360 2329 457 2360 salvos
471 2330 555 2366 ficri,
571 2332 598 2359 et
612 2332 652 2360 ad
670 2332 856 2369 aqnilioncm
870 2332 948 2360 veri-

251 2375 322 2404 tatis
343 2375 457 2403 venire.
480 2373 547 2402 Hoc
562 2373 702 2412 denique
718 2375 804 2405 velle
826 2383 860 2405 se
875 2383 948 2413 per-

249 2419 344 2450 hibet
353 2441 362 2456 ,
372 2419 506 2457 quinon
517 2420 709 2456 simpliciter
720 2423 815 2459 capite
827 2422 946 2460 vulpes:

250 2465 308 2494 sed
340 2465 454 2503 capite,
480 2463 604 2503 inquit,
633 2465 720 2495 nobis
745 2467 857 2504 vulpes.
880 2466 946 2495 Sibi

254 2518 328 2548 ergo
344 2512 377 2540 et
391 2518 513 2549 sponsae
535 2518 619 2547 suae,
636 2509 670 2539 id
686 2512 734 2540 est
756 2512 926 2543 Catholicae
937 2533 946 2549 ‚

251 2557 344 2592 jubet
355 2556 478 2595 acquiri
493 2556 551 2586 has
565 2555 698 2594 vulpes,
714 2564 786 2585 cnm
802 2557 847 2586 ait
862 2566 869 2585 :
887 2560 948 2588 Ca-

254 2604 310 2638 pite
325 2610 376 2633 eas
397 2602 496 2633 nobis.
511 2602 622 2640 ltaque
637 2601 732 2631 homo
753 2601 793 2631 ‹lc
807 2603 947 2632 Ecclesia

256 2648 453 2678 «serenatus
467 2648 499 2678 et
513 2647 643 2687 doctus,
663 2647 688 2677 si
706 2655 776 2676 cum
795 2646 946 2676 literctit‘o

719 224 749 251 S.
775 222 1008 251 BERNARDI
1036 223 1230 251 ABBATIS

989 275 1123 305 homine.
1146 275 1314 314 disputare
1337 277 1541 316 aggreditur,
1556 277 1612 308 illo
1637 278 1686 308 in-

987 321 1167 351 tentionem
1183 330 1273 351 suam
1287 323 1428 362 dirigere
1445 324 1560 362 debet,
1575 324 1688 362 quate-

986 375 1046 396 nus
1061 367 1106 397 ita
1129 369 1291 397 errantem
1307 369 1494 407 convincat,
1510 371 1547 399 ut
1563 371 1596 399 et
1611 378 1688 399 con-

987 413 1112 450 vertat,
1127 413 1272 451 cogitans
1293 414 1375 444 illud
1394 415 1532 453 apostoli
1548 415 1660 444 Jacobi
1676 424 1697 443 :⁷

986 458 1062 495 quia
1078 460 1132 496 qui
1151 460 1286 488 concerti·
1306 459 1410 497 fecerit
1433 462 1624 498 peccatorem
1647 459 1689 490 ab

986 513 1090 533 errore
1107 506 1164 534 τίω
1179 513 1243 535 suoe
1252 526 1262 541 ,
1281 505 1410 535 salvabit
1425 508 1565 536 animam
1588 507 1653 544 ejus
1667 516 1688 536 a

988 551 1093 585 ›noi-le,
1105 551 1133 579 et
1141 552 1237 588 operit
1246 551 1470 580 multitudinem
1478 554 1686 589 peccatorum.

986 594 1077 630 Quod
1088 595 1115 625 si
1132 595 1256 625 reverti
1272 596 1433 632 noluerit,
1445 604 1506 626 nec
1519 597 1689 626 convictus

987 642 1058 677 post
1071 641 1209 679 primam
1222 642 1290 678 jam
1303 643 1336 671 et
1350 641 1526 671 secundam
1542 641 1688 671 admoni-

988 686 1125 723 tionem,
1142 688 1256 724 utpote
1281 687 1338 725 qui
1360 687 1492 716 omnino
1512 686 1689 716 subversus

987 732 1052 768 est3
1067 732 1129 761 erit
1144 732 1323 762 secundum
1337 732 1525 770 Apostolum
1539 731 1688 761 devitan-

986 777 1056 807 dus.
1073 779 1119 807 Ex
1149 778 1210 807 hoc
1234 778 1302 815 jam
1327 778 1446 807 melius
1463 776 1524 816 (ut
1552 777 1685 815 quidem

986 830 1044 860 ego
1059 822 1217 862 arbitror)
1235 823 1394 861 effugatur
1403 845 1412 860 ,
1425 823 1482 852 aut
1497 822 1595 853 etiam
1607 822 1688 852 reli-

985 868 1207 906 gatur⁸,‹1ua1n
1222 868 1340 898 sinitur
1354 868 1467 898 vineas
1482 867 1645 898 demoliri.

1024 914 1055 943 9.
1071 915 1135 943 Nec
1149 915 1322 952 propterea
1338 922 1415 944 sane
1430 914 1514 943 nihil
1529 922 1563 943 se
1580 913 1686 950 egisse

985 959 1078 997 putet
1092 959 1147 997 qui
1162 960 1353 989 haereticum
1368 960 1449 989 vicit
1470 960 1504 989 et
1526 959 1685 997 convicit,

985 1005 1125 1035 haereses
1147 1005 1345 1042 confutavit,
1367 1004 1559 1034 verisimilia
1575 1013 1593 1033 a
1607 1013 1685 1034 vero

985 1051 1071 1081 clare
1096 1051 1272 1089 aperteque
1297 1049 1466 1087 distinxit,
1482 1057 1582 1087 prava
1606 1050 1686 1087 dog-

986 1097 1088 1134 mata,
1113 1097 1210 1134 plana
1249 1095 1283 1126 et
1311 1095 1526 1133 irrefragabili
1558 1095 1686 1124 ratione

985 1151 1083 1180 prava
1104 1150 1173 1172 esse
1196 1141 1407 1177 monstravit3
1434 1148 1570 1178 pravum
1597 1139 1688 1169 deni-

985 1196 1048 1226 qne
1066 1188 1269 1218 intellectum
1280 1209 1289 1224 ,
1303 1186 1516 1216 extollentem
1527 1194 1561 1215 se
1572 1185 1687 1215 adver-

985 1241 1038 1262 sus
1060 1232 1231 1263 scientiam
1246 1232 1323 1268 Dei,
1340 1231 1374 1261 in
1391 1230 1615 1268 captivitatem
1629 1237 1684 1260 re·-

985 1277 1084 1315 degit.
1110 1277 1231 1314 Nempe
1254 1276 1344 1315 cepit
1364 1275 1601 1312 nihilominus,
1627 1275 1684 1313 qui

985 1323 1061 1352 talia
1075 1324 1226 1360 operatus
1241 1322 1308 1358 est,
1323 1321 1475 1358 vulpem,
1489 1320 1550 1350 etsi
1566 1328 1630 1349 non
1645 1319 1686 1349 ad

984 1368 1123 1398 salutem
1151 1367 1222 1405 illi3
1249 1368 1283 1397 et
1308 1367 1396 1404 cepit
1416 1374 1487 1395 eam
1512 1373 1629 1403 sponso
1653 1367 1687 1395 ct

984 1422 1124 1452 sponsae,
1140 1413 1288 1452 quamvis
1308 1412 1416 1442 aliter.
1432 1412 1510 1440 Nam
1535 1411 1595 1441 etsi
1618 1411 1686 1441 hae-

984 1461 1104 1491 reticus
1124 1469 1189 1490 non
1205 1460 1350 1491 surrexit
1370 1459 1410 1488 de
1426 1459 1524 1496 faece,
1540 1458 1685 1488 Ecclesia

984 1507 1090 1535 tamen
1103 1506 1311 1536 confirmatur
1319 1504 1421 1534 infide
1435 1513 1443 1533 :
1458 1505 1491 1534 et
1501 1504 1633 1542 quidem
1646 1504 1685 1533 de

984 1552 1182 1589 profectibus
1204 1559 1326 1589 sponsae
1347 1558 1480 1588 sponsus
1496 1550 1568 1579 sine
1585 1549 1685 1578 dubio

983 1597 1172 1635 gratulatur.
1190 1598 1345 1627 Gaudium
1369 1597 1478 1625 etenim
1493 1596 1620 1625 Domini
1643 1596 1685 1624 est

983 1643 1128 1678 sortiendo
1149 1643 1269 1671 nostra.
1290 1640 1438 1678 Denique
1461 1647 1526 1669 non
1548 1637 1641 1677 putat
1665 1645 1683 1667 a

984 1695 1016 1716 se
1032 1687 1139 1716 aliena
1150 1687 1240 1716 lucra
1251 1687 1378 1724 nostra,
1392 1685 1447 1723 qui
1459 1693 1493 1714 se
1509 1684 1603 1714 nobis
1616 1684 1683 1713 tam

984 1733 1155 1771 dignanter
1187 1732 1340 1769 associat,
1377 1731 1455 1761 dum
1481 1731 1580 1768 jubet
1611 1730 1682 1768 capi

984 1779 1114 1817 vulpes,
1132 1787 1194 1808 non
1207 1778 1269 1808 sibi
1280 1800 1289 1816 ,
1307 1777 1364 1808 sed
1378 1777 1472 1808 nobis
1486 1785 1608 1807 secum.
1625 1777 1685 1806 Ca-

982 1826 1058 1862 pite,
1091 1825 1262 1863 inquiens,
1288 1824 1388 1854 nobis.
1423 1822 1602 1853 Advertere
1635 1821 1686 1850 est

985 1870 1071 1899 enim
1097 1871 1181 1909 quod
1206 1871 1269 1908 ait,
1291 1870 1390 1900 nobis.
1413 1869 1497 1906 Quid
1519 1869 1578 1898 hac
1603 1874 1684 1896 voce

983 1916 1161 1947 socialius?
1180 1917 1293 1946 Annon
1308 1915 1370 1946 tibi
1392 1915 1526 1945 videtur
1546 1915 1607 1943 hoc
1633 1913 1684 1942 di-

984 1970 1074 2000 cere,
1093 1963 1184 2001 quasi
1208 1962 1339 2001 quidam
1360 1960 1611 2000 paterfamilias,
1626 1957 1682 1996 qui

983 2016 1042 2045 per
1064 2017 1098 2038 se
1120 2008 1205 2038 nihil
1227 2007 1364 2044 habeat,
1387 2006 1444 2035 sed
1466 2005 1573 2034 omnia
1595 2012 1684 2034 com-

984 2054 1094 2083 munia
1105 2062 1179 2084 cum
1189 2061 1291 2084 uxore
1305 2053 1339 2082 et
1353 2052 1429 2082 filiis
1443 2052 1540 2089 atque
1555 2050 1684 2079 domes-

985 2101 1057 2131 ticis
1069 2100 1082 2130 ’ἒ
1096 2101 1135 2131 Et
1149 2100 1205 2139 qui
1228 2099 1372 2137 loquitur
1388 2098 1474 2127 Deus
1489 2097 1538 2126 est
1558 2104 1567 2124 ε
1584 2095 1683 2124 mini-

984 2154 1034 2176 me
1054 2146 1166 2176 tamen
1180 2146 1216 2176 ut
1229 2145 1316 2175 Deus
1331 2144 1366 2173 id
1386 2142 1548 2182 loquitur,
1563 2140 1620 2171 sed
1646 2140 1682 2170 ut

982 2194 1134 2232 Sponsus.

1022 2239 1072 2268 40.
1089 2237 1196 2276 Capile
1215 2234 1303 2266 uobis
1324 2234 1439 2273 vulpes.
1462 2232 1562 2262 Vides
1586 2238 1682 2269 quam

982 2284 1144 2314 socialiter
1159 2282 1320 2321 loquitur,
1336 2280 1393 2319 qui
1409 2279 1531 2310 socium
1546 2286 1611 2307 non
1625 2277 1683 2306 ha-

981 2329 1059 2360 bet?
1078 2330 1208 2359 Poterat
1222 2327 1350 2364 dicere,
1366 2326 1455 2362 mihi,
1471 2325 1529 2356 sed
1543 2323 1682 2360 maluit,

981 2376 1085 2413 nobis,
1110 2374 1271 2405 consortio
1286 2372 1478 2403 delectatus.
1495 2371 1519 2400 O
1538 2369 1683 2400 suavita-

982 2422 1068 2452 tem!
1091 2428 1109 2450 ο
1124 2420 1260 2459 gratiam
1276 2419 1284 2448 !
1301 2426 1319 2448 ο
1341 2417 1459 2447 amorIs
1482 2416 1550 2446 vim
1566 2415 1574 2444 !
1591 2415 1682 2444 Itane

981 2474 1125 2497 summus
1152 2465 1297 2496 omnium
1316 2471 1400 2494 unus
1417 2462 1521 2492 factus
1540 2461 1590 2490 est
1614 2468 1683 2489 om-

981 2513 1072 2542 nium
1090 2511 1193 2549 '‘ZQuis
1205 2511 1266 2540 hoc
1282 2507 1389 2540 fecit?
1413 2510 1524 2545 Amor,
1541 2505 1683 2544 dignita-

982 2558 1023 2588 tis
1039 2557 1186 2593 nescius,
1214 2554 1400 2594 dignatione
1429 2553 1539 2588 dives,
1564 2550 1681 2580 affectu

982 2603 1113 2639 potens,
1130 2609 1227 2631 suasu
1244 2600 1372 2631 efficax.
1389 2598 1473 2636 Quid
1489 2594 1682 2627 violentius?

982 2647 1171 2685 Triumphat
1193 2647 1232 2676 (lc
1256 2647 1321 2675 Deo
1343 2652 1441 2674 amor.
1466 2641 1550 2679 Quid
1573 2642 1680 2671 tamen
