1810 3073
284 188 343 219 1ἤο

278 243 438 282 quantum
460 242 631 279 dumtaxat
664 245 803 280 interest
833 249 909 280 finis
944 249 984 279 ad

278 298 379 328 quem
396 291 605 324 referuntur:
621 294 658 325 ut
673 296 722 326 est
737 295 878 333 corporis
901 293 984 325 sani-

279 338 348 374 tas,
364 337 524 378 pecunia,
540 340 796 379 caeterarumque
813 348 924 370 rerum
939 339 984 369 af-

279 381 417 413 fluentia
430 392 438 413 τ
451 393 523 422 quae
533 384 595 415 etsi
606 393 624 415 a
636 386 703 415 Deo
710 386 788 422 sint,
799 385 984 415 nontamen

278 429 359 458 sunt
375 430 659 469 magnipendenda
669 453 679 469 ,
693 439 755 461 nec
768 439 811 461 ex
823 430 983 461 desiderio

278 474 486 512 possidenda.
502 475 662 505 Similiter
684 477 717 506 et
739 476 774 506 in
795 476 865 514 ipso
885 484 983 514 quem

278 520 377 559 petit,
392 520 491 550 debet
518 521 581 550 duo
607 520 829 560 considerare,
854 521 984 552 bonita-

277 566 358 604 tem,
385 567 420 597 et
443 566 661 603 majestatem.
687 567 894 606 Bonitatem,
920 576 984 607 qua

276 611 377 650 gratis
395 611 495 650 velit;
513 612 546 642 et
560 612 782 652 majestatem,
802 621 867 652 qua
886 613 983 652 plane

276 656 378 695 possit
389 656 465 686 dare
485 657 642 696 quicquid
661 658 801 696 petitur.
816 659 880 689 Sed
895 659 929 689 et
948 658 984 689 in

276 702 382 741 seipso
396 702 453 741 qui
467 703 562 742 petit,
578 703 677 734 debet
688 704 905 735 nihilominus
920 704 983 735 duo

276 748 462 787 attendere,
480 749 515 779 id
535 750 597 787 est,
611 750 647 780 ut
676 758 736 788 pro
762 750 831 780 suis
855 751 983 782 meritis

275 793 360 824 nibil
374 795 586 833 accepturum
596 795 704 834 putet,
720 796 779 826 sed
791 796 831 826 de
847 797 908 827 Dei
920 797 984 827 mi-

276 839 455 870 sericordia
474 840 602 871 tantum
622 841 781 880 quicquid
799 843 982 881 rogaverit,

277 885 527 924 impetraturum
549 888 668 925 speret.
693 888 783 918 Tunc
801 897 877 926 ergo
901 889 985 919 dici-

276 931 331 961 tur
345 939 400 961 cor
423 940 555 971 purum,
581 932 709 970 quando
734 933 797 963 tria
817 933 887 964 haec
911 943 983 973 quae

278 977 365 1007 dicta
379 977 466 1015 sunt,
492 979 526 1008 et
543 986 581 1008 eo
595 978 689 1009 modo
709 987 772 1018 quo
788 978 874 1010 dicta
888 982 982 1019 sunt,

278 1022 410 1060 cogitat.
425 1022 463 1053 Et
474 1023 622 1062 quisquis
642 1023 703 1054 hac
724 1025 868 1063 puritate
883 1025 918 1055 et
933 1026 984 1055 in—

276 1068 426 1098 tentione
452 1068 558 1099 cordis
583 1070 746 1108 oraverit,
776 1070 927 1100 exaudiri
948 1080 982 1102 se

278 1114 380 1144 sciat:
398 1114 487 1153 quia,
503 1114 589 1145 sicut
604 1115 744 1146 testatur
763 1116 879 1146 Petrus
906 1124 983 1156 apo—

277 1160 388 1199 stolus,
401 1162 471 1191 Non
479 1163 520 1192 cst
524 1170 730 1200 personarum
738 1164 878 1201 acceptor
887 1165 981 1200 Deus,

275 1207 326 1237 sed
341 1208 469 1237 inomni
481 1209 568 1246 qcnte
583 1209 637 1247 (11ιὶ
651 1209 734 1239 timet
747 1210 849 1239 Deum
869 1211 898 1242 et
913 1218 985 1250 ope—

277 1254 368 1283 ratur
379 1254 548 1293 jttstitiam,
561 1256 699 1293 acceptus
713 1256 756 1286 cst
774 1256 830 1286 illi.

457 1356 629 1391 SEmIo
655 1358 802 1392 CVIII.

365 1425 406 1451 De
418 1426 558 1457 spirituali
570 1427 730 1451 minutione
743 1427 897 1457 sanguinis-

320 1480 499 1511 Mmmfflm
522 1481 687 1519 sanguinis
703 1482 826 1521 duplex
842 1483 891 1513 cst
906 1490 982 1514 cau-

277 1535 325 1557 sa.
341 1526 510 1557 Interdum
525 1527 684 1566 qualitas,
700 1528 865 1558 interdum
877 1538 983 1568 quan-

277 1573 355 1604 titas
369 1573 486 1604 obest:
505 1581 566 1604 nec
591 1574 699 1604 minus
720 1575 903 1613 perniciosa
920 1576 983 1605 1111-

277 1619 443 1649 moderata
457 1619 654 1649 abundantia
666 1641 676 1658 ,
690 1628 788 1659 quam
804 1621 980 1659 corruptio.

276 1664 415 1703 Sanguis
443 1664 560 1694 animae
592 1673 692 1704 meae,
717 1667 868 1697 voluntas
895 1676 980 1698 mea.

275 1711 404 1740 Naturae
433 1710 596 1748 siquidem
621 1712 777 1749 cognatus
791 1720 859 1750 prae
881 1714 981 1743 caete-

276 1755 322 1786 ris
333 1755 523 1785 humoribus
534 1753 662 1794 sanguis
675 1756 808 1795 dicitur,
821 1758 854 1788 et
865 1757 981 1790 animae

277 1801 346 1832 vita
367 1800 402 1830 in
426 1801 595 1831 voluntate
624 1802 685 1831 est.
711 1803 877 1833 Minuatur
904 1811 981 1841 ergo

277 1854 378 1887 prava
397 1846 568 1885 voluntas,
593 1855 665 1885 quae
689 1849 794 1878 morbi
816 1857 912 1879 causa
933 1851 980 1880 cst

277 1893 468 1932 spiritualis.
482 1893 657 1932 Minuatur,
667 1894 822 1933 inquam,
839 1896 982 1935 ‹lumpe-

277 1940 367 1970 nitus
388 1938 561 1969 exhauriri
587 1940 811 1979 exsiccarique
833 1950 900 1971 non
926 1951 982 1980 po-

276 1985 353 2016 test.
370 1984 544 2014 Scindatur
560 1984 594 2014 et
608 1986 774 2024 aperiatur
792 1995 877 2017 vena
895 1987 980 2018 ferro

278 2029 555 2069 compunctionis,
580 2030 617 2060 ut
646 2032 776 2069 peccati
793 2054 803 2071 ,
827 2033 888 2063 etsi
917 2042 981 2063 non

277 2077 383 2108 omnis
398 2084 510 2106 sensus
524 2098 533 2114 ,
549 2077 638 2107 certe
661 2085 839 2109 consensus
866 2078 979 2110 effluat

278 2124 312 2154 ct
326 2122 511 2161 abjiciatur.
525 2123 574 2152 An
588 2123 718 2153 dubitas
733 2124 878 2155 inveniri
896 2126 929 2156 et
946 2126 979 2155 in

278 2168 385 2198 anima
400 2167 566 2205 sanguinis
588 2176 652 2198 non
674 2169 806 2200 inutilis
827 2170 979 2201 inutilem

279 2213 532 2243 abundantiam?
559 2214 637 2244 audi
663 2215 846 2254 sapientem
875 2218 980 2248 medi-

279 2258 439 2296 cum‚qui
462 2259 495 2289 et
520 2259 629 2298 ipsum
648 2261 742 2291 docet
755 2262 892 2299 justitiae
907 2271 980 2294 san-

279 2304 410 2344 guinem
424 2304 651 2336 minuendum.
673 2308 763 2345 Noli,
778 2308 904 2348 lnquit,
932 2311 982 2340 m·-

277 2352 376 2382 mium
393 2358 454 2380 esse
469 2350 581 2388 justas.
611 2352 725 2383 Simile
754 2356 804 2384 est
833 2355 867 2386 et
894 2355 981 2386 istud

279 2393 422 2435 Apostoli
437 2402 445 2423 :
460 2396 609 2433 Nonplus
632 2407 756 2436 sapere,
774 2409 869 2439 qnam
892 2409 982 2439 opor-

278 2444 322 2473 tet
342 2449 468 2480 sapere,
494 2442 545 2471 sed
571 2451 677 2480 sapere
704 2445 745 2474 ad
771 2446 978 2477 sobrietatem.

279 2487 339 2520 cui
365 2486 462 2525 putas
476 2494 568 2517 venae
595 2490 795 2525 parcendum
812 2492 877 2530 cst,
901 2493 924 2522 si
949 2494 980 2523 et

276 2531 467 2573 justitia,et
482 2532 643 2570 sapientia
659 2535 759 2572 egent
773 2535 980 2567 minutione?

278 2579 358 2616 Quis
369 2577 458 2607 enim
472 2576 603 2616 sanguis
617 2577 754 2608 utilior?
769 2580 855 2610 Illud
870 2582 978 2611 tamon

280 2623 464 2663 meinentO,
483 2630 543 2655 nec
562 2621 657 2656 nimis
671 2622 813 2663 justum,
829 2625 951 2662 justum
968 2629 993 2657 τ’

754 196 783 224 8.
805 195 1041 225 BERNARDI
1062 198 1253 228 ABBATIS

1018 258 1079 280 1100
1094 251 1218 283 ebriam
1233 252 1246 294 (
1260 252 1296 286 ut
1307 254 1352 285 ita
1374 254 1508 297 loquar)
1524 256 1715 296 sapientiam

1018 296 1145 333 oportet
1165 298 1359 336 sapientiam
1387 302 1561 332 nominari.
1590 302 1643 333 Sic
1663 303 1716 333 ni-

1016 341 1135 371 mirum
1149 342 1227 374 etin
1241 346 1395 384 sanguine
1411 348 1553 387 corporis
1565 348 1715 380 invenire

1017 386 1084 424 est,
1099 387 1159 418 ubi
1173 391 1359 422 excreverit
1372 393 1483 431 nimis,
1498 402 1563 424 non
1575 393 1643 431 jam
1656 402 1716 425 nu-

1015 431 1209 464 trimentum
1230 435 1346 466 afferre
1365 439 1512 477 corpori,
1532 440 1589 470 sed
1614 439 1716 470 detri-

1015 478 1175 509 mentum.
1200 480 1416 517 Quamobrem
1444 484 1470 514 si
1494 493 1633 523 peccare
1656 485 1717 516 de-

1014 523 1114 554 lectat
1137 524 1263 564 adhuc,
1278 527 1409 566 sanguis
1435 530 1573 561 vitiosus
1596 531 1664 570 est,
1681 531 1717 562 et

1015 568 1165 601 minuere
1188 571 1354 603 festinato.
1370 573 1404 604 Si
1421 575 1472 605 vis
1496 583 1593 615 agere
1610 577 1716 616 1100111-

1015 615 1171 656 tentiam,
1199 618 1358 656 castigare
1389 621 1518 659 oportet.
1549 622 1715 662 membra,

1015 670 1130 701 corpus
1145 663 1292 702 affligere
1302 687 1311 703 ,
1322 665 1471 703 J'udieare
1489 667 1714 708 temetipsum,

1014 707 1125 738 utnon
1139 708 1266 740 incidas
1289 710 1325 740 in
1347 719 1463 742 manus
1477 713 1539 743 Dei
1558 713 1713 745 viventis.

1013 753 1143 784 Justum
1161 754 1196 786 id
1209 755 1361 794 quidem,
1377 757 1436 787 sed
1448 766 1490 788 ne
1510 758 1590 797 quid
1604 758 1714 790 nimis.

1014 800 1166 839 Alioquin
1192 802 1422 840 reprimendus
1450 804 1499 834 est
1526 804 1636 836 servor
1657 805 1716 835 im-

1013 845 1215 886 moderatus,
1239 856 1282 879 ne
1301 850 1418 881 noceat
1439 850 1577 890 unitati,
1594 851 1717 883 serviat

1014 892 1256 925 indiscretioni.

1223 980 1394 1016 SERMO
1429 982 1533 1019 CIX.

1068 1048 1110 1075 De
1121 1050 1198 1074 inani
1207 1050 1356 1081 splendore
1367 1052 1512 1078 virtutum
1525 1054 1658 1079 cavendo.

1053 1101 1260 1143 CAVEAMUS,
1273 1104 1420 1143 Fratres,
1439 1113 1482 1136 ne
1497 1113 1648 1137 vasorum
1665 1109 1716 1139 in-

1014 1149 1111 1180 terim
1140 1157 1241 1180 vacuo
1267 1151 1439 1188 splendore
1467 1152 1621 1193 decepti,
1644 1163 1716 1186 sero

1013 1196 1170 1234 conqueri
1208 1195 1390 1228 habeamus
1424 1197 1511 1237 quod
1547 1200 1716 1239 lampades

1013 1241 1131 1271 nostrae
1156 1241 1423 1278 exstinguuntur.
1446 1243 1510 1281 Ego
1532 1244 1623 1274 enim
1643 1253 1717 1276 reor

1013 1286 1149 1317 minime
1188 1286 1290 1317 fuisse
1313 1287 1493 1327 {accensas,
1528 1298 1600 1328 quae
1637 1292 1716 1323 tunc

1013 1332 1166 1364 videntur
1182 1333 1358 1371 exstingui.
1377 1334 1429 1365 Sic
1448 1343 1566 1374 nempe
1590 1337 1691 1369 habes
1706 1348 1716 1368 =

1013 1379 1119 1409 Simile
1133 1380 1175 1410 cst
1188 1388 1318 1418 requam
1339 1380 1486 1410 coelorum
1510 1382 1610 1412 decem
1624 1385 1716 1423 virqi-

1014 1425 1122 1462 ntbus,
1148 1434 1216 1464 ‹111oe
1239 1427 1421 1464 accz'pz'enles
1449 1428 1604 1467 lampades
1629 1439 1713 1462 suas.

1013 1470 1222 1509 Accipieutes
1250 1472 1359 1511 dixit,
1386 1481 1453 1503 non
1477 1475 1712 1507 accendentes.

1013 1517 1177 1555 Quomodo
1191 1518 1281 1548 enim
1299 1519 1540 1559 accenderunt,
1565 1530 1636 1560 quae
1651 1531 1715 1553 non

1013 1564 1222 1602 sumpserunt
1255 1565 1367 1595 oleum
1397 1566 1530 1596 secum?
1562 1568 1625 1598 Aut
1656 1569 1714 1599 ubi

1012 1609 1095 1647 ignis
1122 1609 1260 1640 materia
1289 1610 1414 1648 defuit,
1441 1613 1602 1649 quomodo
1630 1614 1715 1652 ignis

1012 1655 1097 1685 fuit?
1112 1656 1152 1686 At
1165 1656 1255 1687 lucet
1273 1656 1404 1687 castitas
1423 1657 1522 1687 etiam
1537 1667 1581 1688 ex
1595 1660 1713 1698 seipsa.

1012 1701 1076 1732 Sed
1103 1702 1226 1741 quanto
1255 1702 1396 1732 lucidior
1428 1703 1552 1742 lampas
1578 1706 1713 1743 ardens,

1011 1755 1109 1786 quam
1128 1748 1200 1778 sine
1223 1747 1318 1786 igno,
1346 1748 1437 1778 tanto
1460 1750 1603 1786 pulcrior
1628 1753 1714 1782 casta

1012 1794 1178 1831 generatio
1193 1802 1266 1824 cum
1279 1793 1426 1824 caritate.
1444 1794 1497 1824 Sic
1513 1796 1575 1826 eta
1590 1797 1715 1827 caeteris

1012 1840 1233 1878 voluptatibus
1250 1840 1468 1878 temperantia
1479 1863 1488 1879 ,
1501 1842 1536 1871 et
1556 1842 1715 1880 patientia

1013 1886 1046 1916 in
1070 1886 1341 1923 adversitatibus,
1358 1886 1511 1917 honestas
1531 1887 1565 1917 in
1581 1896 1715 1920 conver-

1012 1932 1201 1969 sati011e‚et
1224 1932 1474 1970 circumspectio
1495 1933 1530 1963 in
1553 1942 1714 1974 sermone,

1012 1978 1216 2015 eleemosyna
1232 1985 1359 2016 quoque
1376 1977 1410 2007 et
1431 1978 1589 2015 ejusmodi
1617 1988 1715 2019 opera

1011 2023 1154 2062 pietatis,
1166 2023 1306 2053 naturali
1315 2023 1451 2061 quadam
1459 2024 1588 2062 placere
1599 2027 1714 2065 gratia,

1012 2071 1045 2100 et
1069 2069 1162 2100 velut
1187 2069 1334 2106 ingenito
1358 2068 1474 2100 decore
1504 2070 1603 2101 etiam
1630 2073 1714 2111 apud

1011 2116 1114 2146 fatuas
1141 2115 1286 2153 virgines
1310 2115 1455 2146 renitere
1482 2116 1649 2148 videntur.
1675 2120 1715 2149 At

1010 2162 1161 2201 quoniam
1173 2161 1277 2191 vitrea
1291 2161 1392 2199 magis
1404 2169 1502 2200 quam
1516 2163 1608 2201 ignea
1621 2165 1714 2195 clari-

1011 2210 1076 2239 tate
1100 2207 1285 2246 fulgebant,
1301 2215 1340 2238 eo
1356 2207 1426 2246 ipso
1450 2209 1617 2247 lampades
1641 2219 1713 2241 suas

1011 2254 1254 2284 arbitrabantur
1280 2253 1463 2292 exstingui,
1479 2263 1542 2294 quo
1560 2255 1711 2286 nimirum

1011 2300 1143 2330 inanem
1167 2300 1255 2329 hunc
1281 2299 1486 2337 splendorem
1517 2301 1558 2330 ab
1593 2302 1711 2332 aeterna

1012 2346 1243 2387 conspexerint
1263 2345 1337 2376 luce
1358 2346 1535 2385 reprobari.

1309 2419 1399 2428 -—.

1219 2461 1390 2493 SERMO
1424 2461 1504 2494 CX.

1043 2533 1082 2559 De
1099 2532 1266 2556 allocutione
1285 2530 1407 2555 hominis
1429 2530 1464 2554 ad
1480 2530 1597 2561 seipsum
1609 2546 1616 2558 .
1639 2531 1681 2554 vel

1250 2572 1374 2590 animam
1387 2572 1475 2589 suam.
1523 2587 1525 2589 ,

1055 2630 1199 2663 QUANTA
1219 2627 1268 2658 cst
1288 2626 1417 2659 miseria
1436 2626 1560 2667 nostra,
1578 2627 1610 2659 et
1629 2626 1711 2658 indi-
