1810 3073
496 252 541 280 IN
572 249 775 280 CANTICA
799 249 951 277 SERMO
976 250 1102 277 XXIV.

87 305 244 346 §utorium
257 303 362 337 simile
378 303 438 335 tibi
452 327 461 343 ,
476 306 590 344 utique
606 304 783 335 secundum

88 352 282 383 lineamenta
295 359 455 389 corporeae
467 351 685 381 rectitudinis.
701 351 784 387 Quo-

86 405 225 437 cumque
248 398 282 427 te
298 396 421 434 vertas,
445 398 513 427 sive
529 397 569 426 ad
590 397 693 426 Deum
713 404 784 425 sur-

87 451 176 480 sum,
198 441 268 472 sive
289 441 330 471 ad
345 450 398 473 mc
414 442 581 480 deorsum,
599 440 715 481 (nemo
739 440 784 471 si-

86 486 219 526 quidem
248 494 379 517 carnem
406 496 497 517 suain
525 495 680 526 umquam
709 486 782 516 odio

87 532 220 571 habuit)
250 532 373 571 ubique
402 533 543 563 occurrit
570 533 631 563 tibi
656 533 782 570 species

85 576 210 607 decoris
233 576 279 606 tui
291 598 300 614 ‚
317 577 437 616 ubique
453 585 511 615 pro
530 577 615 607 statu
633 576 698 606 tuae
713 577 782 615 dig-

86 622 200 652 nitatis
226 622 326 652 habes
346 622 386 652 de
411 622 595 659 magisterio
615 621 781 659 sapientiae

84 667 281 697 familiarem
315 667 581 697 admonitionem.
616 667 665 696 Me
706 675 780 704 ergo

83 721 209 750 meam,
230 721 325 752 quam
346 713 394 742 tui
420 712 522 750 gratia
547 712 679 750 accepi,
700 713 782 742 reti-

83 759 180 788 nentc
191 759 222 789 et
230 758 378 788 servante
388 757 629 795 praerogativam
640 765 648 794 3
659 757 695 787 tu
703 766 781 795 quo-

83 804 176 833 modo
194 811 258 833 non
282 802 488 832 confunderis
506 802 652 832 amisisse
670 803 781 833 tuam?

81 850 145 879 Cur
155 857 244 879 suam
257 849 291 878 in
305 849 338 878 te
354 848 505 879 Conditor
520 848 667 878 intuetur
680 849 780 878 aboli-

81 895 146 924 tam
155 894 415 931 similitudinem,
425 902 499 923 cum
506 894 596 924 tuam
609 895 644 924 in
654 903 706 925 me
719 895 779 924 tibi

80 940 251 970 conservet
266 960 276 977 ,
313 939 509 977 assidueque
542 941 752 978 repraesentet
769 940 781 970 ἓ

80 985 150 1015 lain
166 992 260 1015 omne
273 985 468 1022 adjutorium
477 1006 486 1021 ‚
499 985 584 1023 quod
598 985 659 1015 tibi
674 994 716 1016 ex
728 995 780 1018 me

81 1029 279 1068 debebatur,
309 1030 438 1060 vertisti
467 1030 529 1060 tibi
558 1030 592 1059 in
621 1031 781 1062 confusio-

80 1082 157 1104 nem
173 1083 183 1103 ι
199 1074 343 1104 abuteris
357 1074 513 1112 obsequio
532 1083 624 1113 meo,
647 1076 779 1115 indigne

81 1119 257 1150 humanum
274 1128 389 1158 corpus
405 1120 568 1150 inhabitas
579 1142 589 1159 ,
612 1120 727 1152 brutus
748 1123 780 1153 et

81 1166 228 1196 bestialis
243 1165 386 1203 spiritus.

121 1211 151 1240 7.
168 1210 353 1241 Istiusmodi
372 1219 447 1248 ergo
463 1219 569 1241 curvae
585 1211 701 1242 animae
715 1221 779 1242 non

80 1257 213 1294 possunt
223 1255 359 1293 diligere
374 1263 522 1293 sponsam
532 1277 542 1293 ,
553 1256 704 1294 quoniam
716 1265 779 1286 non

80 1301 156 1331 sunt
177 1301 288 1331 amicae
316 1300 445 1339 sponsi,
468 1309 542 1330 cum
561 1301 629 1331 sint
652 1302 776 1332 mundi.

79 1348 142 1385 Qut
167 1347 251 1382 vult,
280 1345 410 1383 inquit,
446 1347 564 1376 amicus
592 1356 654 1377 esse
688 1347 779 1385 hujus

78 1392 207 1428 mundi,
229 1392 370 1421 iuimicus
396 1391 455 1421 Dei
472 1392 675 1421 constituitur.
699 1393 778 1430 Ergo

79 1445 225 1475 quaerere
241 1437 274 1466 et
289 1444 403 1474 sapere
422 1444 494 1474 quae
509 1436 585 1466 sunt
601 1445 698 1475 super
713 1438 778 1467 ter-

79 1489 168 1519 ram,
181 1480 323 1511 curvitas
340 1481 457 1511 animae
471 1482 519 1511 est
537 1490 544 1510 :
562 1482 594 1511 et
612 1490 629 1511 e
645 1483 777 1520 regione

78 1526 227 1557 meditari
236 1534 271 1556 ac
280 1526 464 1556 desiderare
475 1535 546 1564 quae
555 1535 681 1557 sursum
691 1528 777 1566 sunt,

77 1572 251 1602 rectitudo.
273 1572 313 1601 Et
336 1571 406 1609 ipsa
425 1572 464 1601 ut
484 1571 631 1609 perfecta
657 1573 718 1611 sit,
744 1573 777 1603 in

75 1626 175 1648 sensu
195 1617 375 1647 diffiniatur
392 1617 427 1647 et
446 1625 616 1647 consensu.
633 1618 777 1648 Recrmu

78 1671 192 1693 revera
206 1663 238 1693 te
254 1663 414 1701 dixerim,
429 1662 456 1692 si
471 1663 559 1692 recte
575 1663 609 1692 in
629 1663 778 1694 omnibus

77 1709 198 1738 sentias
211 1730 220 1746 ‚
237 1710 271 1738 et
286 1708 379 1737 factis
398 1716 464 1737 non
487 1708 669 1738 dissentias.
691 1708 778 1739 Invi-

77 1754 182 1783 sibilis
203 1753 305 1783 animi
330 1752 451 1783 statum
474 1753 605 1783 nuntiet
624 1754 724 1791 fides,
745 1755 778 1784 et

78 1800 174 1829 actio.
196 1799 333 1828 Rectum
352 1798 483 1835 judica,
507 1798 534 1827 si
558 1799 620 1827 lide
646 1799 778 1828 catholi-

79 1853 171 1883 cum,
195 1846 228 1874 et
243 1844 366 1881 justum
391 1851 489 1882 opere
517 1843 718 1881 probaveris.
744 1843 776 1874 Si

77 1898 141 1929 quo
156 1891 263 1920 minus
277 1911 285 1927 ,
304 1897 440 1919 curvum
453 1897 586 1919 censere
602 1898 666 1919 non
683 1890 778 1919 dubi—

77 1938 138 1965 tes.
154 1936 205 1965 Sic
223 1943 339 1973 nempe
357 1934 457 1964 habes
473 1943 481 1963 :
499 1936 533 1965 Sz'
545 1936 624 1964 recte
633 1936 732 1972 offers,
748 1937 778 1965 et

76 1983 155 2012 recte
164 1991 225 2012 non
233 1982 337 2012 dividis
347 2003 357 2018 ,
374 1982 517 2019 peccasti.
530 1981 629 2010 Recte
645 1981 775 2019 quidem

76 2027 302 2065 quodcumque
321 2027 437 2056 horum
465 2026 578 2063 offers,
600 2028 691 2057 recte
721 2034 776 2057 au-

77 2074 144 2102 tem
168 2073 208 2102 ab
229 2073 386 2102 alterutro
414 2079 452 2101 ea
471 2080 536 2101 non
557 2072 687 2101 dividis.
706 2073 775 2103 Noli

77 2126 146 2148 esse
163 2119 269 2148 rectus
285 2117 428 2155 oblator,
447 2117 480 2147 et
502 2125 620 2155 pravus
643 2117 774 2150 divisor.

76 2163 158 2201 Quid
174 2163 290 2193 dividis
306 2163 413 2192 actum
429 2171 448 2192 a
466 2162 551 2192 side?
565 2162 677 2201 Inique
691 2163 776 2193 divi-

78 2210 139 2248 dis,
156 2209 250 2239 fidem
258 2208 420 2247 perimens
429 2209 518 2239 tuam
527 2217 619 2239 :nam
629 2210 700 2247 fides
711 2211 775 2241 stne

75 2255 216 2294 operibus
234 2256 359 2285 mortua
393 2257 447 2285 est.
466 2256 581 2285 Munus
610 2255 773 2285 mortuum

75 2301 170 2330 offers
181 2298 268 2329 Deo?
282 2299 315 2328 Si
327 2299 414 2329 enim
426 2300 572 2338 quaedam
584 2300 690 2329 anima
698 2299 774 2331 fidei

75 2346 145 2384 ipsa
170 2343 299 2373 devotio
321 2345 389 2381 est,
405 2344 486 2382 quid
514 2344 594 2374 fides
612 2353 684 2384 quae
709 2354 773 2375 non

76 2390 228 2428 operatur
252 2397 295 2418 ex
324 2388 519 2427 dilectione,
544 2389 608 2419 nisi
636 2390 774 2420 cadaver

76 2433 250 2464 exanime?
264 2434 350 2463 Bene
368 2434 506 2464 honoras
521 2436 624 2464 Deum
636 2443 774 2466 munere

75 2479 210 2510 foetido?
226 2479 309 2508 bene
323 2479 432 2517 placas
446 2481 510 2509 tuae
524 2480 602 2510 fidei
620 2480 774 2511 intertec-

74 2525 145 2556 tor?
156 2525 320 2563 Quomodo
336 2525 440 2554 hostia
462 2525 596 2563 pacifica
607 2548 616 2563 ,
632 2526 689 2555 ubi
707 2528 772 2557 tam

75 2579 158 2602 saeva
175 2570 334 2601 discordia
354 2569 423 2600 est?
436 2571 504 2600 Non
518 2571 637 2601 mirum
650 2571 676 2600 si
694 2572 771 2602 Cain

75 2615 253 2645 insurrexit
277 2616 310 2644 in
325 2614 477 2652 fratrem,
494 2614 550 2653 qui
571 2623 662 2645 suam
682 2616 772 2654 prius

77 2661 237 2691 occiderat
252 2660 360 2689 tidem.
379 2660 462 2698 Quid
477 2661 622 2700 miraris,
638 2670 656 2691 o
671 2663 770 2702 Cain,

1457 254 1515 284 22⁷

817 302 844 332 si
864 302 905 333 ad
921 304 976 333 tua
997 311 1063 332 non
1089 302 1224 340 respicit
1246 311 1380 335 munera
1404 307 1458 345 qui
1482 309 1515 338 te

817 347 974 386 despicit?
987 349 1050 378 Nec
1063 349 1123 378 hoc
1138 348 1257 378 mirum
1272 349 1298 378 si
1310 357 1374 379 non
1382 353 1516 390 respicit

817 393 857 423 ad
870 394 922 431 te,
943 394 998 432 qui
1015 394 1060 423 ita
1075 394 1199 424 divisus
1222 402 1256 424 es
1279 394 1314 424 in
1329 395 1373 425 te.
1390 396 1423 425 Si
1445 405 1514 426 ma-

817 447 896 469 num
907 439 1085 475 devotioni,
1094 439 1324 478 quidanimum
1333 439 1389 470 das
1399 441 1515 471 livori?

816 485 890 514 NON
924 491 1104 514 CONCILIAS
1134 484 1240 513 Deum
1280 483 1340 514 tibi
1351 505 1360 522 ,
1395 484 1516 515 discors

816 530 946 568 tecum3
972 537 1037 559 non
1059 530 1184 566 placas,
1208 529 1265 559 sed
1289 537 1425 568 peccas:
1453 531 1516 559 etsi

815 574 958 603 noudum
978 573 1111 612 quidem
1134 573 1233 612 impie
1255 573 1428 612 feriendo,
1457 574 1517 604 sed

816 619 923 649 tamen
944 619 1120 649 dividendo
1142 628 1207 650 non
1231 620 1334 649 recte.
1351 620 1416 650 Etsi
1437 627 1523 650 nec-

815 663 891 693 dum
925 664 1088 694 fratricida
1099 685 1109 702 ,
1134 664 1202 701 jam
1226 664 1338 694 tamen
1366 664 1516 695 fideicida

815 708 950 739 teneris.
973 709 1137 748 Numquid
1163 711 1289 749 rectus,
1311 711 1365 742 vel
1388 711 1518 749 quando

814 761 945 784 manum
962 755 1100 794 porrIgis
1117 757 1201 794 Deo,
1227 756 1320 794 cujus
1334 758 1434 786 corin
1449 757 1519 787 ter-

814 806 881 828 ram
898 800 998 831 trahit
1020 801 1105 831 livor
1126 802 1160 832 et,
1181 802 1359 832 fraternum
1383 802 1518 832 odium?

813 845 977 882 Quomodo
1003 847 1112 876 rectus
1124 868 1134 885 ,
1152 847 1245 884 cujus
1265 847 1345 878 fides
1369 848 1516 883 mortua,

815 891 908 927 cujus
923 899 1004 929 opus
1026 900 1129 931 mors,
1150 893 1243 930 cujus
1256 894 1347 923 nulla
1365 893 1516 930 devoti0,

814 937 996 967 amaritudo
1011 938 1134 968 multa?
1148 939 1222 969 Erat
1236 939 1369 978 quidem
1384 940 1418 969 in
1434 939 1517 969 offe-

812 982 905 1012 rente
927 982 1026 1022 fides,
1047 983 1105 1014 sed
1127 992 1193 1014 non
1213 984 1249 1014 in
1269 985 1332 1015 fide
1355 984 1488 1016 dilectio
1505 994 1514 1014 :

813 1028 901 1057 recta
916 1028 1054 1067 oblatio,
1071 1029 1128 1059 sed
1143 1029 1284 1060 crudelis
1300 1030 1431 1060 divisio.

852 1073 884 1102 8.
897 1074 992 1104 Mons
1003 1081 1095 1104 FIDEI
1111 1076 1161 1105 est
1175 1075 1336 1113 separatio
1353 1074 1512 1106 caritatis.

813 1116 923 1148 Credis
943 1118 979 1148 in
995 1119 1176 1150 Christum?
1191 1120 1241 1151 fac
1256 1120 1374 1151 Christi
1399 1129 1516 1159 opera,

813 1163 849 1193 ut
863 1163 954 1194 vivat
966 1163 1046 1194 fides
1056 1166 1124 1195 tua.
1141 1165 1254 1196 Fidem
1275 1166 1365 1196 tuam
1381 1166 1515 1197 dilectio

813 1209 952 1247 animet,
967 1209 1084 1247 probet
1095 1211 1190 1240 actio.
1203 1212 1273 1240 Non
1285 1211 1435 1241 incurvet
1445 1211 1512 1241 ter-

812 1261 925 1283 renum
938 1263 1030 1293 opus,
1046 1263 1145 1292 quem
1158 1256 1238 1286 fides
1251 1257 1433 1286 coelestium
1448 1257 1514 1286 eri-

812 1299 870 1336 git.
895 1300 957 1336 Qui
978 1301 1012 1330 te
1036 1300 1119 1330 dicis
1139 1301 1173 1330 in
1201 1301 1328 1331 Christo
1357 1310 1514 1340 manere,

812 1343 910 1374 debes
929 1344 1013 1375 sicut
1034 1345 1103 1382 ipse
1119 1345 1317 1384 ambulavit,
1334 1346 1367 1376 et
1391 1348 1428 1376 tu
1445 1354 1516 1376 ain-

812 1389 935 1419 bulare.
950 1390 1041 1427 Quod
1057 1391 1083 1420 si
1096 1391 1260 1429 propriam
1275 1391 1411 1430 gloriam
1425 1400 1516 1430 quae-

811 1433 855 1463 ris
868 1455 877 1472 ,
892 1434 1022 1465 florenti
1039 1436 1186 1474 invides,
1202 1436 1330 1466 absenti
1350 1437 1514 1476 detrahis,

811 1480 940 1518 reponis
962 1481 1094 1511 laedenti
1117 1482 1151 1511 te
1170 1481 1257 1512 :hoc
1281 1482 1425 1513 Christus
1449 1491 1516 1514 non

811 1524 901 1556 fecit.
919 1527 1089 1557 confiteris
1103 1528 1137 1558 te
1157 1535 1252 1558 nosse
1273 1528 1399 1567 Deum,
1420 1528 1516 1560 factis

812 1571 921 1601 autem
936 1580 1047 1610 negas.
1063 1573 1132 1602 Non
1146 1575 1235 1604 recte
1246 1573 1361 1612 plane,
1378 1574 1436 1604 sed
1450 1574 1514 1604 im-

811 1616 865 1654 pie
885 1617 1029 1656 linguam
1054 1618 1201 1657 Christo,
1230 1619 1373 1649 animam
1393 1619 1513 1650 dedisti

811 1662 951 1692 diabolo.
977 1663 1059 1693 Audi
1082 1672 1158 1702 ergo
1179 1664 1260 1703 quid
1285 1665 1372 1695 dicat
1388 1667 1512 1695 :Homo

810 1709 864 1737 iste
881 1708 970 1738 labiis
988 1718 1038 1739 me
1061 1709 1214 1746 honorat,
1237 1718 1290 1739 cor
1317 1712 1420 1740 autem
1448 1711 1514 1748 ejus

811 1753 898 1792 lonqe
909 1755 952 1784 est
970 1763 991 1784 α
1005 1763 1065 1784 me.
1080 1755 1150 1784 Non
1165 1762 1200 1785 es
1218 1755 1365 1793 profecto
1379 1755 1488 1785 rectus
1500 1778 1511 1793 ‚

810 1796 866 1833 qui
891 1797 957 1826 tam
979 1805 1044 1827 non
1068 1798 1159 1828 recte
1178 1798 1310 1829 dividis.
1332 1800 1401 1829 Non
1420 1800 1514 1838 potes

811 1842 961 1872 attollere
985 1843 1082 1881 caput
1100 1851 1248 1881 pressum
1278 1844 1400 1874 diaboli
1421 1845 1512 1883 jugo.

810 1888 877 1917 Non
891 1888 923 1918 te
939 1889 1100 1927 surrigere
1113 1890 1287 1927 praevales,
1303 1891 1357 1920 cui
1369 1890 1514 1921 domina·

811 1935 863 1963 tur
873 1934 1038 1972 iniquitas.
1049 1935 1239 1973 Iniquitates
1250 1936 1314 1966 tuae
1325 1944 1513 1976 supergres-

810 1988 851 2009 sae
861 1981 935 2009 sunt
949 1982 1045 2018 caput
1060 1983 1165 2019 tuum,
1179 1982 1212 2011 et
1222 1981 1308 2011 sicut
1323 1989 1402 2012 onus
1414 1991 1512 2020 grave

809 2026 948 2062 gravatae
960 2026 1033 2055 sunt
1042 2034 1140 2065 super
1148 2028 1193 2056 te.
1202 2026 1359 2065 Iniquitas
1370 2027 1513 2067 denique

809 2071 902 2101 sedet
915 2081 1005 2110 super
1017 2073 1164 2102 talentum
1173 2074 1302 2112 plumbi.
1312 2074 1410 2104 Vides
1425 2075 1513 2112 quod

808 2124 873 2146 non
887 2117 985 2147 faciat
998 2117 1166 2148 hominem
1180 2118 1306 2148 rectum
1317 2119 1397 2149 fides
1411 2119 1512 2150 etiam

809 2163 896 2192 recta
906 2185 916 2200 ,
931 2171 1003 2201 quae
1018 2172 1083 2195 non
1097 2165 1252 2202 operatur
1265 2172 1307 2194 ex
1318 2165 1510 2197 dilectione.

808 2208 847 2238 At
862 2208 918 2246 qui
942 2208 1015 2239 sine
1033 2209 1209 2240 dilectione
1228 2212 1296 2248 est,
1320 2218 1387 2240 non
1411 2211 1513 2242 habet

808 2254 894 2284 unde
913 2253 1028 2292 diligat
1047 2263 1207 2294 sponsam.
1225 2256 1288 2286 Sed
1309 2264 1371 2286 nec
1389 2264 1487 2294 opera
1499 2280 1509 2295 ,

808 2300 959 2337 quamvis
972 2301 1059 2330 recta
1069 2323 1079 2338 ,
1092 2303 1219 2331 rectum
1235 2309 1290 2331 cor
1304 2302 1434 2332 efficere
1446 2303 1512 2333 suf-

808 2344 921 2374 ficiunt
936 2344 1006 2374 sinc
1021 2345 1097 2375 fide.
1112 2346 1191 2383 Quis
1207 2346 1294 2376 enim
1314 2348 1440 2376 rectum
1462 2347 1513 2377 di-

808 2391 859 2419 cat
876 2390 1042 2420 hominem
1057 2399 1121 2421 non
1139 2392 1324 2429 placentem
1337 2392 1510 2422 De0381'ne

805 2435 861 2471 fide
884 2438 994 2466 autem
1013 2438 1196 2475 impossibile
1214 2439 1259 2468 est
1283 2438 1404 2476 placere
1430 2439 1508 2468 Deo.

807 2480 871 2517 Qu1
894 2489 966 2512 NON
994 2489 1124 2513 PLACET
1138 2483 1230 2519 DEo,
1252 2491 1317 2512 non
1332 2483 1438 2520 potest
1457 2482 1508 2511 illi

806 2527 937 2564 placere
967 2528 1067 2558 Deus.
1089 2529 1168 2558 Nam
1193 2528 1246 2558 cui
1271 2528 1379 2565 placet
1401 2527 1506 2563 Deus,

806 2573 873 2602 Deo
896 2573 1068 2612 displicere
1093 2582 1160 2603 non
1181 2574 1299 2612 potest.
1330 2573 1425 2601 Porro
1452 2573 1505 2601 cui

805 2626 868 2648 non
884 2619 992 2656 placet
1004 2619 1112 2657 Deus,
1128 2627 1188 2648 nec
1200 2624 1314 2656 sponsa
1325 2616 1406 2653 ejus.
1422 2615 1505 2653 Quo-

806 2664 900 2694 modo
917 2672 991 2702 ergo
1014 2665 1142 2702 rectus,
1158 2664 1214 2702 qui
1227 2671 1288 2693 nec
1303 2662 1407 2728 1¹]5nin
1428 2662 1506 2693 dili-

1331 2711 1357 2728 δ.
