1810 3073
499 236 543 263 IN
567 234 767 263 CANTICA
791 234 939 261 SERMO
965 234 1056 261 XVI.

69 293 169 325 instar
179 294 331 332 priorum.
343 290 488 322 Sentitur
500 290 604 320 infusa
617 291 719 327 salus,
733 289 766 319 et

68 340 261 371 beneficium
279 346 341 368 non
363 337 502 367 tacetur.
529 336 617 366 Intus
633 343 763 372 sensus,

67 385 145 414 foris
160 393 222 414 vox
245 384 444 421 compungor
456 403 465 420 ,
482 381 516 411 et
540 380 714 417 confiteor,
731 379 765 409 et

67 429 222 459 consessio
230 429 332 458 vitam
345 427 483 457 indicat:
495 426 524 457 Α
536 428 658 456 mortuo
670 426 763 461 enim,

67 477 225 512 tamquam
252 475 305 512 qui
331 482 394 503 11011
419 474 463 503 est
471 494 481 509 ,
504 473 582 510 perit
604 470 762 508 confessio,

66 521 145 550 Ecce
162 519 244 557 vita,
259 527 336 549 ecce
359 526 482 548 sensus.
498 516 677 547 Suscitatus
689 523 764 553 per-

65 564 148 595 fecte
163 573 251 603 sum,
274 565 399 603 integra
424 564 473 593 est
492 561 697 593 resurrectio.
714 561 762 590 An

63 610 151 640 aliud
166 619 251 640 mors
267 610 409 648 corporis
421 609 490 646 est,
502 607 564 638 nisi
581 615 653 637 cum
669 614 763 636 sensu

63 655 209 693 privatur
220 656 253 685 et
263 655 332 686 vita
344 655 358 685 ’ἐ
368 655 540 684 Peccatum
551 674 559 690 ,
576 652 663 690 quod
677 660 763 681 mors

61 701 178 731 animae
216 701 264 731 cst
275 723 284 738 ‚
310 709 369 731 nec
395 698 653 737 compunctionis
681 697 762 726 mihi

62 754 191 776 sensum
201 768 210 784 2
223 755 284 776 nec
296 745 505 776 confessionis
517 744 695 781 reliquerat
709 752 764 773 vo-

60 798 148 828 cem3
175 793 208 822 et
235 800 322 821 eram
347 791 502 820 mortuus.
525 789 623 819 Venit
652 789 679 819 is
707 789 762 827 qui

60 836 192 874 peccata
204 836 359 874 dimittit,
372 836 405 865 et
419 836 593 873 utrumque
606 835 761 873 restituit,

60 883 94 914 et
108 883 186 914 divit
201 883 316 914 animae
327 892 429 914 meae:
445 884 535 914 Salus
548 885 602 913 tua
614 892 666 922 090
680 891 760 914 sitm.

59 928 142 966 Quid
159 930 275 959 mirum
287 930 314 959 si
333 930 419 960 cedit
432 938 517 959 mors
529 929 604 966 ,uhi
619 929 691 958 Vita
705 929 763 958 de-

59 973 203 1003 scendit?
215 975 284 1003 Jam
295 975 389 1005 corde
400 975 543 1005 creditur
556 974 761 1011 adjustitiam

59 1020 93 1050 et
107 1027 162 1049 ore
178 1020 336 1051 confessio
356 1021 393 1051 fit
408 1021 448 1050 ad
463 1021 612 1050 salutem.
629 1021 699 1050 Jam
714 1029 762 1050 05-

58 1065 135 1095 citat
150 1074 249 1104 puer,
267 1067 300 1096 et
331 1067 445 1096 oscitat
460 1066 598 1104 septies,
614 1066 646 1096 et
661 1066 760 1096 dicit:

58 1111 170 1149 Septies
186 1113 216 1141 in
231 1113 276 1142 (tic
289 1113 410 1142 laudem
432 1114 499 1142 (1ἰωί
513 1112 588 1149 tibi,
610 1113 759 1141 Domine.

57 1157 173 1187 Videte
186 1158 273 1188 hunc
290 1158 524 1195 septenarium.
539 1158 634 1187 Sacer
649 1166 762 1187 nume-

58 1210 110 1232 rus
126 1203 175 1233 est
191 1212 199 1232 :
215 1211 280 1232 non
296 1204 401 1233 vacat.
418 1203 480 1232 Sed
495 1204 614 1233 melius
629 1203 689 1232 boc
705 1203 760 1232 alii

57 1256 222 1279 servamus
233 1249 392 1287 sermoni,
408 1257 470 1288 quo
488 1249 632 1279 famelici
647 1250 681 1279 et
696 1257 759 1279 non

57 1293 214 1324 fastidiosi
236 1295 275 1324 ad
299 1295 365 1324 tam
385 1295 484 1324 bonas
500 1295 612 1333 epulas
627 1295 761 1324 acceda-

56 1346 127 1370 mus
136 1361 145 1378 ,
160 1340 319 1370 invitante
331 1348 389 1370 nos
403 1341 523 1378 Sponso
535 1340 683 1370 Ecclesiae
698 1340 760 1370 Do—

56 1385 144 1415 mino
158 1387 265 1415 nostro
279 1386 355 1416 Jesu
369 1386 493 1416 Christo
503 1407 512 1424 ,
528 1386 585 1424 qui
602 1386 650 1416 est
662 1395 760 1424 super

57 1431 166 1461 omnia
204 1432 290 1461 Deus
328 1432 519 1463 benedictus
551 1432 585 1462 in
621 1434 757 1472 saecula,

55 1484 162 1507 amen.

250 1575 422 1610 SERMO
450 1578 559 1610 XVI.

56 1649 95 1674 De
111 1648 203 1675 cordis
219 1651 404 1679 contritione:
419 1653 445 1674 et
461 1651 495 1674 de
513 1651 605 1675 tribus
616 1651 758 1683 speciebus

264 1693 341 1710 verae
358 1687 542 1713 confessionis.

96 1748 125 1778 l.
151 1748 238 1785 Qum
263 1749 325 1778 sibi
355 1757 431 1786 ergo
457 1749 529 1778 vult
553 1750 757 1788 septenarius

53 1792 135 1825 iste?
147 1795 260 1824 Nescio
277 1795 364 1824 enim
380 1803 420 1823 an
438 1795 481 1824 ita
508 1795 648 1833 simplex
669 1796 757 1833 qnis-

52 1840 139 1878 piam
162 1840 195 1869 in
210 1840 302 1869 nobis
326 1841 386 1878 sit,
403 1840 459 1878 qui
485 1841 601 1870 otiosas
615 1850 684 1871 esse
700 1841 770 1872 has*

52 1886 141 1915 vices
153 1908 162 1922 ‚
179 1887 212 1915 et
239 1894 409 1915 numerum
425 1886 511 1916 hunc
531 1887 625 1924 putet
641 1887 757 1918 fortui-

53 1931 133 1961 tum.
149 1933 211 1970 Ego
238 1940 299 1961 nec
328 1932 412 1961 illud
427 1940 542 1962 vacare
567 1941 658 1970 reor,
671 1935 755 1971 quod

53 1977 210 2015 Propheta
237 1978 430 2007 incumbens
455 1986 552 2016 super
571 1980 753 2018 mortuum,

53 2023 92 2052 ad
101 2031 282 2053 mensuram
293 2024 429 2061 puerilis
444 2024 585 2062 corporis
597 2033 666 2054 sese
679 2034 755 2056 con-

52 2068 169 2106 traxit,
198 2077 232 2098 os
257 2077 351 2099 suum
373 2070 421 2099 ori
448 2070 537 2099 illius
563 2070 768 2110 0011111111111,ἰ

52 2115 216 2152 oculisque
241 2116 367 2153 oculos,
396 2115 428 2145 et
453 2116 602 2146 manibus
627 2125 751 2148 manus.

52 2159 187 2198 Spiritus
209 2162 338 2191 sanctus
352 2162 398 2191 sie
420 2162 528 2191 omnia
550 2162 619 2191 fieri
632 2184 640 2200 ,
659 2163 690 2192 et
707 2164 750 2193 sic

52 2205 147 2235 scribi
163 2206 236 2236 fecit
249 2228 258 2245 ‚
275 2207 314 2237 ad
336 2207 551 2238 eruditionem
578 2210 752 2246 proculdu-

51 2249 104 2281 bio
128 2251 258 2281 illorum
283 2253 475 2291 spirituum,
500 2262 579 2292 quos
609 2255 749 2293 corrupti

51 2297 191 2334 corporis
202 2297 420 2328 circumvenit
435 2299 532 2328 infida
549 2299 684 2330 societas
696 2322 704 2337 2
715 2309 750 2330 ac

51 2341 148 2372 stulta
165 2343 277 2372 mundi
289 2343 448 2381 sapientia
464 2344 611 2382 desipere
628 2344 749 2375 docuit.

52 2387 187 2426 Corpus,
203 2389 324 2427 quippe
350 2390 429 2427 quod
453 2391 672 2428 corrunrpiim,
696 2401 752 2429 ay-

51 2435 157 2470 gravat
186 2435 343 2473 ccnimam5
356 2436 384 2464 et
409 2436 550 2473 deprimit
566 2438 687 2465 terrena
703 2438 751 2465 ἰη-

51 2477 197 2509 habitatio
205 2489 328 2510 sensu-m
342 2481 640 2518 nzultacoqitantem.
652 2482 751 2519 Prop-

52 2521 139 2553 terea
162 2532 257 2554 nemo
285 2525 422 2555 miretur
447 2527 501 2555 aut
516 2526 649 2556 moleste
665 2528 750 2556 acei-

50 2567 132 2607 piat,
147 2569 170 2599 si
191 2570 222 2599 in
234 2570 284 2601 his
298 2571 489 2610 scrutandis,
505 2573 668 2610 tamquam
678 2574 750 2611 qui-

51 2613 180 2644 busdam
190 2616 328 2654 spiritus
339 2617 441 2647 sancti
453 2618 620 2656 apothecis
628 2640 636 2656 ,
647 2619 750 2648 curio-

49 2666 102 2690 sus
114 2660 232 2692 exsisto
241 2683 250 2700 ,
265 2670 339 2693 cum
350 2663 450 2693 sciam
462 2663 538 2702 quia
551 2663 596 2693 sic
614 2664 746 2701 vivitur,
761 2693 763 2697 ,

194 2717 223 2733 0.

1451 241 1507 270 {95

800 288 878 318 etin
892 288 1013 318 talibus
1035 286 1104 318 vita
1122 288 1257 327 spiritus
1270 291 1348 321 mei.
1364 292 1440 323 Dico
1458 295 1506 324 ta-

800 342 876 363 men
903 333 954 363 his
978 333 1035 372 qui
1060 335 1274 372 praevolantes
1301 337 1449 376 ingenio,
1472 340 1506 369 in

800 379 888 408 omni
900 387 1049 409 sermone
1066 381 1140 410 ante
1155 388 1240 418 pene
1252 380 1398 418 flagitant
1410 383 1506 413 finem

799 433 896 464 quam
924 425 1124 463 principium
1148 426 1302 464 teneant,
1325 426 1507 458 debitorem

800 479 851 500 me
869 470 967 500 etiam
981 471 1178 502 tardioribus
1194 480 1264 502 esse
1275 494 1283 510 ,
1297 472 1330 502 et
1345 473 1506 510 maxime;

798 516 855 546 sed
869 524 930 546 nec
944 516 1088 546 studium
1100 517 1166 547 tam
1175 525 1244 548 esse
1259 517 1340 547 mihi
1353 517 1389 547 ut
1405 525 1508 556 expo-

799 570 872 591 nam
888 563 1005 601 verba,
1021 571 1117 601 quam
1132 563 1170 593 ut
1184 563 1329 592 imbuam
1345 563 1452 593 corda.
1468 564 1508 595 Et

799 607 929 637 haurIre
941 629 950 645 ,
967 609 1000 638 et
1013 608 1188 646 propinare
1210 616 1262 638 me
1279 609 1406 646 oportet
1419 608 1509 646 quod

798 661 861 682 non
876 653 911 682 fit
928 654 1079 683 celeriter
1094 654 1331 692 percurrendo,
1348 654 1405 684 sed
1419 656 1506 684 trac—

800 699 893 728 tando
925 699 1119 738 diligenter,
1146 699 1180 729 et
1207 700 1410 729 exhortando
1439 699 1506 729 sre-

798 746 947 782 quenter.
976 747 1178 784 Quamquam
1208 746 1240 776 et
1274 748 1391 784 praeter
1414 754 1506 784 spem

797 799 923 829 quoque
940 800 1046 821 meam
1059 792 1116 821 diu
1128 800 1184 821 1105
1199 791 1352 822 (1150115510
1362 791 1507 822 detinuit

797 838 1084 867 sacramentorum.
1105 838 1240 876 Putavi,
1266 838 1386 876 fateor,
1402 846 1505 868 unum

797 883 834 912 ad
852 883 912 913 1100
925 892 1109 913 sermonem
1134 883 1302 922 sufficere,
1322 884 1504 921 silvamque

797 928 890 958 istam
919 929 1121 967 umbrosam,
1142 930 1403 967 latebrosamque
1425 930 1506 959 alle-

795 975 955 1012 goriarum
968 976 1164 1012 pertransire
1176 983 1233 1005 1105
1245 975 1326 1012 cito,
1336 976 1369 1005 et
1384 975 1423 1004 ad
1435 975 1504 1013 pla-

795 1021 910 1050 nitiem
929 1021 1100 1051 moralium
1117 1029 1270 1051 sensuum
1293 1021 1412 1051 itinere
1435 1021 1503 1050 diei

795 1067 886 1104 quasi
902 1067 998 1097 unius
1023 1067 1219 1105 pervenire:
1237 1067 1292 1096 sed
1313 1075 1406 1096 secus
1425 1075 1502 1096 con-

795 1113 880 1150 tigit.
893 1113 1031 1142 Biduum
1047 1113 1169 1151 quippe
1182 1111 1248 1149 jam
1264 1113 1299 1141 in
1320 1120 1359 1142 eo
1375 1119 1501 1150 expen-

795 1158 919 1196 dimus,
933 1159 966 1188 et
990 1158 1095 1188 adhuc
1110 1159 1211 1188 restat
1228 1158 1294 1188 via.
1312 1158 1397 1187 lctus
1413 1157 1501 1187 oculi

795 1203 923 1234 eminus
944 1204 1146 1233 summitates
1172 1212 1335 1233 ramorum
1355 1203 1389 1233 ct
1408 1211 1502 1233 mou-

794 1250 873 1279 tium
889 1250 1057 1279 cacumina
1066 1250 1257 1286 pervolabat
1272 1257 1281 1278 z
1297 1249 1354 1279 sed
1365 1249 1501 1279 vallium

793 1295 1013 1332 subterjacens
1034 1295 1185 1332 vastitas,
1210 1294 1242 1324 et
1270 1294 1412 1324 densitas
1439 1294 1501 1324 du·-

792 1342 952 1370 metorum
980 1339 1195 1370 frustrabatur
1221 1340 1364 1369 obtutus.
1399 1340 1501 1369 Num-

792 1386 888 1424 quid,
914 1386 1007 1416 verhi
1036 1386 1136 1423 gratia
1148 1407 1157 1423 ,
1171 1384 1278 1415 Elisaei
1304 1385 1499 1414 miraculum

792 1432 971 1469 praevidere
993 1432 1161 1469 valebam,
1177 1431 1253 1469 quia
1273 1430 1366 1460 nobis
1381 1431 1499 1461 videli-

792 1478 842 1507 cet
856 1477 897 1506 de
913 1477 1065 1507 Gentium
1082 1477 1250 1507 vocatione
1267 1477 1300 1506 et
1311 1477 1498 1515 repulsione

789 1523 974 1553 Judaeorum
1000 1523 1251 1560 disserentibus,
1268 1523 1312 1552 ita
1328 1523 1367 1553 de
1389 1524 1498 1554 subito

791 1568 823 1598 in
838 1570 982 1599 medium
1004 1568 1191 1607 prosiliret?
1215 1570 1252 1598 Et
1276 1577 1498 1607 nunc,quan-

789 1615 963 1653 doquidem
994 1616 1187 1653 incidimus,
1213 1623 1277 1645 non
1304 1615 1414 1653 pigeat
1439 1624 1497 1645 nos

770 1662 955 1698 *paululum
984 1661 1168 1697 immorari,
1194 1662 1432 1699 consequenter
1456 1662 1495 1691 ad

789 1706 819 1736 id
836 1707 922 1745 quod
949 1706 1196 1736 intermIttimus
1217 1707 1329 1745 postea
1345 1711 1497 1737 reversu-

788 1760 850 1781 ros.
874 1752 1042 1790 Siquidem
1060 1752 1240 1782 animarum
1265 1752 1357 1782 cibus
1372 1752 1495 1782 nihilo-

788 1799 895 1828 minus
907 1799 955 1828 est
967 1798 1042 1828 iste.
1055 1798 1193 1827 Canibus
1205 1806 1334 1836 quoque
1347 1806 1384 1827 ac
1394 1807 1496 1828 vena-

788 1845 912 1874 toribus
937 1845 1129 1883 plerumque
1154 1844 1312 1881 contingit
1333 1851 1351 1872 a
1372 1844 1494 1879 hestia,

787 1898 883 1927 quam
899 1889 1037 1928 aggressi
1047 1890 1138 1918 erant
1149 1911 1157 1926 ,
1167 1888 1323 1918 desistere
1334 1896 1343 1925 3
1353 1889 1384 1918 et
1400 1890 1494 1927 sequi

787 1935 904 1973 aliam,
929 1944 1000 1974 quae
1015 1934 1260 1973 inopinantibus
1276 1934 1358 1964 forte
1380 1942 1495 1964 occur-

786 1981 878 2012 rerit.

826 2027 856 2056 2.
872 2028 941 2056 Non
957 2034 1093 2065 parvum
1105 2025 1231 2055 fiduciae
1250 2025 1349 2056 robur
1361 2025 1494 2064 praestat

786 2073 886 2111 mihi,
902 2073 986 2111 quod
1008 2080 1141 2110 magnus
1166 2072 1222 2101 ille
1246 2072 1297 2101 vir
1312 2072 1470 2110 Propheta
1482 2093 1493 2108 ‚

787 2118 899 2154 potens
916 2117 949 2146 in
967 2125 1064 2154 opere
1081 2117 1114 2146 et
1128 2124 1289 2152 sermone,
1304 2116 1344 2146 de
1361 2116 1492 2145 excelso

788 2163 895 2192 monte
922 2163 1076 2192 coelorum
1109 2161 1308 2191 descendens
1321 2183 1329 2198 ,
1356 2161 1491 2190 visitare

787 2209 934 2247 dignatus
951 2208 999 2237 est
1014 2215 1065 2237 me
1077 2229 1086 2245 ‚
1102 2215 1177 2236 cum
1193 2207 1254 2236 sim
1271 2207 1353 2237 cinis
1371 2208 1402 2237 et
1420 2208 1493 2245 pul-

786 2254 850 2292 vis3
869 2254 1017 2283 misereri
1040 2254 1184 2291 mortuo,
1210 2252 1368 2282 inclinare
1395 2253 1493 2289 50111-

786 2300 890 2338 centi,
926 2298 1073 2329 contrahi
1103 2299 1136 2328 et
1175 2298 1335 2336 coaequari
1368 2294 1469 2336 parvo
1481 2320 1502 2336 ,-

785 2354 867 2376 caeco
883 2345 996 2384 partiri
1020 2345 1131 2374 lumen
1146 2345 1311 2374 oculorum
1337 2352 1467 2373 suorum
1480 2365 1490 2378 ,

786 2393 817 2421 et
832 2401 865 2421 os
878 2390 1004 2420 mutum
1019 2390 1213 2428 orisproprii
1227 2389 1335 2419 osculo
1348 2390 1488 2426 solvere,

786 2437 973 2474 debilesque
987 2444 1100 2466 manus
1112 2444 1241 2466 suarum
1252 2435 1401 2464 roborare
1416 2443 1471 2463 con
1480 2450 1490 2455 -

786 2483 882 2513 tactu.
899 2482 1050 2512 Suaviter
1065 2482 1193 2512 rumino
1211 2481 1286 2518 ista3
1314 2480 1346 2510 et
1358 2481 1488 2517 replen-

785 2529 836 2558 tur
852 2529 976 2558 viscera
1002 2536 1093 2565 mea,
1117 2529 1150 2558 et
1169 2527 1323 2557 interlora
1346 2533 1417 2554 mea
1439 2533 1488 2553 sa-

784 2574 936 2611 gInantur
946 2595 955 2611 ‚
969 2574 1001 2603 ct
1016 2573 1122 2602 omnia
1134 2581 1203 2603 ossa
1218 2580 1289 2601 mea
1305 2570 1487 2608 germinant

784 2619 926 2650 laudem.
952 2619 1018 2648 Hoc
1040 2619 1141 2648 semel
1168 2616 1304 2647 contulit
1324 2614 1487 2644 universi-

785 2665 841 2694 tati
859 2673 867 2694 :
882 2665 942 2695 hoc
957 2664 1100 2703 quotidie
1117 2662 1233 2700 singuli
1250 2662 1283 2691 in
1297 2660 1390 2730 ”⁰¹¹2ss
1405 2659 1488 2689 acti-
