1810 3073
449 224 494 252 m
517 220 719 252 CANTICA
740 217 893 247 SEnMo
921 217 1059 244 xxtu.

67 284 152 315 sunt.
168 282 317 315 Dicerem
337 279 378 310 de
396 278 570 314 uberibus,
590 275 617 305 si
632 282 697 304 non
710 280 763 302 me

65 330 141 361 satis
174 328 294 359 dixisse
330 323 481 363 superius
526 321 761 351 meminissem.

65 376 153 405 Nunc
179 381 256 404 vero
283 371 374 402 vides
399 369 558 408 quomodo
591 368 632 398 de
660 364 762 396 matre

65 418 275 458 praesumunt,
286 415 445 455 quomodo
457 414 528 451 ejus
539 414 629 443 lucra
644 411 677 441 et
688 418 764 448 gau-

65 463 117 493 dia
129 471 185 493 sua
207 462 378 500 reputant,
398 460 536 498 propriae
556 457 694 496 repulsae
713 455 764 484 in-

62 507 181 546 juriam
193 507 282 536 illius
297 505 537 536 introductione
550 500 761 533 consolantes.

64 552 196 583 Minime
224 552 270 581 ita
298 550 510 586 confiderent,
536 548 598 578 nisi
625 545 764 576 matrem

62 596 287 634 agnoscerent.
303 593 444 624 Audiant
462 594 523 623 hoc
543 590 669 621 Praelati
680 611 690 628 ,
707 589 762 627 qui

61 641 124 672 sibi
143 641 321 671 commissis
338 647 466 677 semper
482 637 595 668 volunt
613 643 682 665 esse
698 635 764 664 for-

63 687 198 725 midini,
227 686 363 717 utilitati
390 692 474 714 raro.
499 681 679 713 Erudimini
707 680 762 718 qui

59 732 217 770 judicatis
245 732 379 761 terram.
408 729 529 759 Discite
560 727 762 757 subditorum

61 779 181 807 matres
205 785 262 807 vos
277 784 345 806 esse
359 775 478 805 debere
488 796 498 812 ,
512 781 578 803 non
597 772 761 809 dominos3

61 822 190 852 studete
212 822 314 860 magis
337 820 452 858 amari,
467 827 564 857 quam
585 817 689 848 metui
706 825 713 845 :
731 818 763 846 et

61 868 88 897 si
106 867 267 897 interdum
283 866 458 897 severitate
472 873 551 903 opus
561 864 762 902 est,paterua

60 913 118 951 sit,
132 920 198 942 non
214 913 396 950 tyrannica.
412 911 529 940 Matres
542 909 692 946 fovendo,
708 916 764 946 pa-

61 959 127 988 tres
145 966 200 988 vos
226 957 432 995 corripiendo
455 955 653 985 exhibeatis.
675 955 763 984 Man—

61 1003 223 1040 suescite,
246 1004 357 1041 ponite
374 1002 557 1039 feritatem3
574 1000 762 1039 suspendite

61 1049 210 1087 verbera,
220 1048 388 1087 producite
398 1048 498 1078 ubera
512 1056 520 1076 ε
536 1048 668 1085 pectora
679 1046 763 1075 lacte

61 1094 287 1132 pinguescant,
303 1102 367 1123 non
382 1093 483 1132 typho
498 1091 662 1131 turgeant.
679 1091 764 1129 Quid

61 1139 175 1176 jugum
200 1141 344 1170 vestrum
370 1147 469 1178 super
484 1147 538 1169 eos
562 1137 762 1177 aggravatis,

61 1193 198 1222 quorum
225 1185 332 1224 potius
348 1193 446 1215 onera
461 1185 589 1223 portare
615 1183 764 1213 debetis?

61 1232 122 1259 Cur
145 1238 269 1260 morsus
291 1239 309 1260 a
328 1231 482 1269 serpente
505 1230 660 1268 parvulus
682 1229 762 1266 sugit

60 1276 292 1306 conscientiam
314 1276 503 1314 sacerdotis,
522 1276 562 1305 ad
577 1283 673 1314 quem
689 1283 763 1304 eum

61 1323 162 1360 magis
190 1322 380 1361 oportuerat
408 1322 574 1360 tamquam
598 1321 639 1350 ad
658 1320 764 1350 sinum

62 1376 233 1398 recurrere
250 1367 386 1399 matris?
406 1368 439 1398 Si
459 1367 644 1406 spirituales
669 1366 763 1404 estis,

62 1413 215 1443 instruite
233 1413 416 1451 hujusmodi
429 1414 463 1443 in
473 1412 592 1451 spiritu
607 1412 763 1449 lenitatis3

64 1460 270 1489 considerans
286 1459 509 1497 unusquisque
531 1458 693 1497 seipsum,
722 1466 763 1487 ne

63 1504 97 1533 ct
112 1504 181 1543 ipse
196 1506 354 1535 tentetur.
364 1505 516 1543 Alioquin
531 1504 588 1535 ille
600 1506 632 1534 in
643 1506 764 1543 peccato

60 1559 115 1581 suo
139 1553 310 1582 morietur.-
340 1553 521 1590 sanquinem
550 1553 654 1581 autem
678 1550 764 1588 cias,

60 1598 118 1636 ait,
132 1600 167 1628 de
174 1607 270 1628 manu
279 1600 333 1628 tua
343 1600 511 1637 requiram.
522 1598 585 1628 Sed
598 1598 665 1627 liaec
673 1598 763 1627 alias.

101 1645 133 1674 5.
141 1644 389 1682 Nuncquoniam
399 1644 518 1674 litterae
531 1643 764 1681 consequentia

61 1697 102 1718 ex
132 1689 184 1719 his
212 1698 285 1728 quae
312 1689 566 1727 praetaxavimus
594 1688 764 1718 manifesta

62 1736 125 1772 est,
137 1735 308 1765 videamus
318 1736 384 1772 jam
397 1735 437 1764 de
454 1734 595 1764 cellariis
608 1734 687 1772 quid
700 1734 766 1772 spi—

61 1781 227 1812 ritualiter
248 1781 371 1811 senlire
390 1781 578 1810 debeamus.
595 1780 631 1809 ln
652 1789 764 1810 conse-

60 1828 238 1866 quentibus
253 1827 377 1857 mentio
393 1827 430 1856 fit
445 1826 545 1857 etiam
567 1826 607 1856 de
626 1826 717 1856 horto
735 1828 767 1857 et

60 1873 101 1903 de
121 1873 290 1910 cubiculo,
317 1881 389 1910 quae
411 1872 505 1902 ambo
527 1880 612 1901 nunc
629 1871 766 1910 adjungo

60 1918 132 1948 istis
147 1919 307 1956 cellariis,
324 1919 357 1947 et
379 1917 415 1947 in
437 1918 631 1956 praesentem
656 1918 767 1956 dispu-

61 1963 218 1993 tationem
235 1972 374 1993 assumo.
397 1964 476 1993 Nam
511 1963 608 1993 simul
630 1964 765 1993 tractata

63 2009 180 2039 molius
190 2018 232 2039 ex
244 2009 387 2039 invicem
398 2009 617 2039 innotescent.
630 2009 669 2038 Et
680 2017 766 2046 quae—

63 2062 185 2092 ramus,
198 2055 224 2085 si
240 2055 360 2094 placet,
381 2054 444 2084 tria
464 2055 523 2085 ista
547 2055 580 2084 in
592 2054 766 2093 scripturis

61 2101 193 2140 sanctis,
211 2101 351 2138 hortum,
368 2101 550 2139 cellarium,
567 2101 764 2131 cubiculum.

61 2145 98 2176 ln
114 2147 192 2185 ipsis
219 2155 337 2186 nempe
358 2147 500 2178 libenter
521 2148 626 2177 Deum
652 2147 765 2178 sitiens

62 2191 171 2222 anima
188 2195 338 2223 versatur
353 2193 387 2223 et
411 2193 576 2231 moratur,
601 2193 707 2223 sciens
731 2202 764 2223 se

63 2236 110 2266 ibi
126 2238 246 2277 absque
255 2239 352 2268 dubio
361 2239 569 2274 inventuram
577 2247 674 2278 quem
683 2239 762 2269 sitit.

63 2282 112 2313 Sit
126 2284 235 2322 itaque
257 2286 370 2316 Hortus
384 2285 525 2323 simplex
541 2293 577 2315 ac
591 2286 685 2324 plana
698 2285 765 2316 his-

62 2328 171 2366 toria3
187 2329 230 2359 sit
248 2330 415 2360 Cellariwn
429 2330 559 2359 moralis
577 2338 708 2368 sensus;
725 2332 766 2360 sit

65 2374 246 2404 Cubiculum
273 2382 425 2404 arcanum
446 2375 601 2406 theoricae
621 2377 766 2406 contem-

64 2420 230 2458 plutionis.

105 2465 137 2496 [ι.
153 2466 190 2495 1-:t
211 2466 351 2504 primum
376 2465 508 2504 quidem
533 2465 701 2497 historiam
728 2467 766 2497 ad

67 2509 197 2540 hortum
219 2511 298 2549 puto
317 2518 382 2540 non
405 2511 569 2542 immerito
595 2512 766 2551 deputari,

66 2556 152 2594 quod
171 2556 207 2586 in
227 2565 265 2587 ea
279 2556 490 2587 inveniantur
504 2557 567 2587 viri
587 2557 746 2588 virtutum
757 2581 766 2597 ,

66 2602 231 2641 tamquam
242 2603 329 2641 ligna
339 2602 505 2633 fructifera
513 2603 547 2633 in
558 2603 650 2634 horto
659 2606 766 2643 sponsi

71 2646 103 2676 ct
124 2646 156 2677 in
182 2648 328 2687 paradiso
349 2648 426 2686 Dei,
453 2648 492 2678 de
515 2657 649 2687 quorum
675 2649 766 2681 bonis

799 270 923 300 actibus
933 269 1124 299 nemoribus
1132 269 1210 307 quot
1221 268 1321 298 sumis
1332 269 1496 308 exempla,

798 317 846 347 tot
859 316 965 354 carpis
980 323 1086 354 poma.
1100 315 1148 344 An
1164 314 1246 343 forte
1263 314 1335 351 quis
1354 315 1497 352 ambigat

796 362 858 392 Dei
882 370 951 392 csse
980 359 1216 399 plantationem
1244 359 1363 388 bonum
1392 359 1497 389 homi-

796 417 870 438 nem
883 407 896 437 ?
909 407 992 437 Audi
1004 405 1150 437 sanctum
1161 404 1267 434 David
1281 403 1321 433 de
1335 403 1404 433 viro
1412 404 1495 433 bono

795 452 875 491 quid
889 453 996 482 canat.
1010 452 1097 488 Erit,
1114 449 1171 488 ait,
1184 452 1344 488 tamquam
1366 449 1496 487 lignum,

797 499 875 537 qaod
884 499 1061 537 plantatum
1075 497 1118 527 est
1133 504 1217 526 secus
1232 495 1374 524 decursus
1397 503 1498 531 aqua-

782 553 879 580 ,φἰιφη,
887 545 967 582 quod
981 544 1117 582 fructum
1129 550 1219 572 suum
1229 540 1312 570 dabit
1324 541 1499 577 intempore

794 599 862 627 suo,
877 592 905 620 et
921 590 1030 628 folium
1044 588 1108 626 ejus
1123 596 1187 617 ‘non
1204 588 1323 625 defluet.
1345 585 1428 615 Audi
1444 585 1499 614 Je-

795 635 933 665 remiam
949 635 1062 665 eodem
1078 633 1197 673 spiritu
1211 632 1452 669 concinentem,
1466 631 1500 661 et

796 680 919 710 eisdem
932 689 1016 719 pene
1032 680 1152 711 verbis.
1176 679 1246 709 Erit
1263 679 1426 716 tamquam
1443 677 1499 714 liq-

794 734 888 763 nam,
905 726 1032 765 inquit,
1049 726 1129 764 qaod
1150 725 1328 764 plantatum
1346 723 1390 752 est
1414 729 1500 751 secus

782 771 939 802 ,decursus
966 779 1141 810 aquaram,
1167 769 1245 808 quod
1274 769 1315 798 ad
1338 767 1500 797 humorem

794 819 887 848 mittit
898 819 1014 848 radices
1025 826 1119 854 snas,
1143 818 1171 846 et
1197 823 1261 845 non
1289 813 1403 844 timebit
1429 820 1499 842 cum

794 865 910 894 venerit
924 866 1026 895 oestus.
1044 864 1126 894 Item
1140 860 1303 899 Propheta
1320 868 1327 888 :
1345 860 1451 889 Justus
1465 858 1501 888 ut

793 910 899 947 palma
922 909 1060 948 florebit,
1076 910 1153 939 sicut
1169 908 1274 937 cedrus
1292 905 1405 936 Libani
1419 903 1500 934 mul-

795 955 992 993 tz'plicabaur.
1009 955 1046 984 Et
1061 954 1100 984 de
1117 953 1241 991 seipso:
1258 953 1324 990 qu
1340 952 1443 980 autem
1457 949 1501 980 si-

795 1003 845 1031 cut
857 1002 935 1031 oliva
950 1001 1157 1039 fructiferam
1171 1000 1260 1028 domo
1275 998 1343 1028 Dei.
1361 996 1414 1025 Est
1425 1003 1501 1033 ergo

796 1047 937 1077 Historia
952 1047 1083 1084 hortus,
1098 1046 1132 1076 et
1146 1046 1215 1084 ipsa
1230 1043 1404 1082 tripertita.
1421 1043 1501 1072 Con-

796 1092 918 1122 tinetur
946 1100 1086 1131 namque
1112 1092 1147 1121 in
1180 1099 1219 1121 ea
1244 1090 1318 1121 coeli
1343 1089 1377 1119 et
1404 1089 1500 1119 terrae

795 1139 940 1177 Creatio,
969 1137 1226 1176 Reconciliatio,
1255 1137 1289 1166 et
1312 1133 1498 1173 Reparatio.

796 1185 921 1215 Creatio
942 1185 1095 1224 quidem,
1117 1185 1284 1221 tamquam
1308 1181 1395 1211 horti
1419 1179 1501 1210 satio

796 1231 865 1261 sive
898 1231 1068 1270 plantatio.
1098 1228 1332 1259 Reconciliatio
1371 1227 1499 1262 autem,

796 1277 887 1314 quasi
902 1276 1094 1315 germinatio
1116 1276 1258 1305 satorum
1272 1273 1326 1304 vel
1341 1272 1501 1311 plantato-

797 1331 880 1353 rum.
899 1324 1058 1361 Tempore
1083 1329 1203 1359 nempe
1234 1328 1291 1350 suo
1316 1317 1501 1349 rorantibus

796 1369 888 1399 coelis
902 1369 1056 1407 desuper,
1081 1368 1116 1398 et
1140 1366 1284 1397 nubibus
1308 1363 1501 1404 pluentibus

793 1415 918 1452 justum
929 1438 937 1453 ,
952 1416 1064 1454 aperta
1086 1414 1134 1445 est
1148 1414 1235 1444 terra
1251 1411 1285 1442 et
1306 1409 1503 1449 germinavit

796 1461 1015 1499 Salvatorem,
1037 1468 1097 1499 per
1120 1467 1220 1498 quem
1239 1457 1326 1487 facta
1341 1456 1389 1486 est
1406 1454 1479 1485 coeli
1491 1477 1499 1492 ,

796 1507 957 1546 terraeque
991 1504 1226 1537 reconciliatio.
1255 1506 1322 1542 Ipse
1350 1503 1394 1532 est
1420 1502 1501 1531 enim

784 1562 861 1591 ‚pax
875 1555 1001 1590 nostra,
1018 1554 1070 1591 qui
1084 1552 1154 1590 fecit
1167 1553 1301 1588 utraque
1312 1556 1429 1584 unum,
1447 1554 1502 1585 pa-

797 1598 927 1628 cificans
944 1599 978 1628 in
999 1598 1156 1636 sanguine
1180 1604 1236 1626 suo
1254 1603 1325 1634 quae
1346 1594 1381 1623 in
1404 1592 1502 1623 terris

797 1645 885 1682 sunt,
902 1646 935 1675 et
955 1653 1027 1683 quae
1052 1644 1087 1673 in
1110 1643 1212 1673 coelis.
1228 1643 1325 1671 Porro
1340 1639 1502 1678 reparatio

798 1690 907 1720 futura
919 1691 968 1720 est
983 1690 1016 1719 in
1031 1689 1095 1719 fine
1110 1688 1234 1718 saeculi.
1250 1687 1319 1716 Erit
1333 1685 1420 1716 enim
1436 1692 1503 1714 coe-

798 1736 865 1765 lum
880 1744 1016 1773 novum,
1033 1736 1066 1765 et
1080 1736 1167 1765 terra
1182 1741 1288 1763 nova:
1303 1733 1336 1762 et
1345 1731 1500 1769 colligen-

798 1783 852 1811 tur
866 1781 942 1811 boni
955 1781 995 1811 de
1018 1780 1127 1810 medio
1147 1780 1320 1815 malorum,
1335 1779 1502 1815 tamquam

799 1826 922 1857 fructus
944 1826 984 1856 de
1007 1826 1120 1863 horto,
1141 1825 1175 1854 in
1198 1823 1259 1854 Dei
1280 1821 1502 1861 promptuaria

798 1872 993 1910 reponendi.
1009 1874 1047 1902 In
1069 1873 1116 1901 die
1131 1871 1185 1901 illa
1195 1891 1205 1907 ,
1221 1871 1259 1900 ut
1271 1869 1425 1906 scriptum
1439 1868 1501 1906 est,

797 1920 854 1948 erz't
882 1927 1003 1956 §ermen
1022 1918 1151 1948 Domini
1174 1918 1208 1946 in
1231 1915 1460 1954 maqnificentz'a
1474 1916 1504 1944 et

797 1963 895 2001 {floria
905 1985 914 2000 ,
931 1965 958 1993 et
980 1964 1098 2001 fructus
1114 1964 1204 1992 τεν-ηε
1227 1961 1378 1992 sublimis.
1395 1959 1504 1989 Habes

800 2008 899 2046 igitur
925 2009 987 2039 tria
1009 2009 1158 2047 tempora
1183 2007 1219 2038 in
1238 2007 1333 2037 horto
1354 2004 1502 2035 historici

797 2061 921 2084 sensuS.

838 2100 868 2129 5.
895 2100 930 2128 ln
958 2098 1070 2129 Morali
1095 2105 1224 2137 quoque
1248 2095 1420 2134 disciplina
1440 2094 1504 2124 tria

798 2154 890 2184 aeque
905 2145 1077 2176 advertere
1105 2145 1173 2182 est,
1196 2143 1294 2173 cellas
1319 2142 1411 2181 quasi
1436 2141 1504 2171 tres

798 2192 832 2221 in
844 2191 978 2221 cellario
993 2199 1070 2221 uno.
1085 2190 1125 2220 Et
1141 2190 1261 2220 idcirco
1276 2188 1411 2219 forsitan
1427 2188 1504 2227 plu-

798 2237 910 2268 raliter
925 2238 1052 2268 cellaria
1071 2236 1169 2274 dixit,
1188 2236 1221 2266 et
1235 2244 1299 2266 non
1312 2235 1481 2265 cellarium
1493 2256 1502 2271 ,

799 2284 956 2314 cellarum
978 2282 1136 2313 videlicet
1152 2282 1239 2311 hunc
1258 2288 1430 2311 numerum
1450 2288 1506 2310 co-

798 2330 914 2369 gitans.
923 2328 1010 2359 Infra
1022 2329 1162 2367 denique
1171 2327 1388 2358 introductam
1396 2335 1430 2356 se
1439 2327 1504 2364 glo-

799 2376 900 2406 riatur
914 2375 1061 2406 incetlam
1072 2375 1241 2405 vinariam.
1256 2374 1318 2403 Nos
1330 2381 1417 2411 ergo,
1427 2371 1503 2410 quia

799 2422 949 2460 legimuS,
965 2423 1017 2452 Da
1030 2422 1220 2452 occasionem
1238 2420 1384 2458 sapienti,
1410 2420 1438 2448 et
1452 2427 1504 2448 sa-

799 2470 930 2507 pientior
944 2469 1002 2498 erit
1020 2477 1030 2498 .·
1055 2467 1216 2497 habentes
1231 2465 1434 2496 occasionem
1461 2472 1501 2492 ex

800 2514 956 2543 vocabulo
977 2512 1062 2551 quod
1087 2511 1226 2550 Spiritus
1253 2511 1382 2541 sanctus
1411 2508 1501 2538 cella·-

801 2559 877 2589 huic
913 2558 1040 2589 censuit
1079 2556 1312 2596 imponendum
1324 2576 1334 2592 ,
1366 2553 1504 2591 reliquis

801 2613 929 2643 quoquc
960 2604 1085 2634 duabus
1115 2603 1247 2633 nomina
1280 2601 1482 2639 imponamus
1495 2622 1502 2634 ,

802 2651 1015 2680 Aromaticam
1038 2649 1114 2687 uni,
1132 2650 1163 2679 et
1181 2645 1432 2686 Unguentariam
1457 2645 1503 2675 al-
