1846 3078
289 215 347 244 296

289 268 375 300 filius
401 269 510 308 junior
537 269 721 309 portionem
752 270 814 300 sibi
842 269 982 307 paternae

289 316 473 347 substantiae
494 317 636 355 postulat
651 314 864 353 sequestrari,
880 314 911 342 et
925 312 984 341 bo-

287 370 365 392 1111111
393 361 507 400 incipit
537 362 623 391 velle
654 360 819 397 dividere,
840 357 924 395 quod
949 357 983 386 in

287 415 456 437 commune
468 406 592 436 dulcius
600 405 802 444 possidetur3
817 403 850 432 et
861 402 982 432 habere

286 452 390 489 solus,
405 452 490 490 quod
511 450 760 490 participatione
783 455 846 477 non
862 446 984 476 minui-

286 499 360 536 tur,
375 497 548 536 partitione
564 495 734 525 amittitur.
752 493 901 530 Denique
920 501 985 521 om-

285 544 357 579 nia,
372 543 496 581 inquit,
515 542 593 571 bona
601 549 658 570 sua
672 539 845 576 dissipavit,
859 538 983 566 virendo

285 589 441 617 luxuriose
457 595 524 616 cum
540 583 757 614 meretricibus.
770 582 924 619 Quaenam
934 581 983 611 hae

284 630 494 662 meretrices?
521 629 601 659 Vide
629 636 671 657 ne
698 628 775 665 ipsae
800 627 884 664 sint,
913 634 984 664 quae

286 676 506 707 exterminant
554 672 724 703 suavitatis
765 671 982 710 unguentum,

285 722 431 752 carnalos
458 718 614 749 videlicet
638 717 928 755 concupiscentiae,
944 716 983 745 de

285 767 402 805 quibus
417 764 627 794 saluberrime
645 763 811 801 Scriptura
826 762 856 792 te
877 762 985 791 admo-

285 820 382 847 nens,
398 811 470 840 Post
486 810 739 847 concupiscentias
748 830 759 846 ,
775 808 898 846 inquit,
916 809 984 838 tuas

284 866 347 887 non
367 865 429 886 eas.
455 855 492 884 Et
506 855 623 884 merito
639 854 810 884 morituras
831 852 985 883 describit

284 901 418 939 Sapiens
436 908 444 929 :
466 900 617 938 quoniam
636 901 665 929 et
688 900 820 929 mundus
853 899 983 936 transit,

284 948 312 976 et
326 946 565 983 concupiscentia
589 945 665 982 ejus.
684 944 742 973 His
755 951 828 981 ergo
844 942 921 972 dum
934 951 984 972 sa-

283 990 434 1020 tisfacere
446 990 654 1028 singulariter
667 989 814 1019 volumus
824 1010 833 1026 ,
842 988 918 1018 boni
927 996 983 1017 nos

284 1036 411 1066 socialis
422 1036 518 1073 atque
538 1035 718 1064 communis
733 1033 888 1072 singulari
911 1041 985 1063 sua—

762 217 793 244 S.
813 215 1045 244 BERNARD!
1067 214 1258 243 ABBATIS

1018 267 1130 305 illum,
1154 269 1186 298 et
1210 268 1300 299 dabit
1325 269 1392 308 illi,
1414 276 1478 300 non
1506 269 1631 306 oleum,
1656 268 1713 298 scd

1018 311 1192 341 balsamum
1209 313 1242 342 in
1257 314 1361 344 vineis
1376 313 1528 354 Engaddi.

1057 357 1088 385 7.
1110 358 1173 387 Nec
1190 359 1278 388 enim
1293 360 1427 390 dubium
1451 368 1492 390 cx
1518 359 1605 389 sonte
1627 358 1713 388 haedi

1017 402 1178 438 profluere
1213 404 1406 435 charismata
1436 406 1589 441 meliora,
1618 403 1713 440 cujus

1018 447 1130 485 utique
1144 449 1253 479 unctio
1265 449 1372 479 haedos
1386 451 1485 480 vertit
1499 451 1533 479 in
1547 457 1660 488 agnos,
1678 449 1712 478 et

1017 491 1056 521 de
1069 493 1198 523 sinistra
1218 494 1372 524 transfert
1394 495 1428 525 in
1443 495 1609 525 dexteram
1634 502 1714 532 pec-

1017 538 1138 568 catores
1148 560 1158 576 ,
1174 539 1390 570 abundantius
1404 540 1535 578 quidem
1550 539 1624 569 ante
1637 547 1714 577 per-

1019 581 1101 612 fusos
1128 585 1280 615 unctione
1313 585 1563 621 misericordiae,
1589 585 1627 614 ut
1655 583 1713 614 ubi

1016 627 1263 660 abundaverunt
1277 630 1394 660 delicta
1404 652 1413 668 ,
1426 630 1664 668 superabundet
1679 631 1713 660 et

1016 673 1127 709 gratia.
1141 676 1253 705 Annon
1272 685 1349 706 vere
1363 676 1495 706 videtur
1512 675 1572 704 tibi
1591 675 1713 704 redisse

1017 719 1246 754 quodammodo
1264 722 1289 752 is
1301 722 1395 751 homo
1412 722 1445 750 111
1460 721 1623 750 hominem
1634 741 1643 757 ,
1656 720 1713 758 qui

1016 763 1114 794 animi
1147 767 1308 796 saecularis
1336 766 1468 797 feritate
1497 765 1661 804 deposita,
1681 766 1714 795 et

1017 812 1222 849 recuperata,
1242 813 1340 842 etiam
1353 821 1426 842 cum
1445 812 1568 842 foenore
1584 811 1712 849 gratiae,

1016 854 1163 887 humanae
1174 858 1327 888 unctione
1339 857 1605 893 mansuetudinis,
1615 864 1713 894 quam

1018 900 1048 928 in
1069 900 1138 939 ipso
1162 911 1281 933 muscae
1301 904 1478 932 carnalium
1498 902 1712 940 cupiditatum

1016 946 1144 982 penitus
1171 948 1446 985 exterminarant3
1463 948 1502 977 de
1530 956 1586 977 suo
1616 954 1711 984 quem

1015 991 1117 1027 gestat
1133 991 1263 1021 homine
1275 1013 1284 1029 ,
1308 993 1407 1021 11111110
1422 992 1477 1030 qui
1493 992 1563 1030 ipse
1586 993 1653 1029 est,
1679 992 1713 1020 et

1014 1036 1182 1066 materiam
1198 1037 1315 1075 sumit,
1333 1038 1365 1066 et
1379 1037 1514 1066 formam
1533 1035 1711 1066 miserendi

283 1082 386 1112 vitate
413 1081 591 1119 privamus.
619 1081 677 1111 Hae
704 1088 835 1118 prorsus
866 1080 1200 1130 muscae'hominibus
1222 1083 1311 1120 aliis,
1334 1083 1379 1112 ita
1393 1083 1430 1112 ut
1445 1082 1607 1119 tamquam
1630 1081 1714 1111 §era-

282 1127 418 1158 sordidae
431 1129 463 1157 et
477 1127 673 1165 pungentes,
691 1134 762 1164 quae
774 1126 807 1155 in
822 1124 914 1155 nobis
927 1125 984 1154 de-
999 1152 1000 1157 ,
1014 1125 1078 1156 lem
1104 1128 1275 1166 quemdam
1296 1128 1416 1158 rictum
1438 1128 1630 1165 exhorreat,
1647 1135 1711 1157 non

284 1181 391 1203 corem
413 1173 535 1202 naturae
564 1171 704 1209 foedant,
725 1172 869 1200 mentem
899 1170 984 1200 curis
998 1160 1000 1194 Ι
1014 1171 1116 1200 solum
1141 1173 1292 1210 cuiquam
1314 1171 1420 1201 facere
1437 1172 1604 1202 hominum
1628 1171 1713 1209 quod

284 1219 318 1249 ct
356 1216 631 1247 sollicitudinibus
665 1216 830 1253 lacerant,
857 1215 984 1246 socialis
998 1227 1001 1260 J,
1014 1216 1080 1253 pati
1104 1217 1174 1255 ipse
1199 1217 1299 1255 nolit,
1312 1217 1369 1246 sed
1386 1217 1485 1246 etiam
1513 1225 1578 1246 non
1604 1216 1711 1245 facere

282 1263 393 1303 gratiae
409 1262 604 1292 suavitatem
629 1261 865 1291 exterminant.
900 1261 982 1290 Hinc
998 1262 1121 1291 ‘omnia
1143 1263 1292 1293 omnibus
1315 1270 1526 1302 quaecumque
1551 1262 1613 1292 sibi
1641 1261 1711 1291 fieri

282 1311 376 1340 homo
386 1308 496 1347 junior
510 1307 595 1336 filius
607 1307 792 1344 appellatur
802 1328 811 1343 ,
822 1306 909 1344 quod
924 1314 982 1335 na—
998 1296 1115 1337 ι11011ἴὲ

283 1356 356 1385 tura
369 1353 508 1392 quodam
530 1352 701 1382 insensatae
718 1351 843 1381 lubrico
859 1345 1000 1381 adoles-¹
1051 1353 1232 1384 8.]Ξ111111110
1248 1353 1368 1383 oleum.
1380 1353 1500 1383 Vinum
1514 1352 1709 1383 unde2Pro-

283 1400 399 1430 centiae
412 1399 741 1436 depravata,omnem
756 1397 862 1426 virilis
877 1375 1095 1429 matu-Ifecto
1121 1408 1163 1429 ex
1188 1400 1279 1429 botro
1300 1399 1405 1438 Cypri.
1428 1399 1555 1428 Etenim
1577 1399 1603 1427 si
1624 1407 1712 1428 amas

282 1445 390 1476 ritatis
404 1453 440 1474 ac
467 1442 634 1480 sapientiae
659 1450 791 1471 succum
818 1442 980 1479 amiserit3
997 1435 1185 1474 111)011111111111
1200 1445 1311 1474 Jesum
1337 1445 1403 1475 toto
1419 1444 1532 1481 corde,
1548 1445 1614 1474 tota
1640 1444 1711 1473 ani-

284 1493 318 1522 et
340 1497 454 1521 versus
482 1489 516 1518 in
542 1495 709 1525 asperum,
739 1487 850 1517 arente
876 1487 982 1516 animo
996 1464 998 1536 11
1011 1497 1061 1517 ma
1073 1510 1081 1525 ,
1093 1489 1159 1518 tota
1178 1490 1299 1519 virtute
1314 1489 1559 1527 tua,nu1nquid
1574 1489 1601 1518 si
1617 1488 1711 1518 vide-

282 1537 401 1576 praeter
418 1543 452 1565 se
479 1533 648 1563 universos
671 1532 851 1571 despiciat,
879 1533 1055 1577 factusffis
1066 1534 1136 1571 ejus
1147 1534 1611 1572 injurIas,contemptumque‚
1625 1534 1710 1564 ferre

281 1584 351 1614 sine
368 1580 548 1611 affectione.
997 1580 1174 1610 'ullatenus
1189 1588 1278 1618 aequo
1290 1580 1395 1609 animo
1407 1579 1686 1618 poteris‘sslinime
1700 1588 1709 1608 ε

321 1628 352 1658 6.
366 1626 469 1665 Igitur
483 1625 522 1653 ab
538 1623 673 1653 ineunte
685 1623 902 1653 adolescentia
921 1624 981 1653 ista
996 1638 997 1661 1
1011 1625 1067 1654 sed
1082 1633 1157 1654 mox
1172 1626 1319 1662 arreptus
1334 1625 1451 1663 spiritu
1465 1625 1579 1662 judicii
1596 1626 1629 1655 et
1642 1625 1711 1663 spi-

281 1672 422 1711 pessima
448 1671 546 1707 atque
578 1668 762 1698 miserrima
789 1669 883 1706 proni
909 1670 981 1698 sunt
996 1665 997 1683 ³
1010 1669 1076 1698 ritu
1090 1670 1228 1707 ardoriS,
1245 1671 1277 1700 et
1288 1669 1452 1707 tamquam
1464 1671 1578 1707 potens
1593 1678 1709 1708 crapu-

280 1725 393 1748 sensus
415 1715 554 1745 hominis
570 1714 603 1743 et
625 1714 839 1751 cogitationes
855 1714 889 1743 in
915 1723 982 1743 ma·
995 1712 997 1742 ⁴,
1011 1715 1094 1744 latus
1107 1723 1124 1744 a
1140 1716 1234 1752 vino,
1248 1715 1392 1752 repletus
1406 1715 1474 1745 zelo
1486 1715 1625 1745 Phinees
1636 1738 1646 1754 ,
1661 1716 1710 1746 di-

278 1765 347 1793 lum
357 1785 365 1801 ,
383 1762 416 1791 et
427 1762 542 1789 natura
557 1759 597 1788 ad
612 1759 847 1797 indignandum
858 1781 867 1796 ,
884 1768 980 1797 quam
994 1756 997 1767 ¹
1011 1768 1063 1789 ces
1075 1768 1148 1789 cum
1160 1760 1281 1789 David:
1296 1760 1458 1790 Tabescere
1472 1769 1520 1790 me
1537 1761 1606 1798 fecit
1627 1762 1710 1792 zelus

280 1809 321 1839 ad
338 1804 598 1845 compatiendum
621 1804 774 1842 paratior.
792 1804 868 1833 Inde
885 1805 981 1834 homo
994 1791 997 1847 J
1011 1814 1112 1842 meus,
1129 1806 1202 1844 quia
1227 1805 1311 1835 obliti
1324 1807 1397 1836 sunt
1416 1806 1511 1836 verba
1525 1808 1578 1836 tua
1594 1808 1711 1837 inimici

279 1857 443 1892 tamquam
459 1850 588 1880 omnino
604 1851 724 1880 exutus
745 1850 928 1888 hominem,
944 1852 977 1880 in
994 1852 996 1891 ξ
1011 1852 1078 1880 mei.
1096 1852 1135 1881 Et
1158 1859 1231 1880 cum
1244 1851 1401 1880 Domino:
1417 1852 1509 1882 Zelus
1523 1853 1630 1882 (lomus
1647 1855 1707 1883 tuae

278 1909 340 1939 quo
362 1899 433 1928 vult
445 1896 525 1931 sibi,
542 1903 616 1924 cum
632 1903 712 1933 opus
733 1895 832 1924 habet
843 1917 852 1932 ,
869 1895 908 1924 ab
925 1896 980 1925 ho·
994 1892 1135 1934 {comedit
1150 1905 1207 1926 me.
1223 1896 1341 1926 Vinum
1357 1895 1406 1926 est
1429 1904 1503 1934 ergo
1529 1896 1709 1928 fervidissi-

278 1945 420 1976 minibus
444 1940 636 1978 subveniri,
657 1948 722 1970 11οη
737 1941 809 1971 vult
830 1941 900 1978 ipse
921 1941 1079 1974 ho-smus
1103 1943 1191 1972 zelus
1220 1943 1299 1979 iste,
1328 1949 1519 1979 expressum
1546 1942 1585 1972 de
1614 1943 1706 1973 botro

277 1991 420 2021 minibus
449 1995 530 2025 opus
561 1986 759 2016 habentibus
787 1985 976 2016 subvenire.
994 1983 1120 2026 Cypri,
1134 1988 1167 2016 et
1182 1988 1267 2017 calix
1292 1987 1456 2016 inebrians
1467 1987 1582 2017 Christi
1603 1996 1704 2019 amor.

275 2037 374 2074 Magis
399 2034 509 2063 autem
529 2032 674 2069 judicat,
696 2033 838 2070 spernit,
862 2032 977 2063 irridet
991 2032 1154 2071 fDenique
1165 2034 1248 2063 Deus
1258 2033 1360 2061 noster
1370 2032 1447 2069 iqm's
1458 2040 1636 2062 consumens
1649 2035 1709 2069 est,

274 2083 371 2112 homo
383 2078 548 2115 homines,
566 2077 795 2115 delinquentes
808 2079 976 2117 peccator,
993 2079 1040 2109 ³et
1060 2079 1221 2117 Propheta
1242 2078 1350 2116 ignem
1365 2077 1495 2106 dicebat
1508 2077 1549 2107 de
1575 2079 1705 2108 excelso

276 2135 340 2156 non
363 2124 566 2155 considerans
595 2123 738 2160 seipsum
749 2145 758 2160 ,
775 2131 817 2153 ne
846 2124 880 2154 ct
906 2124 976 2162 ipse
991 2142 993 2168 Ι
1007 2124 1138 2155 missum
1153 2124 1188 2153 in
1205 2123 1329 2153 ossibus
1343 2122 1427 2160 suis,
1440 2130 1478 2151 eo
1492 2123 1578 2160 quod
1593 2123 1703 2153 divino

276 2172 432 2201 tentetur.
446 2170 470 2197 Α
493 2176 557 2206 quo
587 2169 672 2198 malo
696 2169 831 2199 minime
859 2177 918 2207 per
943 2169 1112 2200 se‘amore
1127 2168 1287 2207 flagraret.
1313 2167 1442 2196 Habens
1457 2166 1565 2205 itaque
1581 2175 1623 2196 011
1640 2168 1704 2197 fra-

278 2217 332 2256 (ut
348 2214 436 2252 dixi)
452 2215 567 2243 natura
583 2215 750 2252 resurget,
766 2223 871 2253 neque
884 2224 977 2245 recu-
990 2222 992 2227 ’
1006 2215 1097 2244 terno
1112 2215 1220 2244 oleum
1239 2211 1514 2249 mansuetudinis,
1531 2212 1563 2242 et
1586 2221 1627 2243 ex
1653 2214 1702 2243 di-

276 2260 405 2300 perabit
418 2260 524 2288 oleum
536 2259 690 2296 ingenitae
705 2260 974 2299 mansuetudinis,
989 2249 991 2277 4
1005 2261 1079 2291 vino
1091 2268 1198 2289 amore
1210 2259 1323 2289 vinum
1336 2257 1561 2296 aemulationis,
1571 2267 1702 2289 securus

275 2306 362 2345 quod
386 2304 486 2334 semel
512 2305 561 2332 est
589 2306 845 2335 exterminatum
867 2306 901 2334 in
925 2315 973 2336 ea.
989 2297 1121 2336 ‘accede
1136 2305 1176 2335 ad
1187 2304 1327 2335 sananda
1339 2304 1473 2334 vulnera
1486 2303 1573 2334 illius
1583 2304 1638 2342 qui
1654 2305 1704 2335 in-

274 2350 507 2381 verumtamen
522 2350 605 2385 quod
625 2358 688 2379 non
711 2352 816 2388 potest
840 2352 973 2391 natura,
988 2365 990 2370 ·
1005 2353 1085 2383 cidit
1107 2352 1142 2381 in
1168 2353 1328 2388 latrones,
1343 2350 1484 2387 piissimi
1508 2349 1700 2381 Samaritani

274 2395 380 2435 potest
395 2394 508 2432 gratia.
518 2394 619 2443 Quem
630 2403 703 2433 ergo
714 2397 882 2426 hominum
897 2406 975 2427 unc·
988 2405 990 2438 j
1004 2399 1144 2436 optimus
1159 2397 1314 2427 imitator.
1332 2396 1450 2426 Secure
1465 2404 1592 2434 quoque
1602 2396 1700 2427 dicito

273 2443 322 2471 tio
337 2440 470 2489 spiritus
484 2438 859 2488 miserata,pertundere
868 2442 973 2473 denuo
986 2449 990 2483 ,¹
1004 2444 1036 2473 et
1051 2444 1086 2474 tu
1101 2451 1174 2472 cum
1190 2450 1322 2481 sponsa,
1338 2443 1451 2471 Botrus
1468 2442 1562 2479 Cypri
1579 2442 1701 2471 dilectus

273 2495 331 2517 sua
345 2483 546 2522 benignitate
562 2483 765 2523 dignabitur,
783 2488 809 2516 is
822 2488 971 2519 continuo
1005 2498 1087 2520 meus
1106 2490 1183 2519 mihi
1202 2490 1234 2518 in
1261 2489 1357 2519 ‘cineis
1377 2487 1518 2526 Euqaddi
1531 2497 1541 2516 .·
1555 2486 1614 2516 hoc
1631 2488 1697 2523 est,

272 2531 458 2563 revertetur
470 2530 503 2559 in
518 2529 682 2558 hominem
694 2531 846 2569 ,insuper
863 2535 895 2563 et
911 2536 972 2563 ali-
1003 2536 1096 2565 Zelus
1108 2535 1262 2572 justitiae,
1278 2541 1368 2563 amor
1389 2532 1501 2563 dilecti
1527 2532 1591 2560 mei
1616 2531 1696 2560 mihi

273 2578 352 2616 quid
366 2576 482 2606 metius
496 2574 747 2613 agratia,qua1n
762 2579 902 2607 anatura
921 2589 972 2609 re-
1004 2581 1035 2609 in
1052 2580 1223 2610 affectibus
1249 2579 1392 2617 pietatis.
1415 2578 1452 2608 Et
1477 2577 1516 2606 de
1532 2576 1592 2604 hoc
1606 2576 1692 2606 satis.

275 2622 385 2661 clpiet.
400 2621 435 2651 In
447 2620 510 2651 fide
522 2620 554 2651 et
566 2620 700 2652 lenitate
713 2622 859 2653 sanctum
873 2623 968 2655 faciet
1001 2626 1077 2656 Nam
1091 2626 1122 2656 et
1137 2625 1304 2656 infirmitas
1319 2631 1389 2654 mea
1403 2621 1599 2661 pausandum
1614 2621 1697 2652 indi-2
