<?xml version="1.0" encoding="UTF-8"?>
<!DOCTYPE html PUBLIC "-//W3C//DTD XHTML 1.0 Transitional//EN"
    "http://www.w3.org/TR/xhtml1/DTD/xhtml1-transitional.dtd">
<html xmlns="http://www.w3.org/1999/xhtml" xml:lang="en" lang="en">
 <head>
  <title>
</title>
<meta http-equiv="Content-Type" content="text/html;charset=utf-8" />
  <meta name='ocr-system' content='tesseract 3.04.00' />
  <meta name='ocr-capabilities' content='ocr_page ocr_carea ocr_par ocr_line ocrx_word'/>
</head>
<body>
  <div class='ocr_page' id='page_1' title='image "./operagenuinajuxt03bernuoft/operagenuinajuxt03bernuoft_0463.png"; bbox 0 0 1846 3078; ppageno 0'>
   <div class='ocr_carea' id='block_1_1' title="bbox 696 236 995 265">
    <p class='ocr_par' dir='ltr' id='par_1_1' title="bbox 696 236 995 265">
     <span class='ocr_line' id='line_1_1' title="bbox 696 236 995 265; baseline -0.007 0"><span class='ocrx_word' id='word_1_1' title='bbox 696 236 934 265; x_wconf 69' lang='lat' dir='ltr'><strong>PARABOLA</strong></span> <span class='ocrx_word' id='word_1_2' title='bbox 965 242 995 263; x_wconf 81' lang='lat' dir='ltr'>v.</span> 
     </span>
    </p>
   </div>
   <div class='ocr_carea' id='block_1_2' title="bbox 131 292 835 1242">
    <p class='ocr_par' dir='ltr' id='par_1_2' title="bbox 132 292 833 416">
     <span class='ocr_line' id='line_1_2' title="bbox 133 292 832 332; baseline -0.006 -7"><span class='ocrx_word' id='word_1_3' title='bbox 133 298 220 332; x_wconf 73' lang='lat' dir='ltr'>sant,</span> <span class='ocrx_word' id='word_1_4' title='bbox 248 293 332 326; x_wconf 85' lang='lat' dir='ltr'>sicut</span> <span class='ocrx_word' id='word_1_5' title='bbox 363 293 443 324; x_wconf 86' lang='lat' dir='ltr'>dicit</span> <span class='ocrx_word' id='word_1_6' title='bbox 468 292 617 323; x_wconf 75' lang='lat' dir='ltr'>Salomon</span> <span class='ocrx_word' id='word_1_7' title='bbox 631 315 640 331; x_wconf 90' lang='lat'>‚</span> <span class='ocrx_word' id='word_1_8' title='bbox 667 293 710 323; x_wconf 76' lang='lat' dir='ltr'>ibi</span> <span class='ocrx_word' id='word_1_9' title='bbox 733 294 832 322; x_wconf 74' lang='grc' dir='ltr'>ηιιιιιιι</span> 
     </span>
     <span class='ocr_line' id='line_1_3' title="bbox 132 338 833 379; baseline -0.004 -9"><span class='ocrx_word' id='word_1_10' title='bbox 132 339 264 379; x_wconf 61' lang='lat' dir='ltr'>eyes-las)</span> <span class='ocrx_word' id='word_1_11' title='bbox 281 339 456 370; x_wconf 84' lang='lat' dir='ltr'>Silentium</span> <span class='ocrx_word' id='word_1_12' title='bbox 477 339 643 369; x_wconf 79' lang='lat' dir='ltr'>custodem</span> <span class='ocrx_word' id='word_1_13' title='bbox 666 338 774 377; x_wconf 79' lang='lat' dir='ltr'>posuit</span> <span class='ocrx_word' id='word_1_14' title='bbox 798 338 833 367; x_wconf 90' lang='lat' dir='ltr'>in</span> 
     </span>
     <span class='ocr_line' id='line_1_4' title="bbox 132 387 256 416; baseline -0.008 0"><span class='ocrx_word' id='word_1_15' title='bbox 132 387 256 416; x_wconf 85' lang='lat' dir='ltr'>limine.</span> 
     </span>
    </p>

    <p class='ocr_par' dir='ltr' id='par_1_3' title="bbox 131 428 835 1189">
     <span class='ocr_line' id='line_1_5' title="bbox 172 428 833 462; baseline -0.005 -1"><span class='ocrx_word' id='word_1_16' title='bbox 172 433 202 462; x_wconf 86' lang='lat'>5.</span> <span class='ocrx_word' id='word_1_17' title='bbox 212 430 379 460; x_wconf 84' lang='lat' dir='ltr'>AtCaritas</span> <span class='ocrx_word' id='word_1_18' title='bbox 390 438 479 460; x_wconf 86' lang='lat' dir='ltr'>suam</span> <span class='ocrx_word' id='word_1_19' title='bbox 493 429 624 460; x_wconf 90' lang='lat' dir='ltr'>domum</span> <span class='ocrx_word' id='word_1_20' title='bbox 636 429 676 459; x_wconf 88' lang='lat' dir='ltr'>ad</span> <span class='ocrx_word' id='word_1_21' title='bbox 688 428 833 458; x_wconf 89' lang='lat' dir='ltr'>austrum</span> 
     </span>
     <span class='ocr_line' id='line_1_6' title="bbox 133 473 834 513; baseline -0.003 -7"><span class='ocrx_word' id='word_1_22' title='bbox 133 477 167 506; x_wconf 89' lang='lat' dir='ltr'>et</span> <span class='ocrx_word' id='word_1_23' title='bbox 181 476 353 506; x_wconf 84' lang='lat' dir='ltr'>meridiem</span> <span class='ocrx_word' id='word_1_24' title='bbox 373 475 530 513; x_wconf 81' lang='lat' dir='ltr'>positam,</span> <span class='ocrx_word' id='word_1_25' title='bbox 546 475 659 505; x_wconf 85' lang='lat' dir='ltr'>amicae</span> <span class='ocrx_word' id='word_1_26' title='bbox 680 474 743 504; x_wconf 92' lang='lat' dir='ltr'>sibi</span> <span class='ocrx_word' id='word_1_27' title='bbox 760 473 834 504; x_wconf 87' lang='lat' dir='ltr'>Pie-</span> 
     </span>
     <span class='ocr_line' id='line_1_7' title="bbox 131 518 833 558; baseline -0.006 -7"><span class='ocrx_word' id='word_1_28' title='bbox 131 521 193 551; x_wconf 88' lang='lat' dir='ltr'>tati</span> <span class='ocrx_word' id='word_1_29' title='bbox 219 521 400 558; x_wconf 84' lang='lat' dir='ltr'>commisit3</span> <span class='ocrx_word' id='word_1_30' title='bbox 426 519 546 558; x_wconf 78' lang='lat' dir='ltr'>jusque</span> <span class='ocrx_word' id='word_1_31' title='bbox 568 528 661 550; x_wconf 89' lang='lat' dir='ltr'>suum</span> <span class='ocrx_word' id='word_1_32' title='bbox 681 526 776 549; x_wconf 91' lang='lat' dir='ltr'>omne</span> <span class='ocrx_word' id='word_1_33' title='bbox 802 518 833 548; x_wconf 91' lang='lat' dir='ltr'>ei</span> 
     </span>
     <span class='ocr_line' id='line_1_8' title="bbox 133 564 834 605; baseline -0.006 -8"><span class='ocrx_word' id='word_1_34' title='bbox 133 567 285 605; x_wconf 79' lang='lat' dir='ltr'>tradidit,</span> <span class='ocrx_word' id='word_1_35' title='bbox 301 567 443 597; x_wconf 88' lang='lat' dir='ltr'>subdens</span> <span class='ocrx_word' id='word_1_36' title='bbox 459 565 490 595; x_wconf 91' lang='lat' dir='ltr'>ei</span> <span class='ocrx_word' id='word_1_37' title='bbox 505 565 546 594; x_wconf 89' lang='lat' dir='ltr'>ad</span> <span class='ocrx_word' id='word_1_38' title='bbox 560 564 750 602; x_wconf 86' lang='lat' dir='ltr'>obsequium</span> <span class='ocrx_word' id='word_1_39' title='bbox 766 564 834 602; x_wconf 83' lang='lat' dir='ltr'>pri-</span> 
     </span>
     <span class='ocr_line' id='line_1_9' title="bbox 132 608 834 647; baseline -0.004 -7"><span class='ocrx_word' id='word_1_40' title='bbox 132 619 223 640; x_wconf 89' lang='lat' dir='ltr'>mum</span> <span class='ocrx_word' id='word_1_41' title='bbox 238 611 430 641; x_wconf 88' lang='lat' dir='ltr'>Munditiam</span> <span class='ocrx_word' id='word_1_42' title='bbox 443 608 585 647; x_wconf 87' lang='lat' dir='ltr'>corporis</span> <span class='ocrx_word' id='word_1_43' title='bbox 598 630 608 645; x_wconf 89' lang='lat'>‚</span> <span class='ocrx_word' id='word_1_44' title='bbox 626 608 745 638; x_wconf 88' lang='lat' dir='ltr'>deinde</span> <span class='ocrx_word' id='word_1_45' title='bbox 757 616 834 638; x_wconf 87' lang='lat' dir='ltr'>con-</span> 
     </span>
     <span class='ocr_line' id='line_1_10' title="bbox 132 653 834 693; baseline -0.006 -7"><span class='ocrx_word' id='word_1_46' title='bbox 132 664 229 693; x_wconf 80' lang='lat' dir='ltr'>gruas</span> <span class='ocrx_word' id='word_1_47' title='bbox 244 655 500 686; x_wconf 79' lang='lat' dir='ltr'>exercitationes</span> <span class='ocrx_word' id='word_1_48' title='bbox 512 676 521 692; x_wconf 93' lang='lat'>,</span> <span class='ocrx_word' id='word_1_49' title='bbox 540 653 698 683; x_wconf 85' lang='lat' dir='ltr'>videlicet</span> <span class='ocrx_word' id='word_1_50' title='bbox 718 653 834 683; x_wconf 89' lang='lat' dir='ltr'>lectio-</span> 
     </span>
     <span class='ocr_line' id='line_1_11' title="bbox 132 698 834 740; baseline -0.006 -9"><span class='ocrx_word' id='word_1_51' title='bbox 132 710 190 731; x_wconf 88' lang='lat' dir='ltr'>nes</span> <span class='ocrx_word' id='word_1_52' title='bbox 201 724 211 740; x_wconf 88' lang='lat'>,</span> <span class='ocrx_word' id='word_1_53' title='bbox 229 701 479 737; x_wconf 74' lang='lat' dir='ltr'>meditationes,</span> <span class='ocrx_word' id='word_1_54' title='bbox 495 699 656 729; x_wconf 89' lang='lat' dir='ltr'>orationes</span> <span class='ocrx_word' id='word_1_55' title='bbox 667 720 676 737; x_wconf 90' lang='lat'>,</span> <span class='ocrx_word' id='word_1_56' title='bbox 693 699 726 728; x_wconf 88' lang='lat' dir='ltr'>et</span> <span class='ocrx_word' id='word_1_57' title='bbox 738 698 834 737; x_wconf 83' lang='lat' dir='ltr'>spiri-</span> 
     </span>
     <span class='ocr_line' id='line_1_12' title="bbox 132 744 834 782; baseline -0.001 -6"><span class='ocrx_word' id='word_1_58' title='bbox 132 748 237 778; x_wconf 83' lang='lat' dir='ltr'>tuales</span> <span class='ocrx_word' id='word_1_59' title='bbox 245 747 443 778; x_wconf 78' lang='lat' dir='ltr'>affectiones.</span> <span class='ocrx_word' id='word_1_60' title='bbox 451 746 489 776; x_wconf 88' lang='lat' dir='ltr'>Et</span> <span class='ocrx_word' id='word_1_61' title='bbox 499 753 541 775; x_wconf 90' lang='lat' dir='ltr'>ne</span> <span class='ocrx_word' id='word_1_62' title='bbox 553 745 694 782; x_wconf 86' lang='lat' dir='ltr'>ingressa</span> <span class='ocrx_word' id='word_1_63' title='bbox 703 744 834 775; x_wconf 90' lang='lat' dir='ltr'>domum</span> 
     </span>
     <span class='ocr_line' id='line_1_13' title="bbox 131 790 835 830; baseline -0.003 -8"><span class='ocrx_word' id='word_1_64' title='bbox 131 794 263 824; x_wconf 88' lang='lat' dir='ltr'>miseria</span> <span class='ocrx_word' id='word_1_65' title='bbox 275 793 493 830; x_wconf 86' lang='lat' dir='ltr'>conturbaret,</span> <span class='ocrx_word' id='word_1_66' title='bbox 503 790 742 821; x_wconf 87' lang='lat' dir='ltr'>Beatitudinem</span> <span class='ocrx_word' id='word_1_67' title='bbox 754 790 835 821; x_wconf 91' lang='lat' dir='ltr'>filio-</span> 
     </span>
     <span class='ocr_line' id='line_1_14' title="bbox 132 836 835 878; baseline -0.003 -10"><span class='ocrx_word' id='word_1_68' title='bbox 132 847 203 870; x_wconf 89' lang='lat' dir='ltr'>rum</span> <span class='ocrx_word' id='word_1_69' title='bbox 218 840 296 878; x_wconf 87' lang='lat' dir='ltr'>Dei,</span> <span class='ocrx_word' id='word_1_70' title='bbox 313 839 370 878; x_wconf 91' lang='lat' dir='ltr'>qui</span> <span class='ocrx_word' id='word_1_71' title='bbox 385 839 418 868; x_wconf 93' lang='lat' dir='ltr'>in</span> <span class='ocrx_word' id='word_1_72' title='bbox 434 838 572 876; x_wconf 87' lang='lat' dir='ltr'>septimo</span> <span class='ocrx_word' id='word_1_73' title='bbox 596 836 715 874; x_wconf 84' lang='lat' dir='ltr'>gradu,</span> <span class='ocrx_word' id='word_1_74' title='bbox 737 836 771 866; x_wconf 93' lang='lat' dir='ltr'>id</span> <span class='ocrx_word' id='word_1_75' title='bbox 786 838 835 867; x_wconf 89' lang='lat' dir='ltr'>est</span> 
     </span>
     <span class='ocr_line' id='line_1_15' title="bbox 133 882 835 924; baseline 0 -11"><span class='ocrx_word' id='word_1_76' title='bbox 133 886 166 914; x_wconf 86' lang='lat' dir='ltr'>in</span> <span class='ocrx_word' id='word_1_77' title='bbox 191 885 392 924; x_wconf 81' lang='lat' dir='ltr'>perfectione</span> <span class='ocrx_word' id='word_1_78' title='bbox 417 882 632 914; x_wconf 76' lang='lat' dir='ltr'>beatitudinis</span> <span class='ocrx_word' id='word_1_79' title='bbox 656 882 752 921; x_wconf 86' lang='lat' dir='ltr'>positi</span> <span class='ocrx_word' id='word_1_80' title='bbox 763 905 772 921; x_wconf 95' lang='lat'>,</span> <span class='ocrx_word' id='word_1_81' title='bbox 799 883 835 913; x_wconf 92' lang='lat' dir='ltr'>in</span> 
     </span>
     <span class='ocr_line' id='line_1_16' title="bbox 133 928 832 966; baseline -0.001 -6"><span class='ocrx_word' id='word_1_82' title='bbox 133 931 227 960; x_wconf 86' lang='lat' dir='ltr'>domo</span> <span class='ocrx_word' id='word_1_83' title='bbox 243 931 388 961; x_wconf 88' lang='lat' dir='ltr'>caritatis</span> <span class='ocrx_word' id='word_1_84' title='bbox 403 930 524 960; x_wconf 89' lang='lat' dir='ltr'>ludunt</span> <span class='ocrx_word' id='word_1_85' title='bbox 542 929 574 959; x_wconf 90' lang='lat' dir='ltr'>et</span> <span class='ocrx_word' id='word_1_86' title='bbox 587 928 808 966; x_wconf 86' lang='lat' dir='ltr'>jucundantur</span> <span class='ocrx_word' id='word_1_87' title='bbox 824 938 832 958; x_wconf 72' lang='grc' dir='ltr'>ε</span> 
     </span>
     <span class='ocr_line' id='line_1_17' title="bbox 133 975 835 1014; baseline -0.003 -8"><span class='ocrx_word' id='word_1_88' title='bbox 133 978 235 1014; x_wconf 85' lang='lat' dir='ltr'>ipsam</span> <span class='ocrx_word' id='word_1_89' title='bbox 251 978 366 1007; x_wconf 85' lang='lat' dir='ltr'>Pacem</span> <span class='ocrx_word' id='word_1_90' title='bbox 382 975 547 1006; x_wconf 83' lang='lat' dir='ltr'>custodem</span> <span class='ocrx_word' id='word_1_91' title='bbox 562 975 596 1005; x_wconf 94' lang='lat' dir='ltr'>in</span> <span class='ocrx_word' id='word_1_92' title='bbox 611 975 703 1013; x_wconf 89' lang='lat' dir='ltr'>porta</span> <span class='ocrx_word' id='word_1_93' title='bbox 715 975 835 1005; x_wconf 88' lang='lat' dir='ltr'>consti-</span> 
     </span>
     <span class='ocr_line' id='line_1_18' title="bbox 134 1021 834 1058; baseline -0.001 -6"><span class='ocrx_word' id='word_1_94' title='bbox 134 1023 207 1053; x_wconf 88' lang='lat' dir='ltr'>tuit.</span> <span class='ocrx_word' id='word_1_95' title='bbox 224 1023 276 1052; x_wconf 88' lang='lat' dir='ltr'>Sic</span> <span class='ocrx_word' id='word_1_96' title='bbox 289 1022 445 1053; x_wconf 89' lang='lat' dir='ltr'>ordinatis</span> <span class='ocrx_word' id='word_1_97' title='bbox 466 1021 617 1051; x_wconf 87' lang='lat' dir='ltr'>domibus</span> <span class='ocrx_word' id='word_1_98' title='bbox 630 1021 696 1051; x_wconf 90' lang='lat' dir='ltr'>suis</span> <span class='ocrx_word' id='word_1_99' title='bbox 710 1042 719 1058; x_wconf 95' lang='lat'>,</span> <span class='ocrx_word' id='word_1_100' title='bbox 734 1021 834 1051; x_wconf 89' lang='lat' dir='ltr'>totius</span> 
     </span>
     <span class='ocr_line' id='line_1_19' title="bbox 133 1066 835 1106; baseline 0 -9"><span class='ocrx_word' id='word_1_101' title='bbox 133 1067 275 1098; x_wconf 83' lang='lat' dir='ltr'>civitatis</span> <span class='ocrx_word' id='word_1_102' title='bbox 289 1067 380 1106; x_wconf 81' lang='lat' dir='ltr'>quasi</span> <span class='ocrx_word' id='word_1_103' title='bbox 393 1067 601 1105; x_wconf 85' lang='lat' dir='ltr'>praepositum</span> <span class='ocrx_word' id='word_1_104' title='bbox 616 1066 789 1104; x_wconf 86' lang='lat' dir='ltr'>quemdam</span> <span class='ocrx_word' id='word_1_105' title='bbox 802 1067 835 1097; x_wconf 87' lang='lat' dir='ltr'>et</span> 
     </span>
     <span class='ocr_line' id='line_1_20' title="bbox 133 1112 834 1151; baseline -0.004 -7"><span class='ocrx_word' id='word_1_106' title='bbox 133 1121 337 1144; x_wconf 75' lang='lat' dir='ltr'>(economum</span> <span class='ocrx_word' id='word_1_107' title='bbox 362 1113 541 1151; x_wconf 85' lang='lat' dir='ltr'>posuerunt</span> <span class='ocrx_word' id='word_1_108' title='bbox 567 1112 721 1141; x_wconf 90' lang='lat' dir='ltr'>Liberum</span> <span class='ocrx_word' id='word_1_109' title='bbox 747 1112 834 1142; x_wconf 84' lang='lat' dir='ltr'>arbi-</span> 
     </span>
     <span class='ocr_line' id='line_1_21' title="bbox 132 1160 242 1189; baseline 0.009 -1"><span class='ocrx_word' id='word_1_110' title='bbox 132 1160 242 1189; x_wconf 80' lang='lat' dir='ltr'>trium.</span> 
     </span>
    </p>

    <p class='ocr_par' dir='ltr' id='par_1_4' title="bbox 172 1203 833 1242">
     <span class='ocr_line' id='line_1_22' title="bbox 172 1203 833 1242; baseline 0.003 -9"><span class='ocrx_word' id='word_1_111' title='bbox 172 1203 204 1233; x_wconf 80' lang='grc' dir='ltr'>ῐι.</span> <span class='ocrx_word' id='word_1_112' title='bbox 225 1204 293 1242; x_wconf 85' lang='lat' dir='ltr'>Quo</span> <span class='ocrx_word' id='word_1_113' title='bbox 316 1204 465 1242; x_wconf 88' lang='lat' dir='ltr'>peracto,</span> <span class='ocrx_word' id='word_1_114' title='bbox 481 1204 621 1235; x_wconf 89' lang='lat' dir='ltr'>redeunt</span> <span class='ocrx_word' id='word_1_115' title='bbox 642 1204 675 1234; x_wconf 88' lang='lat' dir='ltr'>in</span> <span class='ocrx_word' id='word_1_116' title='bbox 702 1204 833 1235; x_wconf 88' lang='lat' dir='ltr'>domum</span> 
     </span>
    </p>
   </div>
   <div class='ocr_carea' id='block_1_3' title="bbox 133 1240 851 1288">
    <p class='ocr_par' dir='ltr' id='par_1_5' title="bbox 133 1240 851 1288">
     <span class='ocr_line' id='line_1_23' title="bbox 133 1240 851 1288; baseline 0.004 -11"><span class='ocrx_word' id='word_1_117' title='bbox 133 1248 232 1286; x_wconf 83' lang='lat' dir='ltr'>patris</span> <span class='ocrx_word' id='word_1_118' title='bbox 244 1250 362 1288; x_wconf 83' lang='lat' dir='ltr'>puellae</span> <span class='ocrx_word' id='word_1_119' title='bbox 373 1250 482 1288; x_wconf 88' lang='lat' dir='ltr'>regiae.</span> <span class='ocrx_word' id='word_1_120' title='bbox 497 1249 652 1280; x_wconf 85' lang='lat' dir='ltr'>Inimicus</span> <span class='ocrx_word' id='word_1_121' title='bbox 668 1250 764 1280; x_wconf 91' lang='lat' dir='ltr'>homo</span> <span class='ocrx_word' id='word_1_122' title='bbox 779 1259 834 1280; x_wconf 86' lang='lat' dir='ltr'>su-</span> <span class='ocrx_word' id='word_1_123' title='bbox 849 1240 851 1274; x_wconf 74' lang='lat'>:³</span> 
     </span>
    </p>
   </div>
   <div class='ocr_carea' id='block_1_4' title="bbox 131 1294 835 1746">
    <p class='ocr_par' dir='ltr' id='par_1_6' title="bbox 131 1294 835 1746">
     <span class='ocr_line' id='line_1_24' title="bbox 133 1294 835 1333; baseline 0.004 -11"><span class='ocrx_word' id='word_1_124' title='bbox 133 1294 349 1332; x_wconf 83' lang='lat' dir='ltr'>perveniens,</span> <span class='ocrx_word' id='word_1_125' title='bbox 365 1294 513 1324; x_wconf 88' lang='lat' dir='ltr'>ordinem</span> <span class='ocrx_word' id='word_1_126' title='bbox 542 1295 576 1324; x_wconf 87' lang='lat' dir='ltr'>et</span> <span class='ocrx_word' id='word_1_127' title='bbox 594 1295 730 1333; x_wconf 82' lang='lat' dir='ltr'>gloriam</span> <span class='ocrx_word' id='word_1_128' title='bbox 751 1295 835 1326; x_wconf 85' lang='lat' dir='ltr'>civi-</span> 
     </span>
     <span class='ocr_line' id='line_1_25' title="bbox 133 1339 835 1381; baseline 0.004 -13"><span class='ocrx_word' id='word_1_129' title='bbox 133 1339 208 1370; x_wconf 82' lang='lat' dir='ltr'>tatis</span> <span class='ocrx_word' id='word_1_130' title='bbox 223 1340 355 1381; x_wconf 89' lang='lat' dir='ltr'>videns,</span> <span class='ocrx_word' id='word_1_131' title='bbox 377 1340 410 1370; x_wconf 89' lang='lat' dir='ltr'>et</span> <span class='ocrx_word' id='word_1_132' title='bbox 433 1340 606 1377; x_wconf 84' lang='lat' dir='ltr'>invidens,</span> <span class='ocrx_word' id='word_1_133' title='bbox 628 1341 835 1371; x_wconf 82' lang='lat' dir='ltr'>machinatur</span> 
     </span>
     <span class='ocr_line' id='line_1_26' title="bbox 134 1385 835 1426; baseline 0.006 -12"><span class='ocrx_word' id='word_1_134' title='bbox 134 1385 287 1416; x_wconf 88' lang='lat' dir='ltr'>insidias:</span> <span class='ocrx_word' id='word_1_135' title='bbox 308 1388 341 1417; x_wconf 87' lang='lat' dir='ltr'>et</span> <span class='ocrx_word' id='word_1_136' title='bbox 354 1386 482 1425; x_wconf 80' lang='lat' dir='ltr'>ingredi</span> <span class='ocrx_word' id='word_1_137' title='bbox 498 1387 633 1425; x_wconf 83' lang='lat' dir='ltr'>euplens</span> <span class='ocrx_word' id='word_1_138' title='bbox 646 1409 655 1424; x_wconf 91' lang='lat'>,</span> <span class='ocrx_word' id='word_1_139' title='bbox 673 1388 835 1426; x_wconf 89' lang='lat' dir='ltr'>corruptis</span> 
     </span>
     <span class='ocr_line' id='line_1_27' title="bbox 134 1430 835 1471; baseline 0.006 -11"><span class='ocrx_word' id='word_1_140' title='bbox 134 1430 259 1462; x_wconf 87' lang='lat' dir='ltr'>duobus</span> <span class='ocrx_word' id='word_1_141' title='bbox 274 1433 314 1462; x_wconf 93' lang='lat' dir='ltr'>de</span> <span class='ocrx_word' id='word_1_142' title='bbox 338 1433 514 1471; x_wconf 82' lang='lat' dir='ltr'>praecipuis</span> <span class='ocrx_word' id='word_1_143' title='bbox 535 1433 681 1471; x_wconf 88' lang='lat' dir='ltr'>civibus,</span> <span class='ocrx_word' id='word_1_144' title='bbox 704 1433 835 1464; x_wconf 89' lang='lat' dir='ltr'>Discre-</span> 
     </span>
     <span class='ocr_line' id='line_1_28' title="bbox 133 1476 835 1516; baseline 0.006 -11"><span class='ocrx_word' id='word_1_145' title='bbox 133 1476 222 1507; x_wconf 91' lang='lat' dir='ltr'>tione</span> <span class='ocrx_word' id='word_1_146' title='bbox 238 1479 272 1508; x_wconf 85' lang='lat' dir='ltr'>et</span> <span class='ocrx_word' id='word_1_147' title='bbox 281 1478 529 1516; x_wconf 89' lang='lat' dir='ltr'>Dispensatione</span> <span class='ocrx_word' id='word_1_148' title='bbox 541 1500 549 1516; x_wconf 95' lang='lat'>,</span> <span class='ocrx_word' id='word_1_149' title='bbox 562 1478 724 1509; x_wconf 88' lang='lat' dir='ltr'>universae</span> <span class='ocrx_word' id='word_1_150' title='bbox 739 1480 835 1509; x_wconf 89' lang='lat' dir='ltr'>mali-</span> 
     </span>
     <span class='ocr_line' id='line_1_29' title="bbox 134 1522 834 1562; baseline 0.007 -12"><span class='ocrx_word' id='word_1_151' title='bbox 134 1522 187 1552; x_wconf 87' lang='lat' dir='ltr'>tiae</span> <span class='ocrx_word' id='word_1_152' title='bbox 199 1531 264 1553; x_wconf 90' lang='lat' dir='ltr'>suae</span> <span class='ocrx_word' id='word_1_153' title='bbox 276 1524 458 1554; x_wconf 87' lang='lat' dir='ltr'>exercitum</span> <span class='ocrx_word' id='word_1_154' title='bbox 471 1524 651 1554; x_wconf 85' lang='lat' dir='ltr'>introduxit</span> <span class='ocrx_word' id='word_1_155' title='bbox 660 1532 720 1562; x_wconf 89' lang='lat' dir='ltr'>per</span> <span class='ocrx_word' id='word_1_156' title='bbox 727 1525 834 1562; x_wconf 90' lang='lat' dir='ltr'>portas</span> 
     </span>
     <span class='ocr_line' id='line_1_30' title="bbox 133 1567 832 1608; baseline 0.006 -12"><span class='ocrx_word' id='word_1_157' title='bbox 133 1567 406 1599; x_wconf 76' lang='lat' dir='ltr'>Rationabilitatis</span> <span class='ocrx_word' id='word_1_158' title='bbox 429 1569 462 1599; x_wconf 84' lang='lat' dir='ltr'>et</span> <span class='ocrx_word' id='word_1_159' title='bbox 492 1569 832 1608; x_wconf 82' lang='lat' dir='ltr'>concupiscibilitatis.</span> 
     </span>
     <span class='ocr_line' id='line_1_31' title="bbox 131 1613 832 1654; baseline 0.006 -13"><span class='ocrx_word' id='word_1_160' title='bbox 131 1613 326 1651; x_wconf 81' lang='lat' dir='ltr'>Praepositus</span> <span class='ocrx_word' id='word_1_161' title='bbox 336 1614 480 1645; x_wconf 80' lang='lat' dir='ltr'>civitatis</span> <span class='ocrx_word' id='word_1_162' title='bbox 487 1615 640 1645; x_wconf 87' lang='lat' dir='ltr'>Liberum</span> <span class='ocrx_word' id='word_1_163' title='bbox 649 1615 832 1654; x_wconf 85' lang='lat' dir='ltr'>arbitrium,</span> 
     </span>
     <span class='ocr_line' id='line_1_32' title="bbox 132 1660 834 1698; baseline 0.004 -9"><span class='ocrx_word' id='word_1_164' title='bbox 132 1660 188 1698; x_wconf 86' lang='lat' dir='ltr'>qui</span> <span class='ocrx_word' id='word_1_165' title='bbox 203 1661 303 1691; x_wconf 90' lang='lat' dir='ltr'>totius</span> <span class='ocrx_word' id='word_1_166' title='bbox 318 1661 463 1690; x_wconf 87' lang='lat' dir='ltr'>civitatis</span> <span class='ocrx_word' id='word_1_167' title='bbox 477 1661 627 1691; x_wconf 89' lang='lat' dir='ltr'>dimissus</span> <span class='ocrx_word' id='word_1_168' title='bbox 644 1661 714 1692; x_wconf 87' lang='lat' dir='ltr'>erat</span> <span class='ocrx_word' id='word_1_169' title='bbox 729 1663 834 1692; x_wconf 88' lang='lat' dir='ltr'>custos</span> 
     </span>
     <span class='ocr_line' id='line_1_33' title="bbox 133 1704 834 1746; baseline 0.004 -11"><span class='ocrx_word' id='word_1_170' title='bbox 133 1706 166 1734; x_wconf 83' lang='lat' dir='ltr'>et</span> <span class='ocrx_word' id='word_1_171' title='bbox 183 1706 307 1736; x_wconf 80' lang='lat' dir='ltr'>arbiter</span> <span class='ocrx_word' id='word_1_172' title='bbox 323 1704 581 1745; x_wconf 82' lang='lat' dir='ltr'>(paterfamilias</span> <span class='ocrx_word' id='word_1_173' title='bbox 601 1707 722 1746; x_wconf 89' lang='lat' dir='ltr'>quippe</span> <span class='ocrx_word' id='word_1_174' title='bbox 738 1716 834 1746; x_wconf 90' lang='lat' dir='ltr'>pere-</span> 
     </span>
    </p>
   </div>
   <div class='ocr_carea' id='block_1_5' title="bbox 133 1752 851 1793">
    <p class='ocr_par' dir='ltr' id='par_1_7' title="bbox 133 1752 851 1793">
     <span class='ocr_line' id='line_1_34' title="bbox 133 1752 851 1793; baseline 0.007 -12"><span class='ocrx_word' id='word_1_175' title='bbox 133 1760 188 1788; x_wconf 77' lang='lat' dir='ltr'>gre</span> <span class='ocrx_word' id='word_1_176' title='bbox 203 1752 411 1790; x_wconf 89' lang='lat' dir='ltr'>proficiscens</span> <span class='ocrx_word' id='word_1_177' title='bbox 427 1752 518 1782; x_wconf 87' lang='lat' dir='ltr'>dedit</span> <span class='ocrx_word' id='word_1_178' title='bbox 530 1754 633 1784; x_wconf 88' lang='lat' dir='ltr'>servis</span> <span class='ocrx_word' id='word_1_179' title='bbox 644 1754 710 1784; x_wconf 89' lang='lat' dir='ltr'>suis</span> <span class='ocrx_word' id='word_1_180' title='bbox 724 1755 835 1793; x_wconf 89' lang='lat' dir='ltr'>potes·</span> <span class='ocrx_word' id='word_1_181' title='bbox 849 1783 851 1786; x_wconf 77' lang='grc'>,</span> 
     </span>
    </p>
   </div>
   <div class='ocr_carea' id='block_1_6' title="bbox 130 1798 835 2203">
    <p class='ocr_par' dir='ltr' id='par_1_8' title="bbox 130 1798 835 2203">
     <span class='ocr_line' id='line_1_35' title="bbox 132 1798 834 1838; baseline 0.004 -10"><span class='ocrx_word' id='word_1_182' title='bbox 132 1798 233 1828; x_wconf 83' lang='lat' dir='ltr'>tatem</span> <span class='ocrx_word' id='word_1_183' title='bbox 248 1798 405 1837; x_wconf 84' lang='lat' dir='ltr'>cujusque</span> <span class='ocrx_word' id='word_1_184' title='bbox 417 1799 544 1838; x_wconf 91' lang='lat' dir='ltr'>operis)</span> <span class='ocrx_word' id='word_1_185' title='bbox 561 1799 681 1837; x_wconf 86' lang='lat' dir='ltr'>ligatur</span> <span class='ocrx_word' id='word_1_186' title='bbox 694 1800 834 1832; x_wconf 89' lang='lat' dir='ltr'>vinculis</span> 
     </span>
     <span class='ocr_line' id='line_1_36' title="bbox 133 1844 835 1882; baseline 0.006 -9"><span class='ocrx_word' id='word_1_187' title='bbox 133 1844 260 1882; x_wconf 84' lang='lat' dir='ltr'>ferreis,</span> <span class='ocrx_word' id='word_1_188' title='bbox 274 1846 307 1875; x_wconf 92' lang='lat' dir='ltr'>et</span> <span class='ocrx_word' id='word_1_189' title='bbox 323 1845 357 1874; x_wconf 90' lang='lat' dir='ltr'>in</span> <span class='ocrx_word' id='word_1_190' title='bbox 373 1853 536 1875; x_wconf 83' lang='lat' dir='ltr'>carcerem</span> <span class='ocrx_word' id='word_1_191' title='bbox 551 1846 703 1876; x_wconf 91' lang='lat' dir='ltr'>mittitur.</span> <span class='ocrx_word' id='word_1_192' title='bbox 717 1847 835 1877; x_wconf 83' lang='lat' dir='ltr'>Praeci-</span> 
     </span>
     <span class='ocr_line' id='line_1_37' title="bbox 132 1889 834 1928; baseline 0.006 -9"><span class='ocrx_word' id='word_1_193' title='bbox 132 1889 244 1928; x_wconf 88' lang='lat' dir='ltr'>pitatis</span> <span class='ocrx_word' id='word_1_194' title='bbox 273 1890 313 1920; x_wconf 90' lang='lat' dir='ltr'>de</span> <span class='ocrx_word' id='word_1_195' title='bbox 337 1898 411 1921; x_wconf 84' lang='lat' dir='ltr'>arce</span> <span class='ocrx_word' id='word_1_196' title='bbox 436 1891 701 1922; x_wconf 85' lang='lat' dir='ltr'>rationabilitatis</span> <span class='ocrx_word' id='word_1_197' title='bbox 727 1894 834 1923; x_wconf 89' lang='lat' dir='ltr'>custo-</span> 
     </span>
     <span class='ocr_line' id='line_1_38' title="bbox 132 1937 834 1977; baseline 0.003 -11"><span class='ocrx_word' id='word_1_198' title='bbox 132 1937 227 1967; x_wconf 88' lang='lat' dir='ltr'>dibus</span> <span class='ocrx_word' id='word_1_199' title='bbox 241 1937 324 1975; x_wconf 90' lang='lat' dir='ltr'>suis,</span> <span class='ocrx_word' id='word_1_200' title='bbox 339 1945 416 1967; x_wconf 89' lang='lat' dir='ltr'>mox</span> <span class='ocrx_word' id='word_1_201' title='bbox 432 1938 541 1967; x_wconf 86' lang='lat' dir='ltr'>contra</span> <span class='ocrx_word' id='word_1_202' title='bbox 552 1937 662 1967; x_wconf 85' lang='lat' dir='ltr'>Fidem</span> <span class='ocrx_word' id='word_1_203' title='bbox 678 1939 834 1977; x_wconf 91' lang='lat' dir='ltr'>Blasphe-</span> 
     </span>
     <span class='ocr_line' id='line_1_39' title="bbox 131 1982 834 2021; baseline 0.006 -11"><span class='ocrx_word' id='word_1_204' title='bbox 131 1982 197 2011; x_wconf 88' lang='lat' dir='ltr'>mia</span> <span class='ocrx_word' id='word_1_205' title='bbox 211 1982 389 2013; x_wconf 86' lang='lat' dir='ltr'>inducitur.</span> <span class='ocrx_word' id='word_1_206' title='bbox 407 1983 485 2012; x_wconf 90' lang='lat' dir='ltr'>Cum</span> <span class='ocrx_word' id='word_1_207' title='bbox 499 1991 563 2021; x_wconf 91' lang='lat' dir='ltr'>qua</span> <span class='ocrx_word' id='word_1_208' title='bbox 578 1983 744 2014; x_wconf 89' lang='lat' dir='ltr'>irruentes</span> <span class='ocrx_word' id='word_1_209' title='bbox 761 1992 834 2014; x_wconf 92' lang='lat' dir='ltr'>con-</span> 
     </span>
     <span class='ocr_line' id='line_1_40' title="bbox 132 2027 834 2066; baseline 0.004 -9"><span class='ocrx_word' id='word_1_210' title='bbox 132 2027 358 2066; x_wconf 86' lang='lat' dir='ltr'>tradictiones,</span> <span class='ocrx_word' id='word_1_211' title='bbox 383 2029 618 2058; x_wconf 88' lang='lat' dir='ltr'>commotiones</span> <span class='ocrx_word' id='word_1_212' title='bbox 655 2030 689 2059; x_wconf 90' lang='lat' dir='ltr'>et</span> <span class='ocrx_word' id='word_1_213' title='bbox 723 2030 834 2060; x_wconf 83' lang='lat' dir='ltr'>confu-</span> 
     </span>
     <span class='ocr_line' id='line_1_41' title="bbox 131 2073 831 2114; baseline 0.006 -13"><span class='ocrx_word' id='word_1_214' title='bbox 131 2073 256 2112; x_wconf 79' lang='lat' dir='ltr'>siones,</span> <span class='ocrx_word' id='word_1_215' title='bbox 283 2074 465 2113; x_wconf 87' lang='lat' dir='ltr'>caeteraque</span> <span class='ocrx_word' id='word_1_216' title='bbox 494 2074 683 2112; x_wconf 72' lang='lat' dir='ltr'>huJusmodi</span> <span class='ocrx_word' id='word_1_217' title='bbox 714 2076 808 2105; x_wconf 89' lang='lat' dir='ltr'>turba</span> <span class='ocrx_word' id='word_1_218' title='bbox 822 2099 831 2114; x_wconf 90' lang='lat'>,</span> 
     </span>
     <span class='ocr_line' id='line_1_42' title="bbox 131 2119 832 2159; baseline 0.004 -11"><span class='ocrx_word' id='word_1_219' title='bbox 131 2120 311 2157; x_wconf 88' lang='lat' dir='ltr'>cunctaque</span> <span class='ocrx_word' id='word_1_220' title='bbox 351 2120 415 2149; x_wconf 90' lang='lat' dir='ltr'>sibi</span> <span class='ocrx_word' id='word_1_221' title='bbox 452 2119 645 2158; x_wconf 86' lang='lat' dir='ltr'>diripientes</span> <span class='ocrx_word' id='word_1_222' title='bbox 659 2142 669 2158; x_wconf 85' lang='grc'>,</span> <span class='ocrx_word' id='word_1_223' title='bbox 706 2121 832 2159; x_wconf 80' lang='lat' dir='ltr'>siquue</span> 
     </span>
     <span class='ocr_line' id='line_1_43' title="bbox 130 2164 834 2203; baseline 0.004 -11"><span class='ocrx_word' id='word_1_224' title='bbox 130 2164 286 2201; x_wconf 86' lang='lat' dir='ltr'>quicquid</span> <span class='ocrx_word' id='word_1_225' title='bbox 300 2164 424 2195; x_wconf 90' lang='lat' dir='ltr'>libebat</span> <span class='ocrx_word' id='word_1_226' title='bbox 438 2165 644 2196; x_wconf 87' lang='lat' dir='ltr'>vindicantes</span> <span class='ocrx_word' id='word_1_227' title='bbox 660 2188 669 2203; x_wconf 93' lang='lat'>,</span> <span class='ocrx_word' id='word_1_228' title='bbox 686 2165 719 2195; x_wconf 89' lang='lat' dir='ltr'>in</span> <span class='ocrx_word' id='word_1_229' title='bbox 733 2166 834 2195; x_wconf 91' lang='lat' dir='ltr'>ratio-</span> 
     </span>
    </p>
   </div>
   <div class='ocr_carea' id='block_1_7' title="bbox 128 2209 850 2249">
    <p class='ocr_par' dir='ltr' id='par_1_9' title="bbox 128 2209 850 2249">
     <span class='ocr_line' id='line_1_44' title="bbox 128 2209 850 2249; baseline 0.006 -11"><span class='ocrx_word' id='word_1_230' title='bbox 128 2209 299 2240; x_wconf 84' lang='lat' dir='ltr'>nabilitate</span> <span class='ocrx_word' id='word_1_231' title='bbox 310 2210 395 2240; x_wconf 88' lang='lat' dir='ltr'>nihil</span> <span class='ocrx_word' id='word_1_232' title='bbox 406 2210 541 2240; x_wconf 80' lang='lat' dir='ltr'>rationis</span> <span class='ocrx_word' id='word_1_233' title='bbox 553 2211 760 2249; x_wconf 90' lang='lat' dir='ltr'>reliquerunt</span> <span class='ocrx_word' id='word_1_234' title='bbox 777 2220 785 2248; x_wconf 81' lang='lat'><em>3</em></span> <span class='ocrx_word' id='word_1_235' title='bbox 801 2213 833 2242; x_wconf 89' lang='lat' dir='ltr'>et</span> <span class='ocrx_word' id='word_1_236' title='bbox 849 2245 850 2248; x_wconf 14' lang='grc' dir='ltr'><strong>Ἰ</strong></span> 
     </span>
    </p>
   </div>
   <div class='ocr_carea' id='block_1_8' title="bbox 127 2254 831 2295">
    <p class='ocr_par' dir='ltr' id='par_1_10' title="bbox 127 2254 831 2295">
     <span class='ocr_line' id='line_1_45' title="bbox 127 2254 831 2295; baseline 0.004 -12"><span class='ocrx_word' id='word_1_237' title='bbox 127 2254 268 2290; x_wconf 88' lang='lat' dir='ltr'>janitore</span> <span class='ocrx_word' id='word_1_238' title='bbox 283 2256 452 2295; x_wconf 86' lang='lat' dir='ltr'>perempto</span> <span class='ocrx_word' id='word_1_239' title='bbox 462 2279 472 2295; x_wconf 93' lang='lat'>,</span> <span class='ocrx_word' id='word_1_240' title='bbox 488 2256 616 2288; x_wconf 81' lang='lat' dir='ltr'>scilicet</span> <span class='ocrx_word' id='word_1_241' title='bbox 631 2256 809 2295; x_wconf 87' lang='lat' dir='ltr'>Disciplina</span> <span class='ocrx_word' id='word_1_242' title='bbox 823 2280 831 2295; x_wconf 88' lang='lat'>,</span> 
     </span>
    </p>
   </div>
   <div class='ocr_carea' id='block_1_9' title="bbox 130 2301 850 2341">
    <p class='ocr_par' dir='ltr' id='par_1_11' title="bbox 130 2301 850 2341">
     <span class='ocr_line' id='line_1_46' title="bbox 130 2301 850 2341; baseline 0.006 -12"><span class='ocrx_word' id='word_1_243' title='bbox 130 2301 280 2331; x_wconf 89' lang='lat' dir='ltr'>omnibus</span> <span class='ocrx_word' id='word_1_244' title='bbox 308 2302 454 2331; x_wconf 88' lang='lat' dir='ltr'>intrandi</span> <span class='ocrx_word' id='word_1_245' title='bbox 482 2302 516 2332; x_wconf 91' lang='lat' dir='ltr'>et</span> <span class='ocrx_word' id='word_1_246' title='bbox 542 2302 685 2333; x_wconf 85' lang='lat' dir='ltr'>exeundi</span> <span class='ocrx_word' id='word_1_247' title='bbox 707 2302 850 2341; x_wconf 46' lang='lat' dir='ltr'>copiam¹</span> 
     </span>
    </p>
   </div>
   <div class='ocr_carea' id='block_1_10' title="bbox 130 2347 833 2706">
    <p class='ocr_par' dir='ltr' id='par_1_12' title="bbox 131 2347 352 2385">
     <span class='ocr_line' id='line_1_47' title="bbox 131 2347 352 2385; baseline 0.005 -9"><span class='ocrx_word' id='word_1_248' title='bbox 131 2347 352 2385; x_wconf 62' lang='lat' dir='ltr'>praebuerunt.</span> 
     </span>
    </p>

    <p class='ocr_par' dir='ltr' id='par_1_13' title="bbox 130 2392 833 2706">
     <span class='ocr_line' id='line_1_48' title="bbox 169 2392 833 2432; baseline 0.003 -10"><span class='ocrx_word' id='word_1_249' title='bbox 169 2394 200 2422; x_wconf 82' lang='lat'>5.</span> <span class='ocrx_word' id='word_1_250' title='bbox 215 2394 312 2422; x_wconf 89' lang='lat' dir='ltr'>Porro</span> <span class='ocrx_word' id='word_1_251' title='bbox 328 2393 362 2422; x_wconf 90' lang='lat' dir='ltr'>in</span> <span class='ocrx_word' id='word_1_252' title='bbox 378 2392 510 2423; x_wconf 88' lang='lat' dir='ltr'>domum</span> <span class='ocrx_word' id='word_1_253' title='bbox 525 2393 619 2432; x_wconf 87' lang='lat' dir='ltr'>Spei,</span> <span class='ocrx_word' id='word_1_254' title='bbox 632 2395 833 2432; x_wconf 87' lang='lat' dir='ltr'>concupisci-</span> 
     </span>
     <span class='ocr_line' id='line_1_49' title="bbox 130 2438 833 2477; baseline 0.003 -10"><span class='ocrx_word' id='word_1_255' title='bbox 130 2438 291 2468; x_wconf 84' lang='lat' dir='ltr'>bilitatem</span> <span class='ocrx_word' id='word_1_256' title='bbox 312 2438 457 2476; x_wconf 84' lang='lat' dir='ltr'>scilicet,</span> <span class='ocrx_word' id='word_1_257' title='bbox 483 2438 649 2477; x_wconf 82' lang='lat' dir='ltr'>ingressa,</span> <span class='ocrx_word' id='word_1_258' title='bbox 671 2440 704 2469; x_wconf 92' lang='lat' dir='ltr'>et</span> <span class='ocrx_word' id='word_1_259' title='bbox 726 2440 833 2469; x_wconf 89' lang='lat' dir='ltr'>omnia</span> 
     </span>
     <span class='ocr_line' id='line_1_50' title="bbox 131 2483 831 2523; baseline 0.006 -11"><span class='ocrx_word' id='word_1_260' title='bbox 131 2484 193 2513; x_wconf 76' lang='lat' dir='ltr'>sibi</span> <span class='ocrx_word' id='word_1_261' title='bbox 208 2483 380 2513; x_wconf 84' lang='lat' dir='ltr'>vindicans</span> <span class='ocrx_word' id='word_1_262' title='bbox 401 2483 533 2514; x_wconf 89' lang='lat' dir='ltr'>domina</span> <span class='ocrx_word' id='word_1_263' title='bbox 548 2485 693 2515; x_wconf 85' lang='lat' dir='ltr'>Luxuria</span> <span class='ocrx_word' id='word_1_264' title='bbox 706 2507 714 2523; x_wconf 86' lang='lat'>,</span> <span class='ocrx_word' id='word_1_265' title='bbox 731 2485 831 2516; x_wconf 87' lang='lat' dir='ltr'>totam</span> 
     </span>
     <span class='ocr_line' id='line_1_51' title="bbox 131 2529 832 2568; baseline 0.003 -10"><span class='ocrx_word' id='word_1_266' title='bbox 131 2537 203 2558; x_wconf 77' lang='lat' dir='ltr'>cam</span> <span class='ocrx_word' id='word_1_267' title='bbox 219 2529 258 2558; x_wconf 91' lang='lat' dir='ltr'>de</span> <span class='ocrx_word' id='word_1_268' title='bbox 282 2529 505 2567; x_wconf 89' lang='lat' dir='ltr'>superioribus</span> <span class='ocrx_word' id='word_1_269' title='bbox 518 2530 680 2568; x_wconf 85' lang='lat' dir='ltr'>deJ&#39;ectam</span> <span class='ocrx_word' id='word_1_270' title='bbox 702 2530 743 2561; x_wconf 88' lang='lat' dir='ltr'>ad</span> <span class='ocrx_word' id='word_1_271' title='bbox 768 2530 832 2560; x_wconf 89' lang='lat' dir='ltr'>ima</span> 
     </span>
     <span class='ocr_line' id='line_1_52' title="bbox 131 2575 832 2614; baseline 0.003 -10"><span class='ocrx_word' id='word_1_272' title='bbox 131 2575 297 2613; x_wconf 76' lang='lat' dir='ltr'>devolvit,</span> <span class='ocrx_word' id='word_1_273' title='bbox 337 2576 370 2605; x_wconf 86' lang='lat' dir='ltr'>et</span> <span class='ocrx_word' id='word_1_274' title='bbox 415 2576 686 2614; x_wconf 84' lang='lat' dir='ltr'>concupiscentiae</span> <span class='ocrx_word' id='word_1_275' title='bbox 727 2577 832 2606; x_wconf 89' lang='lat' dir='ltr'>carnis</span> 
     </span>
     <span class='ocr_line' id='line_1_53' title="bbox 131 2621 832 2660; baseline 0.003 -10"><span class='ocrx_word' id='word_1_276' title='bbox 131 2621 386 2659; x_wconf 78' lang='lat' dir='ltr'>continentiam,</span> <span class='ocrx_word' id='word_1_277' title='bbox 416 2621 691 2660; x_wconf 79' lang='lat' dir='ltr'>concupiscentiae</span> <span class='ocrx_word' id='word_1_278' title='bbox 721 2623 832 2653; x_wconf 89' lang='lat' dir='ltr'>oculo-</span> 
     </span>
     <span class='ocr_line' id='line_1_54' title="bbox 130 2667 829 2706; baseline 0.006 -12"><span class='ocrx_word' id='word_1_279' title='bbox 130 2675 204 2696; x_wconf 75' lang='lat' dir='ltr'>rum</span> <span class='ocrx_word' id='word_1_280' title='bbox 243 2667 480 2706; x_wconf 85' lang='lat' dir='ltr'>Constantiam,</span> <span class='ocrx_word' id='word_1_281' title='bbox 516 2667 685 2698; x_wconf 85' lang='lat' dir='ltr'>ambitioni</span> <span class='ocrx_word' id='word_1_282' title='bbox 721 2669 829 2700; x_wconf 84' lang='lat' dir='ltr'>saeculi</span> 
     </span>
    </p>
   </div>
   <div class='ocr_carea' id='block_1_11' title="bbox 849 244 1567 2706">
    <p class='ocr_par' dir='ltr' id='par_1_14' title="bbox 850 244 1566 1425">
     <span class='ocr_line' id='line_1_55' title="bbox 1493 244 1551 273; baseline 0 -1"><span class='ocrx_word' id='word_1_283' title='bbox 1493 244 1551 273; x_wconf 66' lang='lat'><strong><em>1⁴:55</em></strong></span> 
     </span>
     <span class='ocr_line' id='line_1_56' title="bbox 852 291 1555 328; baseline 0.014 -9"><span class='ocrx_word' id='word_1_284' title='bbox 852 305 853 318; x_wconf 69' lang='lat' dir='ltr'>i</span> <span class='ocrx_word' id='word_1_285' title='bbox 867 291 1091 321; x_wconf 81' lang='lat' dir='ltr'>Humilitatem</span> <span class='ocrx_word' id='word_1_286' title='bbox 1116 291 1361 324; x_wconf 79' lang='lat' dir='ltr'>conculcandam</span> <span class='ocrx_word' id='word_1_287' title='bbox 1378 296 1507 328; x_wconf 81' lang='lat' dir='ltr'>tradidit</span> <span class='ocrx_word' id='word_1_288' title='bbox 1523 299 1555 328; x_wconf 82' lang='lat' dir='ltr'>ct</span> 
     </span>
     <span class='ocr_line' id='line_1_57' title="bbox 865 336 1556 380; baseline 0.012 -15"><span class='ocrx_word' id='word_1_289' title='bbox 865 336 1074 366; x_wconf 83' lang='lat' dir='ltr'>illudendam.</span> <span class='ocrx_word' id='word_1_290' title='bbox 1086 337 1124 366; x_wconf 89' lang='lat' dir='ltr'>Et</span> <span class='ocrx_word' id='word_1_291' title='bbox 1139 338 1305 374; x_wconf 85' lang='lat' dir='ltr'>perempto</span> <span class='ocrx_word' id='word_1_292' title='bbox 1321 340 1453 372; x_wconf 89' lang='lat' dir='ltr'>Silentio</span> <span class='ocrx_word' id='word_1_293' title='bbox 1473 344 1556 380; x_wconf 80' lang='lat' dir='ltr'>J&#39;aui-</span> 
     </span>
     <span class='ocr_line' id='line_1_58' title="bbox 865 380 1557 419; baseline 0.01 -9"><span class='ocrx_word' id='word_1_294' title='bbox 865 382 932 411; x_wconf 92' lang='lat' dir='ltr'>tore</span> <span class='ocrx_word' id='word_1_295' title='bbox 942 403 952 419; x_wconf 92' lang='lat'>,</span> <span class='ocrx_word' id='word_1_296' title='bbox 968 381 1118 411; x_wconf 92' lang='lat' dir='ltr'>omnibus</span> <span class='ocrx_word' id='word_1_297' title='bbox 1130 382 1163 411; x_wconf 93' lang='lat' dir='ltr'>et</span> <span class='ocrx_word' id='word_1_298' title='bbox 1181 380 1377 412; x_wconf 85' lang='lat' dir='ltr'>intrantibus</span> <span class='ocrx_word' id='word_1_299' title='bbox 1392 386 1423 414; x_wconf 92' lang='lat' dir='ltr'>et</span> <span class='ocrx_word' id='word_1_300' title='bbox 1438 394 1557 416; x_wconf 88' lang='lat' dir='ltr'>exeun-</span> 
     </span>
     <span class='ocr_line' id='line_1_59' title="bbox 851 426 1558 465; baseline 0.008 -10"><span class='ocrx_word' id='word_1_301' title='bbox 851 450 852 459; x_wconf 66' lang='grc'>,</span> <span class='ocrx_word' id='word_1_302' title='bbox 865 426 951 457; x_wconf 89' lang='lat' dir='ltr'>tibus</span> <span class='ocrx_word' id='word_1_303' title='bbox 965 426 1044 456; x_wconf 86' lang='lat' dir='ltr'>fecit</span> <span class='ocrx_word' id='word_1_304' title='bbox 1059 428 1185 465; x_wconf 88' lang='lat' dir='ltr'>portam</span> <span class='ocrx_word' id='word_1_305' title='bbox 1211 427 1335 464; x_wconf 79' lang='lat' dir='ltr'>patere.</span> <span class='ocrx_word' id='word_1_306' title='bbox 1348 427 1558 460; x_wconf 84' lang='lat' dir='ltr'>Sobrietatem</span> 
     </span>
     <span class='ocr_line' id='line_1_60' title="bbox 850 464 1559 505; baseline 0.004 -3"><span class='ocrx_word' id='word_1_307' title='bbox 850 464 940 502; x_wconf 83' lang='lat' dir='ltr'>&#39;vero</span> <span class='ocrx_word' id='word_1_308' title='bbox 957 472 990 502; x_wconf 88' lang='lat' dir='ltr'>et</span> <span class='ocrx_word' id='word_1_309' title='bbox 1016 472 1120 502; x_wconf 89' lang='lat' dir='ltr'>socias</span> <span class='ocrx_word' id='word_1_310' title='bbox 1142 471 1327 502; x_wconf 86' lang='lat' dir='ltr'>sobrietatis</span> <span class='ocrx_word' id='word_1_311' title='bbox 1347 472 1484 503; x_wconf 87' lang='lat' dir='ltr'>virtutes</span> <span class='ocrx_word' id='word_1_312' title='bbox 1505 477 1559 505; x_wconf 87' lang='lat' dir='ltr'>aut</span> 
     </span>
     <span class='ocr_line' id='line_1_61' title="bbox 864 517 1561 556; baseline 0.001 -9"><span class='ocrx_word' id='word_1_313' title='bbox 864 518 982 548; x_wconf 86' lang='lat' dir='ltr'>occidit</span> <span class='ocrx_word' id='word_1_314' title='bbox 995 540 1004 556; x_wconf 94' lang='lat'>,</span> <span class='ocrx_word' id='word_1_315' title='bbox 1029 517 1085 548; x_wconf 87' lang='lat' dir='ltr'>aut</span> <span class='ocrx_word' id='word_1_316' title='bbox 1108 517 1341 555; x_wconf 88' lang='lat' dir='ltr'>incarceravit,</span> <span class='ocrx_word' id='word_1_317' title='bbox 1357 518 1460 547; x_wconf 88' lang='lat' dir='ltr'>autin</span> <span class='ocrx_word' id='word_1_318' title='bbox 1476 521 1561 549; x_wconf 83' lang='lat' dir='ltr'>exsi-</span> 
     </span>
     <span class='ocr_line' id='line_1_62' title="bbox 864 562 1562 601; baseline 0 -10"><span class='ocrx_word' id='word_1_319' title='bbox 864 563 944 591; x_wconf 89' lang='lat' dir='ltr'>lium</span> <span class='ocrx_word' id='word_1_320' title='bbox 959 563 1146 593; x_wconf 87' lang='lat' dir='ltr'>destinavit.</span> <span class='ocrx_word' id='word_1_321' title='bbox 1162 563 1287 593; x_wconf 86' lang='lat' dir='ltr'>Exinde</span> <span class='ocrx_word' id='word_1_322' title='bbox 1303 562 1344 592; x_wconf 86' lang='lat' dir='ltr'>ad</span> <span class='ocrx_word' id='word_1_323' title='bbox 1363 562 1562 601; x_wconf 89' lang='lat' dir='ltr'>superiorem</span> 
     </span>
     <span class='ocr_line' id='line_1_63' title="bbox 865 607 1562 645; baseline 0 -9"><span class='ocrx_word' id='word_1_324' title='bbox 865 607 1006 637; x_wconf 87' lang='lat' dir='ltr'>civitatis</span> <span class='ocrx_word' id='word_1_325' title='bbox 1030 616 1138 638; x_wconf 88' lang='lat' dir='ltr'>arcem</span> <span class='ocrx_word' id='word_1_326' title='bbox 1164 608 1410 645; x_wconf 87' lang='lat' dir='ltr'>conscenditur,</span> <span class='ocrx_word' id='word_1_327' title='bbox 1427 608 1460 637; x_wconf 87' lang='lat' dir='ltr'>et</span> <span class='ocrx_word' id='word_1_328' title='bbox 1480 608 1562 637; x_wconf 87' lang='lat' dir='ltr'>Pace</span> 
     </span>
     <span class='ocr_line' id='line_1_64' title="bbox 861 652 1565 689; baseline 0.003 -7"><span class='ocrx_word' id='word_1_329' title='bbox 861 652 1002 689; x_wconf 87' lang='lat' dir='ltr'>janitore</span> <span class='ocrx_word' id='word_1_330' title='bbox 1015 655 1048 684; x_wconf 90' lang='lat' dir='ltr'>et</span> <span class='ocrx_word' id='word_1_331' title='bbox 1063 654 1194 684; x_wconf 89' lang='lat' dir='ltr'>custode</span> <span class='ocrx_word' id='word_1_332' title='bbox 1207 662 1339 684; x_wconf 83' lang='lat' dir='ltr'>summae</span> <span class='ocrx_word' id='word_1_333' title='bbox 1354 653 1565 685; x_wconf 88' lang='lat' dir='ltr'>beatitudinis</span> 
     </span>
     <span class='ocr_line' id='line_1_65' title="bbox 850 700 1564 739; baseline 0.001 -11"><span class='ocrx_word' id='word_1_334' title='bbox 850 700 1050 738; x_wconf 71' lang='lat' dir='ltr'>perempto,</span> <span class='ocrx_word' id='word_1_335' title='bbox 1085 701 1215 730; x_wconf 85' lang='lat' dir='ltr'>Miseria</span> <span class='ocrx_word' id='word_1_336' title='bbox 1247 700 1444 739; x_wconf 80' lang='lat' dir='ltr'>ingreditur.</span> <span class='ocrx_word' id='word_1_337' title='bbox 1490 700 1564 729; x_wconf 84' lang='lat' dir='ltr'>Mox</span> 
     </span>
     <span class='ocr_line' id='line_1_66' title="bbox 865 743 1565 783; baseline 0.003 -11"><span class='ocrx_word' id='word_1_338' title='bbox 865 743 952 772; x_wconf 89' lang='lat' dir='ltr'>enim</span> <span class='ocrx_word' id='word_1_339' title='bbox 981 744 1110 774; x_wconf 91' lang='lat' dir='ltr'>domina</span> <span class='ocrx_word' id='word_1_340' title='bbox 1134 744 1294 783; x_wconf 87' lang='lat' dir='ltr'>Superbia</span> <span class='ocrx_word' id='word_1_341' title='bbox 1324 745 1500 774; x_wconf 88' lang='lat' dir='ltr'>ascendens</span> <span class='ocrx_word' id='word_1_342' title='bbox 1529 744 1565 774; x_wconf 91' lang='lat' dir='ltr'>in</span> 
     </span>
     <span class='ocr_line' id='line_1_67' title="bbox 864 788 1564 828; baseline 0.003 -10"><span class='ocrx_word' id='word_1_343' title='bbox 864 796 971 818; x_wconf 86' lang='lat' dir='ltr'>arcem</span> <span class='ocrx_word' id='word_1_344' title='bbox 989 788 1149 828; x_wconf 75' lang='lat' dir='ltr'>(superbia</span> <span class='ocrx_word' id='word_1_345' title='bbox 1163 791 1245 820; x_wconf 78' lang='lat' dir='ltr'>enim</span> <span class='ocrx_word' id='word_1_346' title='bbox 1260 799 1367 820; x_wconf 80' lang='lat' dir='ltr'>eorum</span> <span class='ocrx_word' id='word_1_347' title='bbox 1381 791 1435 828; x_wconf 77' lang='lat' dir='ltr'>qui</span> <span class='ocrx_word' id='word_1_348' title='bbox 1454 792 1482 820; x_wconf 78' lang='lat' dir='ltr'>te</span> <span class='ocrx_word' id='word_1_349' title='bbox 1494 791 1564 820; x_wconf 82' lang='lat' dir='ltr'>ode·</span> 
     </span>
     <span class='ocr_line' id='line_1_68' title="bbox 864 834 1565 875; baseline 0.001 -12"><span class='ocrx_word' id='word_1_350' title='bbox 864 837 955 871; x_wconf 76' lang='lat' dir='ltr'>runt,</span> <span class='ocrx_word' id='word_1_351' title='bbox 972 837 1105 866; x_wconf 69' lang='lat' dir='ltr'>ascendit</span> <span class='ocrx_word' id='word_1_352' title='bbox 1118 834 1278 875; x_wconf 81' lang='lat' dir='ltr'>semper),</span> <span class='ocrx_word' id='word_1_353' title='bbox 1299 836 1457 866; x_wconf 87' lang='lat' dir='ltr'>Pietatem</span> <span class='ocrx_word' id='word_1_354' title='bbox 1472 836 1512 866; x_wconf 89' lang='lat' dir='ltr'>de</span> <span class='ocrx_word' id='word_1_355' title='bbox 1528 843 1565 865; x_wconf 89' lang='lat' dir='ltr'>ea</span> 
     </span>
     <span class='ocr_line' id='line_1_69' title="bbox 865 880 1566 920; baseline 0.001 -11"><span class='ocrx_word' id='word_1_356' title='bbox 865 880 964 919; x_wconf 91' lang='lat' dir='ltr'>impie</span> <span class='ocrx_word' id='word_1_357' title='bbox 981 881 1186 920; x_wconf 89' lang='lat' dir='ltr'>deturbavit,</span> <span class='ocrx_word' id='word_1_358' title='bbox 1205 882 1371 920; x_wconf 89' lang='lat' dir='ltr'>totamque</span> <span class='ocrx_word' id='word_1_359' title='bbox 1387 882 1477 912; x_wconf 88' lang='lat' dir='ltr'>illam</span> <span class='ocrx_word' id='word_1_360' title='bbox 1491 882 1566 911; x_wconf 89' lang='lat' dir='ltr'>Pie-</span> 
     </span>
     <span class='ocr_line' id='line_1_70' title="bbox 865 926 1565 958; baseline 0.003 -3"><span class='ocrx_word' id='word_1_361' title='bbox 865 926 941 956; x_wconf 90' lang='lat' dir='ltr'>tatis</span> <span class='ocrx_word' id='word_1_362' title='bbox 957 926 989 956; x_wconf 90' lang='lat' dir='ltr'>et</span> <span class='ocrx_word' id='word_1_363' title='bbox 1000 927 1090 957; x_wconf 86' lang='lat' dir='ltr'>Pacis</span> <span class='ocrx_word' id='word_1_364' title='bbox 1102 927 1259 958; x_wconf 84' lang='lat' dir='ltr'>familiam</span> <span class='ocrx_word' id='word_1_365' title='bbox 1269 928 1371 958; x_wconf 87' lang='lat' dir='ltr'>morte</span> <span class='ocrx_word' id='word_1_366' title='bbox 1384 928 1437 958; x_wconf 90' lang='lat' dir='ltr'>vel</span> <span class='ocrx_word' id='word_1_367' title='bbox 1449 928 1565 958; x_wconf 89' lang='lat' dir='ltr'>exsilio</span> 
     </span>
     <span class='ocr_line' id='line_1_71' title="bbox 865 971 1565 1012; baseline 0.004 -12"><span class='ocrx_word' id='word_1_368' title='bbox 865 971 1043 1003; x_wconf 84' lang='lat' dir='ltr'>damnavit.</span> <span class='ocrx_word' id='word_1_369' title='bbox 1058 973 1129 1002; x_wconf 86' lang='lat' dir='ltr'>Jam</span> <span class='ocrx_word' id='word_1_370' title='bbox 1157 973 1353 1012; x_wconf 85' lang='lat' dir='ltr'>quicumque</span> <span class='ocrx_word' id='word_1_371' title='bbox 1368 973 1459 1011; x_wconf 85' lang='lat' dir='ltr'>vult,</span> <span class='ocrx_word' id='word_1_372' title='bbox 1475 982 1565 1003; x_wconf 86' lang='lat' dir='ltr'>sanc-</span> 
     </span>
     <span class='ocr_line' id='line_1_72' title="bbox 850 1018 1564 1058; baseline 0.003 -11"><span class='ocrx_word' id='word_1_373' title='bbox 850 1018 1005 1048; x_wconf 73' lang='lat' dir='ltr'>:marium</span> <span class='ocrx_word' id='word_1_374' title='bbox 1020 1018 1081 1049; x_wconf 92' lang='lat' dir='ltr'>Dei</span> <span class='ocrx_word' id='word_1_375' title='bbox 1107 1019 1292 1058; x_wconf 83' lang='lat' dir='ltr'>ingreditur</span> <span class='ocrx_word' id='word_1_376' title='bbox 1321 1029 1329 1049; x_wconf 73' lang='grc' dir='ltr'>ε</span> <span class='ocrx_word' id='word_1_377' title='bbox 1352 1028 1564 1058; x_wconf 82' lang='lat' dir='ltr'>quaecumque</span> 
     </span>
     <span class='ocr_line' id='line_1_73' title="bbox 864 1063 1566 1103; baseline 0.004 -10"><span class='ocrx_word' id='word_1_378' title='bbox 864 1063 973 1094; x_wconf 90' lang='lat' dir='ltr'>sancta</span> <span class='ocrx_word' id='word_1_379' title='bbox 990 1064 1024 1094; x_wconf 94' lang='lat' dir='ltr'>in</span> <span class='ocrx_word' id='word_1_380' title='bbox 1038 1072 1309 1103; x_wconf 83' lang='lat' dir='ltr'>e0,quaecumque</span> <span class='ocrx_word' id='word_1_381' title='bbox 1325 1065 1479 1096; x_wconf 88' lang='lat' dir='ltr'>hactenus</span> <span class='ocrx_word' id='word_1_382' title='bbox 1491 1066 1566 1096; x_wconf 86' lang='lat' dir='ltr'>filiis</span> 
     </span>
     <span class='ocr_line' id='line_1_74' title="bbox 865 1110 1566 1142; baseline 0.004 -4"><span class='ocrx_word' id='word_1_383' title='bbox 865 1110 944 1140; x_wconf 92' lang='lat' dir='ltr'>Levi</span> <span class='ocrx_word' id='word_1_384' title='bbox 969 1110 1095 1141; x_wconf 86' lang='lat' dir='ltr'>tantum</span> <span class='ocrx_word' id='word_1_385' title='bbox 1111 1111 1311 1141; x_wconf 84' lang='lat' dir='ltr'>accessibilia</span> <span class='ocrx_word' id='word_1_386' title='bbox 1328 1112 1421 1142; x_wconf 88' lang='lat' dir='ltr'>erant</span> <span class='ocrx_word' id='word_1_387' title='bbox 1442 1112 1475 1142; x_wconf 88' lang='lat' dir='ltr'>et</span> <span class='ocrx_word' id='word_1_388' title='bbox 1489 1111 1566 1142; x_wconf 91' lang='lat' dir='ltr'>visi-</span> 
     </span>
     <span class='ocr_line' id='line_1_75' title="bbox 864 1155 1564 1196; baseline 0.003 -12"><span class='ocrx_word' id='word_1_389' title='bbox 864 1155 960 1194; x_wconf 90' lang='lat' dir='ltr'>bilia,</span> <span class='ocrx_word' id='word_1_390' title='bbox 987 1156 1054 1194; x_wconf 80' lang='lat' dir='ltr'>J&#39;am</span> <span class='ocrx_word' id='word_1_391' title='bbox 1075 1157 1259 1195; x_wconf 82' lang='lat' dir='ltr'>profanata,</span> <span class='ocrx_word' id='word_1_392' title='bbox 1282 1157 1351 1194; x_wconf 80' lang='lat' dir='ltr'>J&#39;am</span> <span class='ocrx_word' id='word_1_393' title='bbox 1374 1157 1500 1196; x_wconf 87' lang='lat' dir='ltr'>direpta</span> <span class='ocrx_word' id='word_1_394' title='bbox 1525 1157 1564 1186; x_wconf 88' lang='lat' dir='ltr'>ab</span> 
     </span>
     <span class='ocr_line' id='line_1_76' title="bbox 864 1200 1564 1241; baseline 0.004 -11"><span class='ocrx_word' id='word_1_395' title='bbox 864 1200 1022 1241; x_wconf 88' lang='lat' dir='ltr'>inimicis,</span> <span class='ocrx_word' id='word_1_396' title='bbox 1048 1203 1082 1232; x_wconf 90' lang='lat' dir='ltr'>in</span> <span class='ocrx_word' id='word_1_397' title='bbox 1095 1203 1292 1241; x_wconf 79' lang='lat' dir='ltr'>Babylonem</span> <span class='ocrx_word' id='word_1_398' title='bbox 1304 1203 1564 1241; x_wconf 80' lang='lat' dir='ltr'>transferuntur3</span> 
     </span>
     <span class='ocr_line' id='line_1_77' title="bbox 865 1247 1566 1289; baseline 0.006 -13"><span class='ocrx_word' id='word_1_399' title='bbox 865 1247 898 1276; x_wconf 88' lang='lat' dir='ltr'>et</span> <span class='ocrx_word' id='word_1_400' title='bbox 923 1247 964 1278; x_wconf 90' lang='lat' dir='ltr'>de</span> <span class='ocrx_word' id='word_1_401' title='bbox 1000 1250 1086 1279; x_wconf 87' lang='lat' dir='ltr'>vasis</span> <span class='ocrx_word' id='word_1_402' title='bbox 1115 1249 1241 1287; x_wconf 88' lang='lat' dir='ltr'>Templi</span> <span class='ocrx_word' id='word_1_403' title='bbox 1269 1249 1457 1279; x_wconf 87' lang='lat' dir='ltr'>concubinis</span> <span class='ocrx_word' id='word_1_404' title='bbox 1479 1252 1566 1289; x_wconf 82' lang='lat' dir='ltr'>regis</span> 
     </span>
     <span class='ocr_line' id='line_1_78' title="bbox 864 1293 1563 1333; baseline 0.006 -12"><span class='ocrx_word' id='word_1_405' title='bbox 864 1293 1032 1331; x_wconf 89' lang='lat' dir='ltr'>Babylonii</span> <span class='ocrx_word' id='word_1_406' title='bbox 1053 1295 1252 1333; x_wconf 87' lang='lat' dir='ltr'>propinatur.</span> <span class='ocrx_word' id='word_1_407' title='bbox 1277 1295 1329 1324; x_wconf 88' lang='lat' dir='ltr'>Sic</span> <span class='ocrx_word' id='word_1_408' title='bbox 1346 1295 1438 1332; x_wconf 85' lang='lat' dir='ltr'>capta</span> <span class='ocrx_word' id='word_1_409' title='bbox 1460 1296 1508 1325; x_wconf 88' lang='lat' dir='ltr'>est</span> <span class='ocrx_word' id='word_1_410' title='bbox 1529 1297 1563 1325; x_wconf 88' lang='lat' dir='ltr'>et</span> 
     </span>
     <span class='ocr_line' id='line_1_79' title="bbox 865 1339 1565 1380; baseline 0.004 -13"><span class='ocrx_word' id='word_1_411' title='bbox 865 1339 995 1369; x_wconf 84' lang='lat' dir='ltr'>confusa</span> <span class='ocrx_word' id='word_1_412' title='bbox 1009 1341 1076 1370; x_wconf 90' lang='lat' dir='ltr'>tota</span> <span class='ocrx_word' id='word_1_413' title='bbox 1092 1341 1208 1371; x_wconf 87' lang='lat' dir='ltr'>civitas</span> <span class='ocrx_word' id='word_1_414' title='bbox 1221 1349 1228 1369; x_wconf 93' lang='lat'>:</span> <span class='ocrx_word' id='word_1_415' title='bbox 1240 1340 1419 1370; x_wconf 87' lang='lat' dir='ltr'>secundum</span> <span class='ocrx_word' id='word_1_416' title='bbox 1430 1341 1565 1380; x_wconf 78' lang='lat' dir='ltr'>gloriam</span> 
     </span>
     <span class='ocr_line' id='line_1_80' title="bbox 864 1385 1387 1425; baseline 0.002 -11"><span class='ocrx_word' id='word_1_417' title='bbox 864 1385 934 1422; x_wconf 91' lang='lat' dir='ltr'>ejus</span> <span class='ocrx_word' id='word_1_418' title='bbox 950 1385 1033 1415; x_wconf 83' lang='lat' dir='ltr'>sacta</span> <span class='ocrx_word' id='word_1_419' title='bbox 1049 1387 1098 1416; x_wconf 91' lang='lat' dir='ltr'>est</span> <span class='ocrx_word' id='word_1_420' title='bbox 1114 1385 1291 1425; x_wconf 83' lang='lat' dir='ltr'>ignominia</span> <span class='ocrx_word' id='word_1_421' title='bbox 1307 1386 1387 1422; x_wconf 83' lang='lat' dir='ltr'>ejuS.</span> 
     </span>
    </p>

    <p class='ocr_par' dir='ltr' id='par_1_15' title="bbox 849 1430 1567 2706">
     <span class='ocr_line' id='line_1_81' title="bbox 903 1430 1566 1468; baseline 0.002 -9"><span class='ocrx_word' id='word_1_422' title='bbox 903 1430 933 1460; x_wconf 90' lang='lat'>6.</span> <span class='ocrx_word' id='word_1_423' title='bbox 961 1431 1106 1461; x_wconf 85' lang='lat' dir='ltr'>Confusis</span> <span class='ocrx_word' id='word_1_424' title='bbox 1141 1431 1291 1461; x_wconf 88' lang='lat' dir='ltr'>omnibus</span> <span class='ocrx_word' id='word_1_425' title='bbox 1304 1452 1313 1468; x_wconf 86' lang='lat'>,</span> <span class='ocrx_word' id='word_1_426' title='bbox 1350 1431 1389 1460; x_wconf 89' lang='lat' dir='ltr'>ad</span> <span class='ocrx_word' id='word_1_427' title='bbox 1422 1431 1566 1461; x_wconf 87' lang='lat' dir='ltr'>dominas</span> 
     </span>
     <span class='ocr_line' id='line_1_82' title="bbox 864 1476 1564 1514; baseline -0.001 -7"><span class='ocrx_word' id='word_1_428' title='bbox 864 1477 964 1508; x_wconf 86' lang='lat' dir='ltr'>tristis</span> <span class='ocrx_word' id='word_1_429' title='bbox 983 1478 1118 1507; x_wconf 73' lang='lat' dir='ltr'>nunttus</span> <span class='ocrx_word' id='word_1_430' title='bbox 1142 1477 1235 1507; x_wconf 87' lang='lat' dir='ltr'>venit</span> <span class='ocrx_word' id='word_1_431' title='bbox 1259 1476 1396 1514; x_wconf 85' lang='lat' dir='ltr'>perditae</span> <span class='ocrx_word' id='word_1_432' title='bbox 1412 1477 1564 1506; x_wconf 87' lang='lat' dir='ltr'>civitatis.</span> 
     </span>
     <span class='ocr_line' id='line_1_83' title="bbox 850 1522 1567 1560; baseline -0.003 -7"><span class='ocrx_word' id='word_1_433' title='bbox 850 1523 1068 1554; x_wconf 65' lang='lat' dir='ltr'>conturbatae</span> <span class='ocrx_word' id='word_1_434' title='bbox 1082 1523 1146 1552; x_wconf 87' lang='lat' dir='ltr'>illae</span> <span class='ocrx_word' id='word_1_435' title='bbox 1162 1522 1300 1560; x_wconf 89' lang='lat' dir='ltr'>pedibus</span> <span class='ocrx_word' id='word_1_436' title='bbox 1314 1522 1416 1552; x_wconf 86' lang='lat' dir='ltr'>Patris</span> <span class='ocrx_word' id='word_1_437' title='bbox 1436 1523 1567 1560; x_wconf 75' lang='lat' dir='ltr'>provol-</span> 
     </span>
     <span class='ocr_line' id='line_1_84' title="bbox 850 1568 1565 1607; baseline -0.003 -8"><span class='ocrx_word' id='word_1_438' title='bbox 850 1570 986 1599; x_wconf 40' lang='lat' dir='ltr'>*vuntur</span> <span class='ocrx_word' id='word_1_439' title='bbox 999 1591 1008 1607; x_wconf 90' lang='lat'>,</span> <span class='ocrx_word' id='word_1_440' title='bbox 1039 1569 1201 1599; x_wconf 82' lang='lat' dir='ltr'>auxilium</span> <span class='ocrx_word' id='word_1_441' title='bbox 1233 1568 1456 1606; x_wconf 86' lang='lat' dir='ltr'>deprecantes.</span> <span class='ocrx_word' id='word_1_442' title='bbox 1485 1569 1565 1597; x_wconf 89' lang='lat' dir='ltr'>Cau-</span> 
     </span>
     <span class='ocr_line' id='line_1_85' title="bbox 849 1593 1565 1652; baseline -0.004 -8"><span class='ocrx_word' id='word_1_443' title='bbox 849 1593 955 1644; x_wconf 74' lang='lat' dir='ltr'>¹sante</span> <span class='ocrx_word' id='word_1_444' title='bbox 980 1615 1056 1652; x_wconf 78' lang='lat'>1110,</span> <span class='ocrx_word' id='word_1_445' title='bbox 1085 1614 1119 1644; x_wconf 82' lang='lat' dir='ltr'>et</span> <span class='ocrx_word' id='word_1_446' title='bbox 1143 1613 1284 1644; x_wconf 78' lang='lat' dir='ltr'>custodis</span> <span class='ocrx_word' id='word_1_447' title='bbox 1308 1612 1419 1642; x_wconf 77' lang='lat' dir='ltr'>Liberi</span> <span class='ocrx_word' id='word_1_448' title='bbox 1439 1613 1565 1642; x_wconf 67' lang='lat' dir='ltr'>arbitra</span> 
     </span>
     <span class='ocr_line' id='line_1_86' title="bbox 864 1658 1566 1699; baseline -0.004 -9"><span class='ocrx_word' id='word_1_449' title='bbox 864 1661 1024 1699; x_wconf 89' lang='lat' dir='ltr'>arguente</span> <span class='ocrx_word' id='word_1_450' title='bbox 1059 1659 1294 1698; x_wconf 82' lang='lat' dir='ltr'>negligentiam</span> <span class='ocrx_word' id='word_1_451' title='bbox 1328 1667 1336 1687; x_wconf 75' lang='grc' dir='ltr'><strong>ε</strong></span> <span class='ocrx_word' id='word_1_452' title='bbox 1373 1658 1456 1695; x_wconf 84' lang='lat' dir='ltr'>Quid</span> <span class='ocrx_word' id='word_1_453' title='bbox 1474 1680 1483 1696; x_wconf 92' lang='lat'>,</span> <span class='ocrx_word' id='word_1_454' title='bbox 1512 1659 1566 1688; x_wconf 87' lang='lat' dir='ltr'>in-</span> 
     </span>
     <span class='ocr_line' id='line_1_87' title="bbox 862 1703 1565 1745; baseline -0.003 -9"><span class='ocrx_word' id='word_1_455' title='bbox 862 1707 1001 1745; x_wconf 82' lang='lat' dir='ltr'>quiunt,</span> <span class='ocrx_word' id='word_1_456' title='bbox 1027 1714 1045 1736; x_wconf 90' lang='lat' dir='ltr'>o</span> <span class='ocrx_word' id='word_1_457' title='bbox 1072 1705 1187 1743; x_wconf 87' lang='lat' dir='ltr'>Pater,</span> <span class='ocrx_word' id='word_1_458' title='bbox 1215 1705 1369 1734; x_wconf 88' lang='lat' dir='ltr'>Liberum</span> <span class='ocrx_word' id='word_1_459' title='bbox 1394 1703 1565 1734; x_wconf 86' lang='lat' dir='ltr'>arbitrium</span> 
     </span>
     <span class='ocr_line' id='line_1_88' title="bbox 864 1749 1564 1790; baseline -0.004 -8"><span class='ocrx_word' id='word_1_460' title='bbox 864 1752 970 1790; x_wconf 81' lang='lat' dir='ltr'>potest</span> <span class='ocrx_word' id='word_1_461' title='bbox 994 1751 1064 1781; x_wconf 92' lang='lat' dir='ltr'>sine</span> <span class='ocrx_word' id='word_1_462' title='bbox 1088 1750 1250 1789; x_wconf 87' lang='lat' dir='ltr'>adjutrice</span> <span class='ocrx_word' id='word_1_463' title='bbox 1275 1749 1398 1789; x_wconf 72' lang='lat' dir='ltr'>gratia?</span> <span class='ocrx_word' id='word_1_464' title='bbox 1422 1750 1461 1780; x_wconf 93' lang='lat' dir='ltr'>Et</span> <span class='ocrx_word' id='word_1_465' title='bbox 1487 1758 1564 1788; x_wconf 87' lang='lat' dir='ltr'>ego,</span> 
     </span>
     <span class='ocr_line' id='line_1_89' title="bbox 850 1795 1566 1837; baseline -0.006 -9"><span class='ocrx_word' id='word_1_466' title='bbox 850 1798 989 1837; x_wconf 50' lang='lat' dir='ltr'>linquit,</span> <span class='ocrx_word' id='word_1_467' title='bbox 1013 1798 1094 1828; x_wconf 92' lang='lat' dir='ltr'>dabo</span> <span class='ocrx_word' id='word_1_468' title='bbox 1110 1797 1247 1836; x_wconf 87' lang='lat' dir='ltr'>gratiam</span> <span class='ocrx_word' id='word_1_469' title='bbox 1263 1805 1271 1825; x_wconf 73' lang='grc' dir='ltr'><strong>ε</strong></span> <span class='ocrx_word' id='word_1_470' title='bbox 1291 1796 1349 1826; x_wconf 89' lang='lat' dir='ltr'>sed</span> <span class='ocrx_word' id='word_1_471' title='bbox 1363 1795 1566 1834; x_wconf 82' lang='lat' dir='ltr'>praemitten-</span> 
     </span>
     <span class='ocr_line' id='line_1_90' title="bbox 849 1838 1565 1891; baseline -0.006 -17"><span class='ocrx_word' id='word_1_472' title='bbox 849 1838 924 1891; x_wconf 45' lang='lat' dir='ltr'>ldus</span> <span class='ocrx_word' id='word_1_473' title='bbox 946 1844 994 1874; x_wconf 87' lang='lat' dir='ltr'>est</span> <span class='ocrx_word' id='word_1_474' title='bbox 1007 1844 1117 1874; x_wconf 85' lang='lat' dir='ltr'>timor.</span> <span class='ocrx_word' id='word_1_475' title='bbox 1131 1844 1202 1881; x_wconf 87' lang='lat' dir='ltr'>lpse</span> <span class='ocrx_word' id='word_1_476' title='bbox 1225 1842 1314 1873; x_wconf 88' lang='lat' dir='ltr'>enim</span> <span class='ocrx_word' id='word_1_477' title='bbox 1338 1841 1468 1880; x_wconf 79' lang='lat' dir='ltr'>praeibit</span> <span class='ocrx_word' id='word_1_478' title='bbox 1490 1843 1565 1871; x_wconf 75' lang='lat' dir='ltr'>ante</span> 
     </span>
     <span class='ocr_line' id='line_1_91' title="bbox 850 1887 1565 1928; baseline -0.007 -8"><span class='ocrx_word' id='word_1_479' title='bbox 850 1891 952 1920; x_wconf 76' lang='lat' dir='ltr'>³illam</span> <span class='ocrx_word' id='word_1_480' title='bbox 968 1898 1081 1928; x_wconf 86' lang='lat' dir='ltr'>parare</span> <span class='ocrx_word' id='word_1_481' title='bbox 1099 1889 1169 1919; x_wconf 87' lang='lat' dir='ltr'>vias</span> <span class='ocrx_word' id='word_1_482' title='bbox 1190 1888 1272 1925; x_wconf 86' lang='lat' dir='ltr'>ejus.</span> <span class='ocrx_word' id='word_1_483' title='bbox 1292 1889 1443 1925; x_wconf 86' lang='lat' dir='ltr'>Egressus</span> <span class='ocrx_word' id='word_1_484' title='bbox 1457 1887 1565 1916; x_wconf 89' lang='lat' dir='ltr'>Timor</span> 
     </span>
     <span class='ocr_line' id='line_1_92' title="bbox 863 1933 1565 1973; baseline -0.004 -8"><span class='ocrx_word' id='word_1_485' title='bbox 863 1945 880 1965; x_wconf 86' lang='lat' dir='ltr'>a</span> <span class='ocrx_word' id='word_1_486' title='bbox 896 1935 979 1966; x_wconf 85' lang='lat' dir='ltr'>facie</span> <span class='ocrx_word' id='word_1_487' title='bbox 990 1935 1139 1973; x_wconf 88' lang='lat' dir='ltr'>Domini,</span> <span class='ocrx_word' id='word_1_488' title='bbox 1154 1935 1247 1965; x_wconf 87' lang='lat' dir='ltr'>venit</span> <span class='ocrx_word' id='word_1_489' title='bbox 1261 1934 1301 1964; x_wconf 88' lang='lat' dir='ltr'>ad</span> <span class='ocrx_word' id='word_1_490' title='bbox 1318 1933 1496 1971; x_wconf 86' lang='lat' dir='ltr'>civitatem,</span> <span class='ocrx_word' id='word_1_491' title='bbox 1508 1933 1565 1962; x_wconf 86' lang='lat' dir='ltr'>ba-</span> 
     </span>
     <span class='ocr_line' id='line_1_93' title="bbox 850 1979 1562 2018; baseline -0.006 -6"><span class='ocrx_word' id='word_1_492' title='bbox 850 1995 851 2004; x_wconf 36' lang='grc' dir='ltr'>π</span> <span class='ocrx_word' id='word_1_493' title='bbox 863 1983 972 2012; x_wconf 92' lang='lat' dir='ltr'>culum</span> <span class='ocrx_word' id='word_1_494' title='bbox 989 1982 1112 2011; x_wconf 87' lang='lat' dir='ltr'>hahens</span> <span class='ocrx_word' id='word_1_495' title='bbox 1125 1980 1304 2018; x_wconf 83' lang='lat' dir='ltr'>disciplinae</span> <span class='ocrx_word' id='word_1_496' title='bbox 1317 1979 1350 2008; x_wconf 92' lang='lat' dir='ltr'>in</span> <span class='ocrx_word' id='word_1_497' title='bbox 1362 1987 1460 2008; x_wconf 89' lang='lat' dir='ltr'>manu</span> <span class='ocrx_word' id='word_1_498' title='bbox 1473 1979 1542 2016; x_wconf 81' lang='lat' dir='ltr'>ejus</span> <span class='ocrx_word' id='word_1_499' title='bbox 1555 1988 1562 2007; x_wconf 79' lang='lat' dir='ltr'>t</span> 
     </span>
     <span class='ocr_line' id='line_1_94' title="bbox 850 2025 1566 2066; baseline -0.006 -8"><span class='ocrx_word' id='word_1_500' title='bbox 850 2041 851 2046; x_wconf 52' lang='lat'>¹</span> <span class='ocrx_word' id='word_1_501' title='bbox 865 2028 1057 2066; x_wconf 82' lang='lat' dir='ltr'>invenitque</span> <span class='ocrx_word' id='word_1_502' title='bbox 1073 2028 1198 2065; x_wconf 85' lang='lat' dir='ltr'>portam</span> <span class='ocrx_word' id='word_1_503' title='bbox 1221 2025 1423 2055; x_wconf 85' lang='lat' dir='ltr'>difficultatis</span> <span class='ocrx_word' id='word_1_504' title='bbox 1438 2025 1566 2054; x_wconf 82' lang='lat' dir='ltr'>obsera-</span> 
     </span>
     <span class='ocr_line' id='line_1_95' title="bbox 862 2072 1566 2112; baseline -0.006 -8"><span class='ocrx_word' id='word_1_505' title='bbox 862 2074 946 2112; x_wconf 86' lang='lat' dir='ltr'>tam,</span> <span class='ocrx_word' id='word_1_506' title='bbox 963 2076 995 2104; x_wconf 88' lang='lat' dir='ltr'>et</span> <span class='ocrx_word' id='word_1_507' title='bbox 1010 2073 1209 2104; x_wconf 86' lang='lat' dir='ltr'>obfirmatam</span> <span class='ocrx_word' id='word_1_508' title='bbox 1222 2072 1370 2102; x_wconf 90' lang='lat' dir='ltr'>vectibus</span> <span class='ocrx_word' id='word_1_509' title='bbox 1385 2072 1477 2101; x_wconf 83' lang='lat' dir='ltr'>malae</span> <span class='ocrx_word' id='word_1_510' title='bbox 1493 2079 1566 2100; x_wconf 85' lang='lat' dir='ltr'>con-</span> 
     </span>
     <span class='ocr_line' id='line_1_96' title="bbox 863 2117 1566 2156; baseline -0.006 -6"><span class='ocrx_word' id='word_1_511' title='bbox 863 2119 1055 2150; x_wconf 84' lang='lat' dir='ltr'>suetudinis.</span> <span class='ocrx_word' id='word_1_512' title='bbox 1071 2119 1195 2148; x_wconf 88' lang='lat' dir='ltr'>Janitor</span> <span class='ocrx_word' id='word_1_513' title='bbox 1209 2125 1329 2156; x_wconf 87' lang='lat' dir='ltr'>procax</span> <span class='ocrx_word' id='word_1_514' title='bbox 1346 2118 1379 2148; x_wconf 91' lang='lat' dir='ltr'>et</span> <span class='ocrx_word' id='word_1_515' title='bbox 1399 2117 1566 2156; x_wconf 82' lang='lat' dir='ltr'>improbus</span> 
     </span>
     <span class='ocr_line' id='line_1_97' title="bbox 862 2162 1565 2202; baseline -0.003 -8"><span class='ocrx_word' id='word_1_516' title='bbox 862 2163 972 2195; x_wconf 84' lang='lat' dir='ltr'>Carnis</span> <span class='ocrx_word' id='word_1_517' title='bbox 986 2164 1120 2194; x_wconf 87' lang='lat' dir='ltr'>lascivia</span> <span class='ocrx_word' id='word_1_518' title='bbox 1137 2164 1169 2193; x_wconf 91' lang='lat' dir='ltr'>in</span> <span class='ocrx_word' id='word_1_519' title='bbox 1182 2163 1283 2202; x_wconf 88' lang='lat' dir='ltr'>portis</span> <span class='ocrx_word' id='word_1_520' title='bbox 1304 2163 1438 2200; x_wconf 85' lang='lat' dir='ltr'>aderat,</span> <span class='ocrx_word' id='word_1_521' title='bbox 1454 2163 1510 2201; x_wconf 89' lang='lat' dir='ltr'>qui</span> <span class='ocrx_word' id='word_1_522' title='bbox 1524 2162 1565 2192; x_wconf 83' lang='lat' dir='ltr'>ti-</span> 
     </span>
     <span class='ocr_line' id='line_1_98' title="bbox 863 2207 1567 2246; baseline -0.006 -6"><span class='ocrx_word' id='word_1_523' title='bbox 863 2211 945 2240; x_wconf 88' lang='lat' dir='ltr'>mori</span> <span class='ocrx_word' id='word_1_524' title='bbox 966 2210 1045 2240; x_wconf 87' lang='lat' dir='ltr'>satis</span> <span class='ocrx_word' id='word_1_525' title='bbox 1067 2208 1223 2246; x_wconf 86' lang='lat' dir='ltr'>infestus,</span> <span class='ocrx_word' id='word_1_526' title='bbox 1238 2207 1421 2246; x_wconf 90' lang='lat' dir='ltr'>opprobriis</span> <span class='ocrx_word' id='word_1_527' title='bbox 1437 2209 1470 2237; x_wconf 90' lang='lat' dir='ltr'>et</span> <span class='ocrx_word' id='word_1_528' title='bbox 1493 2216 1567 2237; x_wconf 83' lang='lat' dir='ltr'>con-</span> 
     </span>
     <span class='ocr_line' id='line_1_99' title="bbox 849 2253 1565 2293; baseline -0.007 -6"><span class='ocrx_word' id='word_1_529' title='bbox 849 2257 957 2287; x_wconf 51' lang='lat' dir='ltr'>¹viciis</span> <span class='ocrx_word' id='word_1_530' title='bbox 978 2264 1053 2286; x_wconf 89' lang='lat' dir='ltr'>eum</span> <span class='ocrx_word' id='word_1_531' title='bbox 1068 2254 1234 2293; x_wconf 83' lang='lat' dir='ltr'>fatigabat.</span> <span class='ocrx_word' id='word_1_532' title='bbox 1257 2254 1297 2284; x_wconf 91' lang='lat' dir='ltr'>At</span> <span class='ocrx_word' id='word_1_533' title='bbox 1322 2254 1379 2283; x_wconf 90' lang='lat' dir='ltr'>ille</span> <span class='ocrx_word' id='word_1_534' title='bbox 1398 2253 1482 2283; x_wconf 83' lang='lat' dir='ltr'>facto</span> <span class='ocrx_word' id='word_1_535' title='bbox 1504 2254 1565 2282; x_wconf 86' lang='lat' dir='ltr'>im—</span> 
     </span>
     <span class='ocr_line' id='line_1_100' title="bbox 863 2300 1565 2342; baseline -0.009 -9"><span class='ocrx_word' id='word_1_536' title='bbox 863 2304 942 2342; x_wconf 88' lang='lat' dir='ltr'>petu</span> <span class='ocrx_word' id='word_1_537' title='bbox 975 2301 1121 2339; x_wconf 86' lang='lat' dir='ltr'>fiduciae,</span> <span class='ocrx_word' id='word_1_538' title='bbox 1157 2301 1309 2339; x_wconf 80' lang='lat' dir='ltr'>frangens</span> <span class='ocrx_word' id='word_1_539' title='bbox 1337 2300 1448 2330; x_wconf 88' lang='lat' dir='ltr'>vectes</span> <span class='ocrx_word' id='word_1_540' title='bbox 1473 2301 1565 2328; x_wconf 68' lang='lat' dir='ltr'>mala)</span> 
     </span>
     <span class='ocr_line' id='line_1_101' title="bbox 864 2344 1564 2385; baseline -0.011 -6"><span class='ocrx_word' id='word_1_541' title='bbox 864 2347 1126 2385; x_wconf 89' lang='lat' dir='ltr'>consuetudinis,</span> <span class='ocrx_word' id='word_1_542' title='bbox 1142 2347 1251 2385; x_wconf 88' lang='lat' dir='ltr'>portas</span> <span class='ocrx_word' id='word_1_543' title='bbox 1275 2346 1408 2376; x_wconf 87' lang='lat' dir='ltr'>diruens</span> <span class='ocrx_word' id='word_1_544' title='bbox 1427 2344 1564 2374; x_wconf 81' lang='lat' dir='ltr'>difficul-</span> 
     </span>
     <span class='ocr_line' id='line_1_102' title="bbox 862 2389 1562 2432; baseline -0.011 -8"><span class='ocrx_word' id='word_1_545' title='bbox 862 2395 956 2432; x_wconf 86' lang='lat' dir='ltr'>tatis,</span> <span class='ocrx_word' id='word_1_546' title='bbox 976 2395 1132 2424; x_wconf 87' lang='lat' dir='ltr'>miserum</span> <span class='ocrx_word' id='word_1_547' title='bbox 1157 2393 1251 2422; x_wconf 92' lang='lat' dir='ltr'>illum</span> <span class='ocrx_word' id='word_1_548' title='bbox 1276 2391 1430 2428; x_wconf 86' lang='lat' dir='ltr'>corripit,</span> <span class='ocrx_word' id='word_1_549' title='bbox 1460 2390 1493 2418; x_wconf 85' lang='lat' dir='ltr'>et</span> <span class='ocrx_word' id='word_1_550' title='bbox 1508 2389 1562 2417; x_wconf 80' lang='lat' dir='ltr'>ba-</span> 
     </span>
     <span class='ocr_line' id='line_1_103' title="bbox 864 2434 1562 2478; baseline -0.013 -8"><span class='ocrx_word' id='word_1_551' title='bbox 864 2441 936 2470; x_wconf 94' lang='lat' dir='ltr'>culo</span> <span class='ocrx_word' id='word_1_552' title='bbox 954 2448 1027 2470; x_wconf 90' lang='lat' dir='ltr'>eum</span> <span class='ocrx_word' id='word_1_553' title='bbox 1044 2439 1225 2478; x_wconf 85' lang='lat' dir='ltr'>disciplinae</span> <span class='ocrx_word' id='word_1_554' title='bbox 1241 2445 1337 2476; x_wconf 86' lang='lat' dir='ltr'>quem</span> <span class='ocrx_word' id='word_1_555' title='bbox 1353 2434 1496 2469; x_wconf 85' lang='lat' dir='ltr'>tenebat,</span> <span class='ocrx_word' id='word_1_556' title='bbox 1513 2442 1562 2462; x_wconf 69' lang='lat' dir='ltr'>us-</span> 
     </span>
     <span class='ocr_line' id='line_1_104' title="bbox 863 2479 1562 2524; baseline -0.013 -8"><span class='ocrx_word' id='word_1_557' title='bbox 863 2494 926 2524; x_wconf 88' lang='lat' dir='ltr'>que</span> <span class='ocrx_word' id='word_1_558' title='bbox 953 2485 993 2515; x_wconf 87' lang='lat' dir='ltr'>ad</span> <span class='ocrx_word' id='word_1_559' title='bbox 1016 2485 1156 2515; x_wconf 88' lang='lat' dir='ltr'>mortem</span> <span class='ocrx_word' id='word_1_560' title='bbox 1180 2482 1333 2522; x_wconf 84' lang='lat' dir='ltr'>perurget</span> <span class='ocrx_word' id='word_1_561' title='bbox 1357 2489 1364 2508; x_wconf 75' lang='grc' dir='ltr'>ι</span> <span class='ocrx_word' id='word_1_562' title='bbox 1389 2479 1562 2516; x_wconf 81' lang='lat' dir='ltr'>statimque</span> 
     </span>
     <span class='ocr_line' id='line_1_105' title="bbox 863 2525 1561 2569; baseline -0.007 -8"><span class='ocrx_word' id='word_1_563' title='bbox 863 2531 989 2569; x_wconf 81' lang='lat' dir='ltr'>signum</span> <span class='ocrx_word' id='word_1_564' title='bbox 1001 2530 1205 2561; x_wconf 89' lang='lat' dir='ltr'>advenientis</span> <span class='ocrx_word' id='word_1_565' title='bbox 1221 2527 1328 2565; x_wconf 84' lang='lat' dir='ltr'>gratiae</span> <span class='ocrx_word' id='word_1_566' title='bbox 1342 2532 1439 2562; x_wconf 74' lang='lat' dir='ltr'>super</span> <span class='ocrx_word' id='word_1_567' title='bbox 1454 2525 1561 2561; x_wconf 76' lang='lat' dir='ltr'>portus</span> 
     </span>
     <span class='ocr_line' id='line_1_106' title="bbox 865 2570 1561 2615; baseline -0.016 -7"><span class='ocrx_word' id='word_1_568' title='bbox 865 2578 1014 2615; x_wconf 80' lang='lat' dir='ltr'>elevans,</span> <span class='ocrx_word' id='word_1_569' title='bbox 1048 2577 1146 2606; x_wconf 87' lang='lat' dir='ltr'>totam</span> <span class='ocrx_word' id='word_1_570' title='bbox 1162 2573 1330 2604; x_wconf 79' lang='lat' dir='ltr'>civitatem</span> <span class='ocrx_word' id='word_1_571' title='bbox 1354 2570 1453 2601; x_wconf 78' lang='lat' dir='ltr'>vertit</span> <span class='ocrx_word' id='word_1_572' title='bbox 1470 2570 1503 2598; x_wconf 88' lang='lat' dir='ltr'>in</span> <span class='ocrx_word' id='word_1_573' title='bbox 1520 2570 1561 2598; x_wconf 83' lang='lat' dir='ltr'>ti-</span> 
     </span>
     <span class='ocr_line' id='line_1_107' title="bbox 864 2615 1561 2658; baseline -0.017 -4"><span class='ocrx_word' id='word_1_574' title='bbox 864 2631 1000 2653; x_wconf 81' lang='lat' dir='ltr'>morem.</span> <span class='ocrx_word' id='word_1_575' title='bbox 1023 2622 1094 2652; x_wconf 83' lang='lat' dir='ltr'>Post</span> <span class='ocrx_word' id='word_1_576' title='bbox 1126 2626 1221 2658; x_wconf 89' lang='lat' dir='ltr'>quem</span> <span class='ocrx_word' id='word_1_577' title='bbox 1243 2616 1350 2646; x_wconf 82' lang='lat' dir='ltr'>Gratia</span> <span class='ocrx_word' id='word_1_578' title='bbox 1378 2615 1561 2653; x_wconf 84' lang='lat' dir='ltr'>ingreditur</span> 
     </span>
     <span class='ocr_line' id='line_1_108' title="bbox 867 2660 1560 2706; baseline -0.014 -7"><span class='ocrx_word' id='word_1_579' title='bbox 867 2668 1054 2706; x_wconf 82' lang='lat' dir='ltr'>civitatem,</span> <span class='ocrx_word' id='word_1_580' title='bbox 1080 2673 1188 2696; x_wconf 76' lang='lat' dir='ltr'>secum</span> <span class='ocrx_word' id='word_1_581' title='bbox 1211 2663 1314 2693; x_wconf 88' lang='lat' dir='ltr'>totum</span> <span class='ocrx_word' id='word_1_582' title='bbox 1342 2661 1432 2692; x_wconf 89' lang='lat' dir='ltr'>illum</span> <span class='ocrx_word' id='word_1_583' title='bbox 1450 2660 1560 2690; x_wconf 66' lang='lat' dir='ltr'>Virtu-</span> 
     </span>
    </p>
   </div>
   <div class='ocr_carea' id='block_1_12' title="bbox 850 321 854 1769">
    <p class='ocr_par' dir='ltr' id='par_1_16' title="bbox 850 321 854 1769">
     <span class='ocr_line' id='line_1_109' title="bbox 850 321 854 1769; baseline 0 0"><span class='ocrx_word' id='word_1_584' title='bbox 850 321 854 1769; x_wconf 95' lang='lat' dir='ltr'> </span> 
     </span>
    </p>
   </div>
   <div class='ocr_carea' id='block_1_13' title="bbox 848 1913 852 2616">
    <p class='ocr_par' dir='ltr' id='par_1_17' title="bbox 848 1913 852 2616">
     <span class='ocr_line' id='line_1_110' title="bbox 848 1913 852 2616; baseline 0 0"><span class='ocrx_word' id='word_1_585' title='bbox 848 1913 852 2616; x_wconf 95' lang='lat' dir='ltr'> </span> 
     </span>
    </p>
   </div>
  </div>
 </body>
</html>
