1830 3073
318 242 376 273 116

314 296 557 336 sterquilinium
570 297 636 328 vile
648 297 799 335 custodit3
810 297 866 335 qui
880 294 1018 325 custodit

315 351 430 381 corpus
445 351 551 381 sumn,
566 343 715 382 Apostolo
731 342 812 371 test:
835 350 841 368 ε
865 340 1018 378 Quoniam

315 389 368 426 qui
381 389 513 419 seminat
532 389 564 418 in
579 396 684 424 carne,
701 388 734 416 de
747 394 840 415 carne
852 385 941 414 metet
953 392 1019 412 cor-

314 436 487 474 ruptionem
501 445 510 464 :
526 436 580 473 qui
593 443 677 469 vcro,
704 431 823 469 inquit,
840 431 872 459 in
896 430 1018 467 spirim,

313 481 349 510 de
359 482 469 520 spii-itu
480 482 570 510 metet
584 481 677 510 vitam
689 480 850 507 [eternam.
867 476 911 504 Ac
929 474 955 504 si
971 474 1020 504 di-

314 526 387 564 cat,
414 526 605 562 colendum,
631 521 879 554 custodiendum
918 520 1020 558 magis

313 573 430 602 animae
459 572 620 608 castrum,
646 568 801 608 quoniam
833 568 954 598 aeterna
978 575 1020 597 ex

314 619 384 656 ipso
399 618 467 647 vita
481 615 641 655 procedit.
652 614 715 644 Sed
730 613 872 644 castrum
888 613 975 643 istud
987 613 1020 643 in

313 663 613 693 terrainimicorum
629 661 728 691 situm
736 659 882 697 undique
893 659 1021 698 impug-

313 709 428 739 natur:
446 708 611 738 etidcirco
627 706 713 738 omni
731 705 890 742 custodia,
913 705 947 734 id
973 705 1021 735 est

314 762 356 783 ex
371 754 459 783 omni
490 754 601 791 parte,
626 752 774 790 vigilanti
801 751 1020 781 sollicitudine

315 800 361 829 est
378 800 605 837 muniendum,
618 799 765 836 inferius,
774 797 935 835 superius,
945 798 1020 827 ante

314 846 347 876 et
359 847 464 883 retr03
482 854 498 876 a
523 846 648 876 dextris
664 846 697 874 et
712 844 863 874 sinistris.
880 843 1022 873 Interius

313 892 485 930 impugnat
515 890 781 929 concupiscentia
804 889 927 926 carnis,
950 898 1022 928 quae

313 938 435 968 militat
467 939 621 968 adversus
650 937 812 973 animam3
843 936 920 974 quia
949 943 1021 964 caro

314 983 515 1022 concupiscit
527 983 681 1013 adversus
692 982 854 1020 spiritum.
867 981 1022 1019 Superius

314 1029 467 1059 imminet
480 1029 642 1066 judicium
657 1028 717 1057 Dei
732 1036 739 1055 ι
754 1027 959 1057 Horrendum
975 1027 1023 1056 est

316 1076 405 1104 enirn
421 1075 568 1105 incidere
591 1075 625 1104 in
640 1082 754 1103 manus
779 1073 841 1102 Dei
864 1072 1020 1102 viventis.

314 1120 459 1150 Sollicite
504 1120 582 1150 satis
622 1120 682 1149 hac
709 1119 803 1158 parte
833 1126 887 1148 cor
928 1127 1021 1148 suum

315 1167 533 1203 custodierat,
551 1165 607 1204 qui
622 1165 773 1195 dicebat:
796 1166 921 1202 Semper
942 1165 1021 1194 enim

315 1214 406 1251 quasi
431 1215 576 1243 tumentes
601 1221 692 1250 super
725 1220 773 1241 me
797 1212 908 1248 fluctus
936 1212 1025 1240 timui

316 1261 430 1289 Deum.
447 1260 546 1289 Retro
569 1257 736 1288 mortifera
760 1256 935 1287 delectatio
954 1257 1022 1293 est,

316 1313 386 1342 quae
402 1305 506 1335 oritur
527 1313 568 1335 ex
586 1304 814 1334 recordatione
839 1302 1023 1341 praeterito-

316 1359 389 1380 rum
414 1352 621 1389 peccatorum
637 1359 644 1379 :
661 1351 735 1380 ante
746 1372 754 1388 ,
779 1348 935 1378 instantia
951 1349 1024 1378 ten—

317 1397 477 1427 tationum
495 1407 502 1426 :
520 1406 537 1427 a
552 1396 691 1427 sinistris
707 1403 786 1425 vero
805 1394 1023 1432 arrogantium

788 244 816 270 S.
839 241 1073 270 BERNARDI
1094 241 1287 269 AnBATis

1053 293 1202 324 humanae
1227 295 1332 325 laudis
1366 295 1505 334 intelligi
1538 304 1544 324 :
1572 296 1752 334 meritoque

1051 347 1115 368 non
1140 340 1181 369 ab
1201 341 1306 380 omni,
1330 342 1385 371 sed
1409 341 1623 372 immoderato
1645 343 1754 371 mellis

1052 384 1148 421 hujus
1160 386 1268 416 edulio
1283 387 1506 425 prohibemur.
1516 388 1569 418 Est
1585 388 1752 418 enimcum

1052 430 1177 460 utiliter
1190 431 1347 462 humanas
1360 432 1473 462 laudes
1484 433 1674 471 recipimus,
1691 432 1754 462 fra-

1052 477 1150 507 ternae
1163 477 1336 507 dumtaxat
1350 478 1473 508 intuitu
1487 479 1634 509 caritatis
1643 500 1653 516 ,
1669 479 1703 508 et
1714 477 1754 507 ad

1050 523 1189 552 salutem
1205 531 1329 562 eorum,
1347 523 1404 562 qui
1419 523 1511 554 nobis
1523 525 1697 562 propterea
1707 523 1755 552 fa-

1051 568 1145 598 cilius
1162 570 1387 608 acquiescunt.
1409 570 1476 599 Hac
1501 578 1575 607 ergo
1596 569 1755 608 parcitate

1050 615 1178 644 servata
1189 637 1198 652 ,
1211 616 1320 645 mellis
1337 615 1436 652 hujus
1451 615 1616 645 moderata
1632 623 1756 645 comes-

1050 660 1095 689 tio
1110 669 1174 690 non
1190 661 1335 691 nocebit.
1357 661 1391 691 Si
1413 661 1494 699 quid
1513 668 1592 691 vero
1614 661 1756 699 amplius

1051 706 1111 744 est,
1123 714 1141 736 a
1156 708 1240 736 malo
1253 708 1313 745 est,
1330 707 1364 737 et
1378 707 1413 736 in
1421 706 1601 745 perniciem
1618 714 1758 736 conver—

1054 752 1150 782 tetur.
1173 753 1308 783 Invento
1329 754 1418 783 enim
1441 753 1541 783 melle
1560 752 1755 782 immodera-

1051 798 1115 827 tius
1126 798 1281 836 vescitur,
1290 799 1437 837 quisquis
1449 806 1618 836 apponens
1625 797 1756 827 omnino

1051 851 1105 872 cor
1118 852 1225 882 suum,
1241 844 1350 873 favore
1364 844 1513 874 humanae
1528 843 1634 873 laudis
1659 841 1757 872 intla-

1034 929 1037 935 ν
1052 889 1115 927 tur,
1131 889 1338 927 incrassatur,
1353 890 1600 928 impinguatur:
1614 897 1631 918 a
1642 896 1706 927 quo
1721 896 1755 918 se

1051 935 1210 973 Propheta
1235 937 1364 966 sanctus
1385 935 1539 966 custodiri
1564 934 1757 973 deprecatur

1036 971 1068 1013 Ta
1080 981 1217 1011 Domino
1228 1004 1237 1020 ,
1252 990 1316 1012 non
1328 982 1461 1020 quidem
1476 981 1601 1018 mellis,
1617 980 1674 1011 sed
1692 979 1756 1010 olei

1051 1027 1128 1056 satis
1143 1027 1251 1056 vicina
1277 1026 1496 1065 appellatione
1524 1026 1632 1064 ipsum
1657 1034 1754 1064 quem

1051 1074 1262 1113 praediximus
1298 1073 1442 1103 savorem
1465 1072 1671 1110 exprimens,
1699 1071 1756 1100 ubi

1052 1120 1113 1150 ait:
1124 1120 1230 1150 Oleum
1238 1120 1340 1149 autem
1347 1118 1512 1156 peccatoris
1520 1126 1582 1147 non
1591 1117 1757 1155 impinguet

1051 1167 1143 1204 caput
1169 1174 1283 1194 meum.
1300 1165 1355 1193 Vis
1377 1171 1469 1193 nosse
1485 1162 1612 1201 quando
1629 1163 1758 1192 evomat

1052 1214 1283 1244 immoderatus
1299 1213 1446 1251 epulator
1466 1211 1574 1241 mellis
1590 1211 1733 1241 edulium
1744 1231 1756 1246 ,

1052 1259 1136 1298 quod
1151 1267 1252 1297 usque
1268 1258 1308 1288 ad
1324 1258 1510 1288 satietatem
1525 1264 1671 1293 sumens,
1687 1264 1757 1285 mo-

1051 1306 1127 1335 dum
1140 1304 1307 1343 parcitatis
1321 1302 1485 1334 excessit?
1500 1303 1589 1332 Tunc
1606 1302 1677 1331 sine
1694 1301 1754 1331 du-

1052 1351 1106 1380 bio
1122 1350 1245 1387 laudes,
1254 1350 1372 1388 quibus
1383 1349 1574 1386 satiabatur,
1583 1355 1647 1377 non
1655 1347 1755 1376 alium

1037 1391 1194 1431 'ltructum
1210 1403 1377 1434 quaerens,
1395 1394 1452 1424 sed
1466 1393 1576 1423 favore
1593 1394 1660 1431 ipso
1680 1400 1756 1422 con-

317 1443 453 1472 fratrum
470 1445 502 1473 et
516 1442 789 1472 murmurantium
806 1440 998 1478 inquietudo
1015 1451 1022 1470 :
1039 1436 1163 1475 'tentus
1179 1445 1341 1481 human03
1367 1445 1463 1481 tunc,
1485 1443 1633 1480 inquam,
1656 1441 1757 1470 mulla

318 1498 335 1518 a
353 1489 476 1518 dextris
491 1488 716 1518 obedientium
732 1487 869 1517 fratrum
881 1486 1022 1516 devotio.
1054 1500 1125 1521 cum
1144 1491 1313 1521 anxietate
1330 1490 1463 1527 evomit,
1487 1480 1573 1527 q'uod
1597 1495 1670 1517 cum
1685 1495 1758 1524 pcr-

317 1536 452 1565 Possunt
468 1536 557 1565 enim
572 1535 605 1564 hi
619 1542 747 1572 quoque
759 1532 835 1571 (nisi
849 1532 1021 1570 caveatur)
1052 1537 1174 1567 niciosa
1182 1536 1401 1566 delectatione
1410 1534 1564 1571 comedit,
1575 1532 1756 1563 eumalium

317 1581 442 1611 duobus
458 1590 575 1611 nocere
591 1581 694 1610 modis
711 1589 718 1608 :
737 1579 791 1609 aut
806 1579 899 1608 honis
912 1586 1021 1607 eorum
1038 1613 1039 1620 ἵ
1053 1583 1233 1620 quemlibet
1246 1581 1371 1611 laudari
1393 1581 1528 1610 audiens
1542 1579 1667 1609 invidia
1680 1586 1756 1607 con—

318 1627 445 1656 actihus
462 1626 656 1663 invidendo,
673 1626 729 1655 aut
743 1624 941 1662 singularem
952 1632 1024 1662 gra-

317 1672 395 1702 tiam
413 1673 607 1702 aemulando.

359 1718 389 1747 5.
400 1717 521 1756 Vigilet
536 1725 611 1755 ergo
627 1717 781 1746 adversus
796 1723 927 1746 carnem
937 1715 1025 1753 rigor

319 1763 501 1802 ‹lisciplinae
517 1773 524 1792 ε
541 1764 651 1793 contra
671 1763 834 1800 judicium
849 1761 922 1798 Dei,
936 1761 1024 1798 judi·
1039 1760 1041 1774 ¹

319 1809 404 1839 cium
421 1809 560 1848 propriae
582 1808 812 1845 confessionis3
840 1808 873 1838 et
898 1804 958 1837 hoc
984 1809 1022 1837 sil

319 1856 455 1893 duplex,
473 1855 684 1885 manifestum
702 1855 741 1885 de
757 1853 938 1884 manifestis
949 1875 958 1891 ,
972 1862 1024 1883 oc-

319 1902 442 1931 cultum
465 1902 505 1931 de
535 1901 684 1931 occultis.
700 1901 792 1930 Unde
820 1901 866 1930 ait
893 1901 1023 1938 Aposto-

318 1949 368 1978 lus
384 1957 391 1976 :
409 1949 444 1978 Si
463 1949 660 1986 nosmetipsos
688 1948 924 1985 dijudicaremus
936 1967 946 1982 ,
963 1955 1023 1975 non

317 1996 420 2032 utique
435 1994 661 2032 judicaremur.
685 1993 801 2023 Contra
828 1992 1025 2022 delectatio-

317 2049 408 2079 nem,
421 2049 493 2079 quae
503 2040 698 2079 proceditde
709 2039 933 2069 recordatione
943 2047 1025 2077 prae-

319 2087 490 2117 teritorum
506 2087 734 2124 peccatorum,
756 2084 939 2123 trequentIa
962 2085 1026 2114 lec—

320 2134 441 2162 tionis:
467 2135 579 2163 contra
607 2132 796 2162 instantiam
818 2129 1023 2167 tentationis,

322 2179 475 2209 instantia
503 2178 661 2217 supplicis
695 2177 849 2208 orationis
876 2185 884 2206 :
916 2177 1024 2206 contra

320 2224 455 2254 fratrum
485 2225 766 2263 inquietudinem,
797 2222 958 2261 patientia
995 2224 1024 2251 ct

321 2271 520 2308 compassio:
539 2271 695 2300 adversus
716 2268 942 2299 obedientium
965 2267 1025 2296 fra-

321 2317 406 2344 trum
419 2315 592 2353 fervorem,
608 2315 842 2353 congratulatio
858 2315 891 2343 et
907 2313 1027 2343 discre-

322 2362 378 2391 tio.
402 2361 639 2399 congratulatio
665 2362 753 2391 enim
776 2359 915 2399 expellit
940 2359 1027 2388 invi-

322 2408 427 2444 diam,
453 2406 605 2437 discretio
621 2406 756 2435 nimiam
771 2404 1024 2436 aemulationem.

462 2516 632 2550 SERMO
664 2515 882 2549 LXXXIII.

363 2589 422 2618 Mel
440 2587 601 2618 invenisti?
622 2588 687 2618 noli
709 2587 840 2617 multum
855 2588 1024 2624 comedere,

323 2644 360 2666 ne
373 2635 450 2673 forte
464 2635 594 2665 satiatus
605 2642 725 2669 evomas
743 2633 828 2663 illud.
844 2633 954 2662 Potest
962 2640 1023 2661 non

326 2682 501 2720 incongrue
512 2680 572 2711 hoc
584 2681 654 2711 loco
669 2679 775 2710 mellis
790 2678 921 2709 nomine
936 2677 1026 2708 favor

1038 1626 1202 1667 {tabescih
1219 1628 1308 1656 Mens
1319 1627 1408 1656 enim
1424 1626 1533 1656 dedita
1549 1623 1701 1660 vanitati,
1723 1624 1757 1652 ct

1038 1673 1236 1729 *arrogantia
1262 1673 1411 1709 tumens,
1440 1671 1570 1700 laudem
1597 1668 1753 1705 alterius,

1039 1740 1040 1755 t
1054 1727 1145 1749 suam
1159 1717 1290 1756 reputat
1306 1717 1592 1755 vituperationem.

1199 1825 1256 1857 SE
1261 1824 1367 1856 RMO
1404 1822 1616 1856 LXXXIV.

1096 1898 1125 1927 l.
1143 1897 1217 1927 Duo
1232 1897 1302 1926 loca
1327 1895 1403 1926 sunt
1422 1894 1540 1924 animae
1562 1892 1754 1923 rationalis:

1055 1944 1200 1980 inferIor,
1232 1949 1331 1980 quem
1360 1941 1466 1978 regit3
1490 1940 1523 1969 et
1543 1939 1692 1977 superior
1720 1939 1754 1966 in

1054 1998 1116 2029 quo
1145 1988 1333 2026 requiescit.
1361 1986 1516 2023 Interior,
1532 1992 1630 2023 quem
1652 1984 1756 2021 regit,

1055 2044 1188 2074 corpus3
1204 2033 1363 2072 superior,
1376 2032 1410 2061 in
1420 2040 1483 2070 quo
1494 2031 1645 2069 quiescit,
1657 2031 1756 2065 Deus,

1055 2083 1101 2112 De
1115 2083 1252 2119 utroque
1277 2078 1384 2117 potest
1403 2078 1493 2107 recte
1511 2076 1650 2114 intelligi
1672 2075 1758 2113 quod

1056 2128 1209 2166 scriptum
1226 2125 1294 2155 est:
1314 2125 1348 2155 Si
1361 2124 1530 2154 ascenderit
1551 2131 1642 2161 super
1657 2123 1682 2151 te
1694 2121 1757 2159 spi-

1056 2175 1133 2203 ritus
1142 2173 1320 2212 potestatem
1332 2169 1470 2200 habentis
1480 2190 1489 2205 ‚
1505 2169 1605 2198 locum
1621 2170 1704 2198 ίιιῑιιη
1720 2175 1757 2195 ne

1056 2220 1226 2249 dinziseris:
1241 2217 1295 2247 vel
1320 2215 1510 2245 interiorem
1540 2213 1684 2250 scilicet,
1707 2221 1759 2242 re-

1057 2265 1178 2304 gendo3
1212 2263 1266 2294 vel
1298 2261 1518 2300 superiorem,
1547 2258 1757 2298 quiescendo.

1057 2311 1119 2341 Sed
1135 2311 1194 2340 hoc
1210 2308 1294 2348 quod
1315 2307 1407 2346 prius
1422 2305 1509 2343 dixi,
1532 2304 1688 2334 convenit
1706 2311 1759 2334 rit-

1057 2359 1152 2388 dibus
1167 2356 1273 2386 adhuc
1290 2356 1322 2385 et
1341 2352 1564 2392 imperfectis,
1579 2351 1697 2389 quibus
1711 2350 1760 2379 lo-

1057 2404 1168 2443 quitur
1186 2402 1356 2441 Apostolus
1370 2409 1377 2429 :
1391 2401 1573 2429 Humanum
1588 2398 1654 2426 dico
1667 2405 1760 2435 prop-

1059 2453 1102 2480 ter
1136 2450 1347 2487 infirmitatem
1377 2445 1481 2476 carnis
1520 2445 1640 2474 vestroe.
1673 2442 1759 2472 Sicut

1058 2497 1138 2526 enim
1161 2494 1341 2525 exhibuistis
1365 2491 1504 2522 membra
1523 2491 1626 2520 vestra
1646 2489 1759 2518 servire

1058 2541 1258 2571 immunditiae
1273 2541 1300 2569 et
1313 2537 1469 2577 iniquitati
1488 2536 1527 2565 ad
1552 2535 1758 2572 iniquitatem,

1058 2587 1101 2616 ita
1116 2594 1198 2615 nnnc
1212 2584 1349 2615 exbibete
1374 2581 1514 2612 membra
1528 2581 1630 2609 vestra
1648 2579 1759 2609 servire

1053 2633 1180 2669 jitstitiae
1195 2632 1226 2661 in
1242 2628 1524 2666 sanctificationem.
1539 2624 1645 2654 Habet
1662 2623 1759 2662 quip-

1060 2685 1099 2716 pe
1117 2676 1221 2706 anima
1237 2675 1297 2705 tria
1310 2674 1414 2704 tacere
1429 2672 1461 2702 in
1476 2678 1608 2710 corpore
1619 2692 1628 2708 ,
1652 2667 1762 2707 vivi'i->
