1846 3078
560 226 606 255 IN
627 224 827 255 CANTICA
847 224 998 253 sssnmo
1020 223 1113 253 Lm.

134 280 233 323 dine,
259 281 316 313 vix
339 287 511 321 umquam,
539 282 592 312 vel
620 289 692 311 raro
716 287 829 310 secure

134 330 226 361 vacat
238 328 313 367 sibi,
327 328 404 358 dum
419 335 548 365 semper
558 327 652 357 timet
664 326 713 356 sui
726 334 830 364 penu-

132 375 214 404 riam
234 375 341 404 facere
369 373 507 403 subditis
521 395 530 411 ,
559 374 591 402 ct
619 380 681 402 non
700 372 829 410 placere

132 420 222 457 Deo',
237 419 323 458 quod
338 419 502 449 communi
515 418 651 448 utilitati
666 417 827 455 propriam

129 464 262 502 praefert
289 463 434 502 quietem
447 485 456 501 ,
488 463 520 493 et
548 461 828 500 contemplationis

128 508 347 539 dulcedinem.
371 510 440 539 Non
462 509 568 539 autem
589 515 701 546 parum
718 506 827 545 gaudii

126 553 161 584 et
171 554 354 584 securitatis
368 554 494 584 accedit
510 553 673 583 interdum
685 550 828 580 suaviter

125 598 269 637 ferianti,
286 608 360 630 cum
375 608 418 630 ex
429 600 519 628 metu
530 598 669 637 quodam
685 597 717 625 et
731 604 827 626 reve-

125 645 230 674 rentia
243 653 316 682 erga
335 653 369 675 se
385 644 527 674 immissa
543 642 701 673 divinitus
722 640 828 670 cordi-

124 688 185 719 bus
206 690 428 727 suDditorum,
458 687 613 725 intelligit
639 695 732 716 suam
756 687 826 715 Deo

125 735 254 772 placere
276 736 420 773 quietem
433 756 442 772 ,
455 735 510 772 qui
525 733 604 762 facit
618 733 653 762 ut
674 731 721 761 illi
735 739 826 769 aequo

124 781 225 818 magis
250 781 361 810 animo
389 787 462 808 suas
488 777 699 807 necessitates
728 776 826 806 susti-

122 827 234 863 neant,
249 833 345 864 quam
360 823 461 862 patris
476 823 654 861 spiritualis
668 822 757 860 grata
768 829 826 850 au-

123 870 220 900 deant
233 871 297 900 otia
306 870 429 900 temere
439 869 645 907 perturbare.
655 867 824 904 Nanijusta

121 915 295 954 trepidatio
308 916 516 954 parvulorum
525 913 696 943 manifeste
706 913 823 951 signat,

121 962 247 992 audisse
265 970 319 992 eos
342 962 430 992 intus
445 960 536 999 quasi
547 960 710 989 minacem
727 959 822 997 atque

121 1008 369 1046 increpatoriam
379 1007 467 1037 illius
476 1005 687 1045 proculdubio
696 1013 822 1042 vocem,

121 1053 177 1092 qui
192 1053 225 1083 in
239 1054 400 1091 Propheta
424 1052 589 1091 loquitur:
608 1052 674 1090 qu
703 1052 757 1089 qui
781 1051 823 1080 lo-

121 1111 199 1141 quor
213 1103 380 1141 jttstz'tiam.
414 1102 489 1131 Vox
517 1106 595 1130 Ejus
609 1120 617 1137 ,
651 1098 822 1136 inspiratio

121 1147 192 1186 ejus
208 1148 268 1185 est,
284 1155 320 1176 ac
335 1146 414 1182 justi
430 1145 557 1175 timoris
575 1144 729 1174 incussio.

159 1193 190 1223 2.
207 1192 376 1231 Comperta
392 1199 467 1229 ergo
492 1190 553 1219 hac
576 1197 675 1227 voce,
705 1196 820 1226 sponsa

120 1238 263 1276 gaudens
279 1238 313 1268 et
334 1236 501 1267 exsultans
517 1243 525 1264 ε
541 1236 625 1273 Vox,
638 1234 745 1273 inquit
757 1256 766 1272 ,
777 1234 821 1263 ‹li-

119 1285 187 1315 lectz‘
198 1285 267 1314 mei.
302 1283 413 1313 Amica
442 1283 507 1321 est,
531 1281 564 1312 et
591 1281 706 1320 gaudio
743 1288 822 1318 gau-

121 1329 178 1361 det
203 1330 338 1369 propter
364 1336 479 1359 vocem
505 1327 624 1366 sponsi.
647 1327 685 1356 Et
709 1326 818 1356 addit:

119 1376 196 1406 Ecce
211 1377 264 1406 isle
279 1376 360 1405 venit
370 1375 482 1405 saliens
497 1373 705 1409 inmovilibus,
718 1374 820 1403 trans—

117 1421 219 1451 siliens
237 1421 335 1451 colles.
352 1418 520 1458 Comperta
536 1427 578 1448 ex
599 1419 713 1448 auditu
733 1419 820 1449 vocis

118 1466 229 1496 dilecti
245 1465 439 1504 praesentia,
460 1465 690 1494 incunctanter
712 1464 820 1494 inten—

117 1512 165 1543 dit
181 1512 263 1541 bene
284 1511 427 1541 curiosos
451 1511 560 1540 oculos
582 1509 622 1539 ad
642 1509 818 1540 videndum

116 1565 213 1596 quem
224 1555 383 1587 audierat.
397 1555 532 1586 Auditus
547 1555 637 1585 ducit
649 1555 689 1585 ad
700 1556 817 1594 visum,

115 1603 191 1641 quia
205 1603 285 1633 fides
310 1611 352 1632 ex
373 1602 502 1640 auditu,
519 1610 582 1640 qua
608 1602 702 1632 corda
725 1610 818 1632 niun-

115 1649 242 1688 dantur,
258 1649 294 1679 ut
308 1647 411 1687 possit
432 1648 537 1678 videri
553 1649 650 1677 Deus.
666 1648 716 1678 Sic
731 1649 817 1678 enim

117 1694 235 1724 habes:
252 1695 326 1724 Fide
346 1695 499 1724 mundans
522 1694 626 1723 corda.
642 1693 740 1724 Videt
756 1694 817 1724 ita—

113 1748 178 1778 que
200 1739 389 1770 venientem
404 1761 412 1776 ,
427 1747 525 1777 quem
549 1739 738 1777 loquentem
759 1748 817 1769 au-

114 1784 240 1822 dierat,
266 1784 460 1814 observante
483 1784 582 1813 etiam
597 1783 650 1813 hic
667 1784 815 1814 ordinem

114 1830 206 1859 illum
220 1829 343 1868 Spiritu
357 1829 468 1858 sancto
478 1850 486 1866 ,
502 1828 558 1867 qui
575 1829 661 1867 apud
675 1830 816 1868 Prophe-

112 1876 179 1905 tam
202 1874 382 1912 descriptus
412 1875 460 1904 est
484 1875 553 1904 ita:
571 1875 654 1905 Audi
677 1876 762 1913 filia,
789 1879 816 1907 et

111 1922 189 1950 vide.
214 1920 253 1950 Et
276 1920 313 1950 ut
328 1919 448 1950 certius
463 1920 630 1958 advertas,
647 1928 712 1950 non
727 1930 814 1960 casu,

111 1974 217 2004 neque
233 1965 383 2004 fortuito,
399 1965 456 1996 sed
471 1965 510 1996 de
532 1966 639 1996 studio
665 1967 766 2005 magis
783 1969 815 1998 et

111 2012 269 2042 industria
280 2033 289 2049 ,
315 2013 355 2042 01›
384 2012 475 2041 illam
499 2011 626 2042 scilicet
654 2013 814 2043 rationem

110 2066 207 2096 quam
233 2057 467 2095 praemisimus,
483 2058 628 2088 auditum
654 2058 715 2088 hoc
739 2060 811 2089 loco

110 2103 310 2141 praemissum
325 2103 429 2141 visui3
445 2104 520 2134 vide
543 2104 568 2134 si
585 2112 649 2134 non
666 2104 719 2135 hic
736 2106 812 2135 ordo

110 2149 281 2179 verborum
296 2157 314 2178 a
326 2148 434 2179 sancto
450 2157 577 2187 quoque
590 2150 648 2180 Job
664 2150 813 2180 observa-

108 2195 160 2224 tus
175 2195 351 2232 invenitur,
362 2194 417 2225 ubi
432 2195 477 2224 sic
489 2194 634 2233 loquitur
645 2197 711 2226 Deo
725 2205 733 2225 :
748 2198 812 2227 Λιι-

109 2240 173 2269 dila
188 2241 273 2270 amis
286 2241 390 2270 audivi
405 2241 449 2277 te,
465 2241 493 2270 et
508 2248 589 2270 nunc
605 2242 709 2272 oculus
725 2251 809 2273 meus

109 2286 188 2314 ridet
203 2286 241 2314 te.
258 2284 321 2317 Sed
336 2285 369 2315 et
383 2285 439 2315 ubi
455 2285 595 2324 Spiritus
611 2287 740 2317 sanctus
754 2296 810 2318 su-

110 2338 171 2368 per
200 2330 365 2367 Apostolos
392 2331 427 2359 in
451 2331 504 2360 die
525 2331 733 2362 pentecostes
754 2333 809 2363 de-

107 2375 272 2405 scendisse
296 2376 513 2413 memoratur,
543 2384 650 2407 nonne
677 2378 808 2409 auditus

107 2421 213 2451 visum
221 2420 414 2459 praevenisse
427 2421 637 2452 describitur?
645 2421 697 2452 Ait
706 2423 805 2454 enim:

107 2468 220 2498 Factus
232 2468 275 2497 est
285 2469 404 2505 repente
413 2468 448 2496 de
460 2467 532 2497 coelo
543 2475 635 2498 sonus
647 2469 806 2507 tamquam

106 2512 291 2542 advenientis
304 2513 429 2550 spiritus
439 2512 641 2552 vehementis3
658 2514 690 2544 et
702 2514 804 2545 infra=

106 2558 363 2596 Etapparuerunt
371 2558 429 2588 illis
437 2559 598 2596 dispertitoe
607 2559 717 2597 lz'nquoe
726 2562 806 2590 tam-

107 2612 201 2642 quam
215 2604 304 2641 iqnz’s.
320 2603 360 2633 Et
378 2603 432 2633 hic
448 2611 522 2641 ergo
537 2603 676 2642 Spiritus
700 2606 802 2635 sancti

106 2647 278 2679 adventum
294 2649 399 2688 primo
415 2649 558 2689 auditus,
581 2649 698 2681 dehinc
714 2651 801 2682 visus

315 2704 343 2721 0.

1499 230 1556 260 521

864 279 1049 318 percepisse
1071 277 1225 310 refertur.
1240 278 1304 310 Sed
1324 281 1364 311 de
1384 282 1444 313 hoc
1460 283 1558 314 satis:

863 325 1016 363 quoniam
1031 325 1068 355 tu
1090 332 1242 363 quoque,
1263 325 1290 354 si
1316 333 1406 355 curas
1431 336 1562 365 operam

863 370 938 400 dare
954 370 1177 408 hujuscemodi
1201 369 1423 408 inquisitioni,
1440 373 1561 409 poteris

862 416 894 445 et
909 415 978 454 ipse
995 415 1136 446 fortassis
1150 415 1185 445 in
1201 415 1274 445 aliis
1289 415 1461 454 scripturae
1482 417 1561 448 locis

862 461 1016 490 nonnulla
1031 461 1150 490 similia
1165 461 1325 499 reperire.

900 506 931 535 5.
947 507 1037 536 Nunc
1049 506 1204 544 Jamillud
1215 506 1562 545 consideremus,qu0d

861 551 1075 589 diligentioris
1101 553 1175 591 eget
1199 552 1431 590 inquisitionis,
1448 553 1482 582 et
1497 552 1562 582 dit-

860 596 1012 627 ficiliores
1034 597 1133 627 habet
1153 605 1324 627 accessus:
1341 597 1382 626 ad
1396 597 1482 635 quod
1507 597 1561 626 ni-

859 642 978 671 mirum
999 643 1129 673 omnino
1148 651 1202 673 me
1227 651 1324 681 egere
1349 643 1452 672 fateor
1467 641 1562 679 adju-

860 686 940 716 torio
953 687 1091 725 Spiritus
1104 687 1219 725 sancti,
1234 688 1270 718 ut
1278 696 1398 726 ponere
1411 688 1562 718 inlunem

859 733 993 771 possim,
1021 734 1077 772 qui
1089 734 1154 763 sint
1172 734 1221 763 illi
1246 736 1363 764 montes
1384 742 1442 764 seu
1456 735 1560 770 colles,

858 786 955 816 super
969 788 1047 817 quos
1060 779 1245 817 salientem,
1262 780 1293 810 et
1304 779 1561 810 transsilientem

858 831 929 861 eos,
954 825 1095 855 Ecclesia
1122 833 1273 864 sponsum
1298 826 1382 856 laetis
1402 825 1563 863 spectavit

858 869 1036 908 obtutibus,
1053 871 1149 902 credo
1165 879 1237 901 cum
1252 872 1442 909 properaret
1456 871 1497 900 ad
1508 871 1560 908 ip-

857 914 922 944 sius
937 916 1215 955 redemptionem,
1238 917 1331 954 cujus
1351 916 1560 954 concupierat

858 960 1019 992 decorem.
1033 962 1112 991 Nam
1129 961 1310 1000 id'quideni
1327 961 1558 1000 proptereaita

857 1006 889 1035 et
901 1014 965 1035 non
977 1007 1076 1037 dubie
1091 1008 1248 1038 senserim
1261 1030 1269 1046 ,
1284 1008 1438 1046 quoniam
1450 1007 1557 1037 simile

856 1051 934 1088 quid
955 1052 995 1082 de
1023 1053 1184 1091 Propheta
1209 1053 1351 1082 occurrit
1369 1052 1470 1090 mihi,
1488 1053 1559 1082 evi-

856 1096 972 1127 denter
992 1097 1026 1128 in
1045 1099 1162 1136 spiritu
1177 1099 1378 1137 praevidente
1400 1099 1433 1128 et
1447 1098 1559 1137 expri-

855 1143 964 1173 mente
997 1143 1172 1175 Salvatoris
1211 1145 1386 1175 adventum
1403 1152 1411 1173 :
1428 1146 1468 1174 In
1496 1145 1557 1175 sole

853 1190 953 1226 posuit
975 1190 1206 1221 tabernaculum
1227 1200 1317 1222 snum
1328 1213 1338 1229 ,
1353 1194 1380 1222 et
1398 1193 1458 1230 ipse
1475 1193 1557 1221 tam-

855 1244 947 1272 quam
968 1246 1095 1275 sponsus
1106 1238 1271 1276 procedens
1286 1239 1321 1268 de
1337 1238 1474 1268 thalamo
1486 1246 1553 1267 suo.

854 1281 1030 1313 Exsttltcwit
1044 1284 1078 1312 nt
1093 1284 1177 1321 qiqas
1193 1284 1232 1313 ad
1248 1285 1432 1314 currendam
1446 1284 1530 1313 viam
1545 1291 1556 1312 :

854 1334 874 1355 a
889 1335 1007 1357 summo
1023 1328 1096 1357 coelo
1114 1329 1241 1366 eyressio
1264 1329 1347 1366 ejus,
1362 1330 1390 1358 et
1413 1336 1556 1358 occursus

854 1373 917 1410 ejus
932 1375 1024 1411 utque
1047 1374 1086 1403 ad
1108 1382 1261 1404 summum
1278 1374 1354 1412 ejus.
1381 1374 1497 1402 Cursus
1522 1373 1556 1401 et

853 1425 1001 1448 recursus
1016 1419 1043 1449 is
1058 1419 1244 1449 notissimus
1260 1418 1325 1456 est,
1339 1427 1355 1448 a
1371 1427 1434 1456 quo
1445 1440 1453 1455 ,
1467 1418 1500 1448 et
1515 1417 1556 1446 ad

854 1464 930 1501 quid
952 1464 1052 1495 initus
1073 1466 1397 1503 consummatusque,
1423 1463 1556 1494 notissi-

854 1518 955 1540 mum.
985 1511 1069 1548 Quid
1096 1511 1215 1549 igitur?
1241 1511 1415 1549 Pingemus
1441 1510 1554 1547 nobis,

853 1556 922 1586 sive
942 1557 975 1587 in
1000 1557 1135 1595 psalmis
1160 1557 1221 1587 ista
1245 1557 1413 1595 legentes,
1435 1555 1554 1586 sivein

852 1601 1004 1638 praesenti
1020 1602 1159 1639 cantico,
1176 1601 1283 1632 virum
1299 1601 1463 1640 gigantem
1478 1608 1553 1638 pro-

853 1655 934 1676 cerae
949 1647 1080 1677 staturae
1093 1668 1102 1685 ,
1118 1646 1261 1677 absentis
1277 1646 1458 1685 cujuspiam
1480 1654 1554 1675 mu-

852 1692 996 1722 lierculae
1019 1700 1127 1722 amore
1150 1693 1279 1731 captum
1293 1714 1302 1730 ,
1326 1693 1376 1729 et,
1390 1693 1465 1722 duni
1481 1700 1554 1730 pro-

851 1739 944 1775 perat
959 1737 999 1767 ad
1012 1738 1137 1776 cupitos
1152 1739 1333 1776 amplexus,
1348 1737 1551 1768 transsilien-

853 1785 917 1812 tcm
926 1783 1051 1813 montes
1064 1784 1225 1821 collesque
1235 1784 1305 1819 hos,
1313 1792 1392 1821 quos
1403 1783 1552 1812 videmus

852 1830 934 1858 mole
951 1837 1104 1867 corporea
1119 1837 1216 1867 super
1231 1829 1326 1867 plana
1342 1829 1437 1858 terrae
1458 1829 1549 1858 tanta

851 1874 1020 1904 altitudine
1034 1874 1232 1912 eminentes,
1246 1876 1281 1904 ut
1293 1875 1326 1905 et
1338 1882 1433 1912 supra
1448 1874 1551 1904 nubes

850 1920 950 1958 aliqui
971 1920 1101 1949 illorum
1126 1921 1286 1950 verticem
1308 1920 1464 1950 extulisse
1481 1928 1551 1950 cer-

850 1965 987 1996 nantur?
1012 1966 1134 1995 Verum
1159 1974 1224 1995 non
1246 1966 1341 1996 decet
1364 1966 1549 1996 istiusmodi

849 2020 1017 2049 corporeas
1041 2011 1228 2050 phantasias
1250 2011 1441 2050 imaginari,
1464 2021 1549 2050 prae-

848 2058 958 2086 sertim
982 2057 1156 2087 tractantes
1181 2057 1242 2088 hoc
1269 2058 1432 2088 canticum
1454 2058 1550 2096 spiri-

848 2103 934 2133 tuale
948 2113 958 2133 .·
973 2103 1030 2133 sed
1048 2111 1108 2133 nec
1124 2103 1201 2138 licet
1216 2103 1347 2133 omnino
1368 2104 1478 2141 nobis,
1491 2104 1549 2142 qui

847 2148 1052 2178 meminimus
1063 2149 1179 2187 legisse
1202 2149 1236 2178 in
1251 2149 1426 2186 Evangelio
1441 2170 1451 2186 ,
1468 2150 1546 2187 quia

844 2195 969 2232 spii-ilus
984 2196 1026 2225 est
1038 2196 1122 2225 Deus
1130 2216 1139 2231 ,
1153 2197 1180 2225 et
1192 2203 1242 2226 eos
1256 2196 1449 2233 qucadorcmt
1464 2204 1546 2233 eum,

845 2241 876 2269 ἰη
889 2241 999 2278 spii-ilic
1011 2242 1129 2278 oportet
1144 2241 1289 2271 delerare.

882 2285 984 2323 thui
998 2286 1074 2315 sunt
1089 2293 1164 2324 ergo
1181 2285 1215 2315 lri
1231 2285 1415 2324 spirituales
1430 2288 1546 2317 montes

843 2330 876 2361 et
893 2332 993 2369 colles,
1019 2333 1056 2362 ut
1081 2331 1287 2370 postmodum
1310 2334 1546 2370 consequenter

842 2385 1066 2415 agnoscamus,
1080 2385 1214 2416 sponsus
1227 2376 1238 2417 (
1250 2377 1306 2415 qui
1322 2378 1419 2415 Deus,
1436 2386 1472 2407 ae
1487 2385 1546 2415 per

841 2423 901 2453 hoc
913 2422 944 2454 et
961 2423 1092 2462 spiritus
1105 2423 1154 2453 est
1168 2422 1179 2462 )
1196 2423 1308 2462 quales
1321 2424 1353 2453 et
1365 2421 1542 2459 cujusmodi

841 2469 936 2499 dabat
949 2470 1049 2500 saltus
1066 2470 1100 2499 in
1122 2470 1205 2507 illis,
1221 2469 1275 2499 vel
1290 2477 1387 2507 super
1402 2468 1474 2497 illos
1485 2467 1496 2496 ?
1509 2468 1542 2497 Si

840 2515 911 2545 illos
929 2517 1099 2554 putamus,
1127 2515 1160 2545 in
1189 2515 1307 2553 quibus
1332 2513 1540 2550 Evangelium

838 2560 939 2591 refert
953 2560 1030 2591 olim
1042 2561 1140 2590 fuisse
1156 2560 1285 2589 relictas
1299 2557 1470 2594 nonaginta
1481 2565 1541 2587 no-

838 2615 911 2637 vem
927 2615 1015 2644 oves,
1032 2614 1105 2636 cum
1118 2606 1191 2644 pius
1204 2604 1311 2634 Pastor
1322 2610 1432 2632 earum
1446 2603 1541 2632 venit

838 2661 934 2683 unani
957 2653 988 2682 in
1011 2652 1105 2682 terris
1125 2657 1269 2689 qucrrerc
1285 2657 1355 2685 quse
1377 2649 1535 2686 perierat3

1351 2697 1384 2723 <21
