1830 3073
329 201 386 232 ΗΞ

324 257 445 285 dictum
461 257 570 295 est,rn
582 257 641 296 leqe
650 258 776 287 Domini
789 259 933 289 voluntas
947 259 1023 295 ejus.

326 302 418 332 Velle
426 303 513 332 enim
523 325 532 341 ,
542 304 624 333 teste
632 305 726 334 beato
735 304 886 342 Gregorio
897 325 906 340 ,
918 304 1026 333 mente

326 348 374 378 ire
403 349 462 379 est.
487 350 548 379 Per
572 350 654 380 hanc
681 351 767 380 viam
793 349 969 385 incedunt,
996 348 1028 377 et

325 393 416 431 quasi
428 395 599 432 quemdam
615 404 744 425 cursum
764 395 885 423 ducunt
901 394 962 424 tria
975 402 1029 432 ge-

326 446 404 468 nera
425 439 591 470 hominum
603 462 611 478 ,
628 448 758 476 servus,
784 439 1005 468 mercenarius
1018 460 1027 476 ,

325 483 422 514 filius.
438 486 582 516 Trahunt
602 486 711 515 autem
733 485 884 515 eumdem
900 493 1028 514 currum

322 529 469 565 jumenta
482 554 491 569 ,
503 540 639 569 quorum
664 531 796 560 nomina
825 531 917 567 sunt,
943 538 1030 560 com-

324 575 457 605 minatio
476 577 508 606 et
523 576 703 613 promissio.
725 576 828 614 Super
849 576 1028 605 commina-

323 620 446 650 tionem
468 630 580 651 servus
603 621 711 658 sedet,
728 630 826 660 super
841 622 1029 660 promissio-

323 673 398 695 nem
412 667 641 696 mercenarius.
656 668 776 697 Horum
785 669 921 705 uterque
930 667 1029 697 trahit

323 719 455 740 currum
467 734 476 749 ,
489 713 571 742 alter
582 713 699 743 timore
712 735 722 751 ,
735 714 818 743 alter
834 713 1026 752 cupiditate3

324 756 357 784 et
371 757 508 795 uterque
526 758 665 796 propriis
678 758 819 788 stimulis
834 758 1026 796 impellitur.

323 800 414 832 Solus
437 803 544 841 lilius,
568 805 699 842 quince
724 805 840 833 timore
863 804 1027 842 quatitur,

322 854 383 877 nec
399 848 534 879 illicitur
549 850 727 887 cupiditate
738 871 749 886 ,
763 849 820 879 sed
843 849 960 887 spiritu
979 849 1029 878 di-

322 893 472 924 lectionis
483 895 606 933 agitur,
622 896 690 925 sine
703 896 813 925 labore
827 896 883 924 aut
898 895 1027 925 laesione

322 939 455 970 vellitur
470 940 503 969 in
515 950 613 970 curru
629 949 636 970 ε
664 942 852 980 Quicumque
865 942 946 970 enim
966 943 1029 978 spi-

322 986 385 1014 rim
400 988 460 1016 Dei
474 989 610 1025 aqnnlur
621 1008 631 1023 ,
645 987 746 1024 liifilii
758 988 829 1017 sunl
840 987 910 1016 Dei.
923 986 1029 1016 Habet

322 1030 422 1060 etiam
452 1040 565 1062 currus
586 1033 642 1062 ille
667 1033 804 1071 quatuor
828 1034 914 1061 rotas
924 1055 933 1070 ,
956 1033 1029 1062 illas

323 1076 449 1106 scilicet
472 1080 608 1116 quatuor
637 1078 737 1108 animi
764 1078 951 1107 affectiones
971 1086 1029 1108 no-

323 1121 479 1162 tissimas,
492 1133 635 1154 amorem
647 1126 681 1154 et
694 1125 839 1154 laetitiam
851 1147 860 1162 ,
878 1125 1028 1154 timorem

792 204 822 233 S.
844 203 1083 233 BERNARDI
1113 203 1306 234 ABBATIS

1062 259 1156 288 Dens.
1172 259 1278 297 Deus,
1293 260 1373 290 licet
1385 268 1467 291 unus
1479 260 1523 290 sit
1536 260 1569 290 et
1583 267 1682 290 unum
1698 257 1763 296 sit‚'

1061 304 1170 333 tamen
1181 312 1244 333 non
1260 305 1310 334 sui
1324 306 1480 336 varietate
1490 329 1498 344 ,
1515 305 1570 335 scd
1582 305 1681 335 animi
1692 315 1763 336 nos*

1062 348 1103 377 tri
1118 350 1296 379 mutatione
1307 373 1315 388 ,
1331 352 1534 389 gustantibus
1548 351 1640 381 nobis
1655 351 1762 381 diver-

1061 401 1111 423 sos
1125 394 1255 424 videtur
1270 395 1390 426 habere
1406 405 1545 435 sapores.
1567 396 1658 435 Sapit
1676 396 1763 426 enim

1061 439 1214 478 timenti,
1236 440 1395 477 justitiam
1410 443 1443 472 et
1463 443 1643 481 potentiam
1657 450 1666 479 3
1680 442 1763 479 sapit

1062 486 1182 515 amanti
1223 486 1403 517 bonitatem
1438 489 1470 518 et
1494 488 1759 519 misericordiam.

1061 531 1150 561 Unde
1167 532 1199 561 et
1220 533 1298 561 alibi
1324 534 1370 563 ait
1385 534 1472 563 idem
1494 534 1554 564 iste
1575 534 1734 572 Propheta
1753 542 1762 561 τ

1061 578 1158 607 Semel
1185 578 1301 608 locutus
1316 581 1359 609 est
1373 581 1472 615 Dens,
1488 580 1546 609 duo
1558 580 1620 609 hoec
1638 579 1740 609 audivi
1754 585 1763 607 :

1061 625 1134 661 qnia
1146 625 1276 661 potestas
1284 626 1342 654 Dei
1348 627 1392 655 est
1403 646 1413 661 ,
1430 628 1457 655 ct
1472 625 1526 655 tibi
1534 625 1660 655 Domini
1674 625 1765 653 misc-

1061 670 1205 699 ricordia.
1236 670 1324 700 Idem
1340 670 1460 708 quippe
1477 670 1525 699 est
1540 669 1653 698 audire
1678 668 1737 697 hoc
1752 688 1762 705 ‚

1060 714 1145 751 quod
1159 715 1288 752 gustare
1303 724 1310 744 ε
1323 716 1400 754 quia
1417 716 1590 753 utrumque
1605 714 1641 743 fit
1656 721 1720 743 una
1733 713 1766 743 et

1061 760 1301 798 simplicissima
1326 762 1448 790 mente.
1472 762 1582 799 ltaque
1601 760 1702 789 semel
1717 759 1766 788 lo-

1061 807 1154 835 cutus
1169 806 1217 835 est
1228 807 1314 835 Deus
1331 815 1339 835 ε
1353 807 1429 844 quia
1441 815 1542 836 unum
1557 805 1670 844 genuit
1685 805 1767 834 Ver-

1062 850 1149 879 bum.
1167 851 1325 881 Caeterum
1343 860 1400 881 nos
1422 860 1481 890 per
1502 860 1604 881 unum
1621 850 1765 880 Verbum

1061 896 1123 925 duo
1139 896 1206 926 haec
1220 897 1368 926 audimus
1380 898 1449 927 sive
1462 897 1619 935 sapimus,
1633 897 1767 935 qniapo-

1062 944 1150 973 testas
1159 944 1218 973 Dei
1227 945 1269 973 est
1278 965 1287 980 ‚
1296 945 1323 973 et
1333 943 1388 973 tibi
1395 944 1530 973 Domine
1546 944 1763 973 misericordia.

1061 989 1099 1017 At
1114 989 1140 1017 is
1154 988 1287 1026 quidem
1309 989 1440 1026 penitus
1454 989 1614 1027 insipiens
1630 989 1699 1026 est,
1713 987 1765 1025 cui

1061 1041 1120 1063 nec
1142 1035 1292 1063 timorem
1313 1035 1400 1064 Deus
1414 1034 1515 1072 sapit,
1530 1042 1590 1064 nec
1611 1042 1764 1063 amorem.

1062 1079 1170 1109 Discat
1193 1080 1350 1117 quantum
1376 1080 1466 1117 vu1t3
1497 1088 1554 1117 ego
1584 1079 1765 1116 sapientem

1062 1133 1125 1154 non
1141 1125 1299 1163 dixerim,
1316 1125 1392 1154 dum
1407 1133 1467 1154 nec
1482 1125 1630 1161 timebit,
1644 1132 1704 1153 nec
1717 1124 1767 1153 di-

323 1168 357 1197 et
370 1169 548 1200 tristitiam.
565 1172 681 1200 Amant
697 1170 785 1200 enim
800 1171 930 1208 reprobi
946 1172 1029 1200 tem-
1043 1161 1045 1203 Ι
1062 1170 1140 1208 liget
1157 1171 1271 1200 Deum.
1295 1170 1459 1207 Quomodo
1483 1169 1570 1200 enim
1587 1169 1767 1199 dixerimus

322 1214 464 1251 poralia,
480 1216 513 1245 et
524 1216 674 1245 laetantur
683 1224 756 1245 cum
771 1216 855 1245 male
873 1215 1027 1246 fecerint:

322 1260 380 1289 sed
400 1261 486 1291 huuc
509 1269 650 1291 amorem
666 1263 698 1292 et
713 1262 795 1291 hanc
815 1262 962 1292 laetitiam
978 1270 1029 1291 se-

323 1305 435 1342 quitur
475 1307 571 1337 timor
597 1309 629 1337 et
657 1307 789 1337 tristitia
818 1307 1028 1345 sempiterna.

324 1350 425 1381 Electi
454 1361 551 1390 vero,
577 1354 694 1391 quibus
733 1353 871 1390 (lieltur,
898 1353 1030 1383 Mundus

324 1397 464 1433 qaudebit
474 1420 484 1435 ‚
500 1408 552 1429 vos
567 1402 670 1429 antem
691 1400 965 1437 contristabimini,
980 1401 1031 1430 sed

324 1444 448 1473 tristitia
462 1447 563 1474 vestra
591 1447 726 1475 vertetur
741 1447 771 1475 in
794 1446 937 1483 qandinm
951 1454 1030 1483 ,Ῥο-

323 1490 405 1518 nunt
419 1489 539 1527 primas
553 1492 638 1520 rotas
650 1491 799 1520 timorem
809 1492 840 1520 et
851 1491 1030 1529 tristitiam,

324 1535 518 1571 posteriores
541 1544 684 1566 amorem
710 1538 743 1566 et
765 1537 925 1566 laetitiam.
950 1537 1031 1574 Ipsis

325 1580 413 1610 enim
435 1583 651 1612 commutatur
675 1582 771 1612 timor
793 1582 826 1612 in
842 1582 1030 1619 caritatem,

324 1626 455 1657 tristitia
471 1628 505 1657 in
528 1628 675 1658 laetitiam
690 1628 935 1667 sempiternam.

366 1673 396 1701 5.
423 1674 602 1703 Notandum
625 1675 754 1712 autem,
778 1674 865 1712 quod
887 1675 956 1704 haec
979 1672 1032 1703 via

325 1718 405 1755 legis
421 1719 549 1749 Domini
566 1721 807 1750 consummatur
822 1728 880 1749 sex
903 1720 1030 1749 diebus.

325 1764 362 1793 Et
374 1764 477 1801 prima
491 1765 624 1803 quidem
642 1766 728 1795 dicta
744 1767 793 1795 est
807 1766 947 1803 gemitus
963 1774 1032 1795 cor-

325 1808 392 1846 dis,
406 1810 547 1839 secunda
570 1810 732 1840 confessio
746 1811 828 1848 oris,
855 1805 952 1840 tertia
967 1812 1033 1840 lar-

325 1854 402 1893 gitio
418 1855 557 1894 propriae
571 1856 783 1894 possessionis
793 1878 801 1892 ,
815 1858 927 1894 quarta
942 1856 1034 1885 labor

325 1901 468 1939 corporis
480 1923 489 1939 ,
507 1902 620 1940 quinta
636 1902 806 1940 abnegatio
822 1903 961 1941 propriae
976 1911 1034 1932 vo·-

326 1947 480 1985 luntatis,
499 1948 591 1977 sexta
617 1949 822 1986 contemptus
847 1947 972 1977 mortis.
998 1949 1032 1976 ln

326 1993 463 2031 septima
478 1992 514 2023 fit
531 1994 624 2031 quies
639 1993 679 2022 ab
695 1993 845 2023 omnibus
858 1993 1032 2031 praedictis,

325 2046 458 2077 sperans
484 2039 630 2068 octavam
655 2039 915 2068 resurrectionis.
939 2040 980 2069 Et
1001 2041 1033 2068 in

326 2084 387 2123 lege
398 2086 462 2122 eJ'us
474 2084 670 2114 meditabitur
685 2085 731 2113 die
743 2092 778 2113 ac
793 2086 891 2113 nocte.
906 2085 940 2113 In
956 2093 1034 2122 quo·

325 2140 464 2170 cumque
483 2133 569 2163 statu
590 2132 633 2162 sit
657 2131 753 2160 homo
775 2131 915 2169 positus,
937 2140 1034 2161 num-

1062 1216 1095 1244 in
1107 1216 1265 1254 sapientia
1275 1216 1531 1245 consummatum
1540 1237 1550 1252 ,
1562 1223 1657 1252 quem
1670 1214 1767 1243 video

1061 1270 1121 1291 nec
1149 1261 1333 1292 initiatum?
1349 1262 1444 1298 Nam,
1461 1262 1587 1291 Initium
1610 1261 1766 1298 sapientise

1063 1310 1153 1337 limor
1168 1309 1295 1338 Domini
1310 1317 1319 1337 .·
1336 1306 1569 1336 consummatio
1579 1314 1685 1342 amor,
1699 1313 1766 1334 me-

1062 1354 1114 1383 dia
1129 1354 1191 1383 sibi
1207 1353 1353 1383 vindicat
1367 1361 1451 1391 spes.
1462 1352 1519 1382 Cui
1536 1360 1610 1390 ergo
1626 1360 1686 1381 nec
1698 1352 1767 1388 Jus-

1063 1399 1169 1429 titiam
1180 1399 1263 1436 sapit
1277 1399 1363 1428 Deus
1379 1407 1437 1436 per
1448 1398 1599 1428 timorem
1612 1406 1691 1434 ,nec
1707 1398 1767 1426 mi-

1063 1445 1270 1475 sericordiam
1286 1453 1345 1482 per
1359 1452 1519 1481 amorem3
1536 1444 1563 1473 is
1578 1444 1672 1481 plane
1688 1443 1766 1472 dicit

1064 1492 1096 1520 in
1109 1491 1204 1521 corde
1219 1499 1275 1520 suo
1286 1513 1294 1528 ,
1306 1491 1372 1519 Non
1386 1492 1434 1520 est
1449 1483 1546 1520 Deus.
1561 1490 1665 1519 Deum
1681 1489 1766 1518 enim

1064 1545 1126 1566 non
1138 1537 1249 1574 putat,
1260 1544 1358 1574 quem
1373 1544 1433 1565 nec
1445 1535 1568 1572 justum
1580 1556 1589 1572 ,
1604 1542 1664 1564 nec
1676 1533 1765 1572 pium

1063 1582 1205 1622 reputat.

1220 1681 1390 1713 sumno
1430 1668 1608 1712 Lxxl'v.

1105 1764 1251 1801 corrupti
1277 1763 1367 1797 snnt,
1393 1762 1421 1790 et
1449 1759 1667 1790 abominabiles
1692 1759 1768 1797 facti

1064 1811 1134 1839 sunt
1150 1810 1180 1838 in
1194 1809 1299 1839 studiis*
1314 1808 1395 1844 snis5
1408 1814 1468 1835 non
1482 1807 1525 1835 est
1540 1806 1592 1843 qni
1605 1805 1699 1842 faciat
1713 1805 1767 1833 bo-

1064 1864 1152 1891 num,
1168 1863 1230 1884 non
1243 1855 1285 1883 est
1300 1861 1394 1890 usque
1407 1852 1445 1881 ad
1457 1860 1566 1881 nnum-
1583 1851 1687 1880 Habet
1699 1850 1768 1879 ani—

1066 1910 1116 1930 ma
1137 1899 1378 1938 corruptionem
1402 1896 1626 1933 suan1,babet
1648 1896 1681 1925 et
1700 1904 1768 1925 cor-

1065 1955 1125 1984 pus
1149 1953 1251 1975 suam.
1273 1943 1441 1980 Corruptio
1462 1942 1577 1971 animae
1605 1941 1769 1979 tripertita

1066 1992 1130 2028 est3
1148 1989 1386 2029 quadripertita
1402 1988 1450 2018 est
1471 1986 1625 2025 corporis.
1649 1987 1770 2024 Corpus

1066 2037 1226 2075 siquidem
1239 2036 1360 2065 constat
1371 2043 1410 2064 ex
1420 2035 1557 2072 quatuor
1573 2033 1764 2062 elementis:

1065 2083 1172 2112 anima
1188 2090 1265 2111 vero
1288 2081 1322 2109 in
1335 2079 1457 2118 trIplici
1479 2079 1513 2108 vi
1535 2078 1691 2108 subsistit.
1714 2079 1769 2108 Est

1067 2128 1154 2157 enim
1169 2126 1349 2163 rationalis,
1368 2123 1644 2162 concupiscibilis,
1656 2123 1768 2152 irasci-

326 2186 423 2215 quam
438 2178 657 2209 recedendum
667 2178 772 2208 estilli
784 2179 881 2216 alege
890 2179 1032 2217 Domini,
1046 2181 1049 2215 Ι
1066 2173 1152 2202 bilis·
1169 2171 1359 2208 RatiffllssliS,
1381 2169 1472 2206 CUJ'US
1492 2169 1612 2199 sanitas
1632 2169 1680 2198 est
1691 2177 1765 2205 0οἓ-

327 2223 384 2253 sed
399 2232 526 2262 semper
538 2225 573 2254 in
588 2225 642 2254 die
665 2225 821 2254 bonorum
839 2233 902 2254 non
918 2225 1034 2255 imme-

328 2275 397 2297 mor
411 2269 451 2297 sit
460 2270 617 2298 malorum
629 2269 662 2298 et
678 2269 712 2298 in
724 2269 776 2299 die
792 2271 952 2299 malorum
964 2279 1034 2300 me-

327 2322 398 2343 mor
413 2314 454 2343 sit
471 2322 598 2352 semper
617 2316 786 2345 bonorum.
804 2317 913 2346 Potest
935 2317 1032 2346 etiam

329 2367 387 2396 per
399 2358 485 2388 diem
495 2361 527 2389 et
536 2361 664 2390 noctem
678 2362 929 2399 contemplativa
942 2363 973 2391 et
986 2371 1034 2392 ac-

328 2405 395 2434 tiva
410 2405 476 2434 vita
491 2405 629 2442 intelligi
642 2415 729 2444 ,quae
745 2407 847 2437 ambae
861 2407 1031 2438 continen-

329 2451 382 2481 tur
397 2450 431 2480 in
444 2451 516 2490 lege
530 2450 670 2480 Domini.

478 2556 646 2589 SERMO
682 2556 865 2589 LXXIII.

371 2628 459 2658 Dioeit
484 2628 624 2666 insipiens
648 2628 680 2657 in
705 2627 792 2656 corde
814 2635 887 2664 suo,
904 2628 974 2657 Non
990 2624 1048 2657 θεῖ’

1066 2219 1147 2248 nitio
1165 2217 1337 2254 veritatis,
1366 2215 1585 2253 corrumpitur
1605 2215 1766 2253 superbia.

1065 2265 1219 2302 Corrupta
1234 2263 1344 2292 autem
1362 2261 1486 2291 fallitur
1500 2260 1624 2290 duobus
1642 2260 1744 2289 modis
1755 2268 1765 2288 :

1066 2310 1100 2339 iu
1121 2309 1304 2348 cognitione
1329 2307 1399 2345 sui,
1426 2307 1459 2336 et
1484 2306 1666 2344 cognitione
1693 2306 1765 2336 Dei.

1065 2354 1364 2393 Concupiscentiam
1391 2352 1570 2390 corrumpit
1596 2360 1678 2381 vana
1699 2353 1765 2389 glo‘

1066 2402 1125 2439 ria,
1142 2401 1223 2430 iram
1239 2400 1372 2429 invidia.
1386 2398 1553 2436 Col-ruptio
1569 2397 1710 2435 corporis
1721 2398 1768 2427 ‹li-

1066 2447 1151 2477 citur
1162 2445 1375 2482 abominatio,
1394 2446 1426 2474 et
1441 2444 1476 2473 fit
1492 2444 1629 2481 quatuor
1648 2443 1766 2480 modis,

1066 2492 1247 2523 secundum
1263 2492 1400 2530 quatuor
1417 2490 1580 2519 elementa
1594 2497 1637 2519 ex
1651 2489 1769 2526 quibus

1066 2538 1200 2567 constat.
1216 2536 1361 2573 Quatuor
1376 2535 1464 2565 enim
1478 2535 1552 2564 sunt
1566 2542 1636 2571 quae
1651 2539 1767 2570 corpus

1066 2582 1289 2620 corrumpunt,
1301 2580 1481 2617 curiositas,
1498 2578 1683 2616 loquacitas,
1697 2585 1768 2606 cru-

1068 2627 1201 2665 delitas,
1218 2627 1377 2665 voluptas.
1403 2625 1485 2656 Sunt
1510 2623 1616 2654 autem
1632 2623 1768 2663 quatuor
