1846 3078
597 169 641 196 ΙΝ
663 169 865 197 CANTICA
883 169 1034 197 SERMO
1059 170 1147 197 LIX.

159 230 224 252 nuc
240 222 335 262 atque
349 221 600 262 infatigabiliter
608 224 856 262 exsequentem.

160 268 277 299 Videas
291 269 412 307 ubique
433 269 629 306 singularem
639 291 648 307 ,
663 269 785 307 ubique
801 277 857 307 ge-

159 313 302 343 mentem
315 313 443 352 audias;
458 322 520 344 nec
539 323 694 353 umquam
709 314 743 344 in
758 313 856 344 viridi

157 366 244 389 ramo
264 358 461 389 residentem
475 360 654 398 prospicies
670 369 679 390 ι
695 360 734 390 111
757 360 796 390 111
817 359 856 389 ab

157 411 195 433 eo
211 404 312 434 discas
327 405 531 444 voluptatum
542 406 683 437 virentia
693 406 855 437 virulenta

156 448 273 479 vitare.
290 450 379 481 Adde
395 452 481 490 quod
502 451 536 481 in
550 451 635 490 jugis
650 451 809 481 montium
825 453 855 481 et

155 493 190 522 in
218 496 459 527 summitatibus
480 498 631 527 arborum
653 497 856 536 frequentior

154 538 203 568 illi
224 543 425 573 conversatio
450 543 522 573 est:
538 544 593 581 ut,
609 543 695 581 quod
716 542 769 573 vel
790 550 856 572 ma-

154 585 243 616 xime
258 588 459 626 propositum
478 588 646 627 pudicitiae
669 588 782 626 decet,
798 588 854 618 do-

154 631 227 661 ceat
249 640 308 663 nos
332 633 464 664 terrena
488 633 676 673 despicere,
693 634 726 664 et
747 642 853 664 amare

150 676 307 708 coelestia.

191 722 222 751 8.
239 723 285 752 Ex
302 724 421 762 quibus
442 723 618 763 colligitur,
635 723 719 762 quod
731 732 796 754 vox
812 723 853 755 sit

152 767 288 799 turturis
302 770 400 799 etiam
410 769 596 808 praedicatio
608 769 775 801 castitatis.
790 771 853 800 Ne-

151 821 215 850 que
231 815 320 844 enim
333 823 352 845 a
372 815 534 854 principio
550 823 614 845 vox
629 814 691 845 ista
706 815 741 845 in
758 816 852 847 terris

151 861 260 892 audita
276 862 356 901 fuit,
376 863 434 893 sed
448 863 550 902 magis
570 863 647 893 illa:
661 865 808 902 Crescite,
825 867 853 896 et

149 904 415 946 multiplicamini,
431 911 459 940 et
470 910 581 949 replete
597 911 725 940 terram.
749 911 853 941 Incas-

148 960 220 982 sum
231 954 376 992 profecto
392 964 458 986 vox
475 955 529 985 illa
544 955 711 994 pudicitiae
724 956 852 987 sonuis-

149 1000 217 1036 set,
246 1001 387 1031 necdum
415 1002 585 1041 propalata
610 1003 850 1040 resurgentium

148 1045 253 1081 patria
269 1046 326 1076 :in
346 1055 409 1086 qua
432 1048 527 1086 longe
551 1047 683 1078 felicius
704 1048 851 1078 homines

147 1097 255 1128 nequo
278 1091 422 1130 nubent,
444 1100 552 1131 neque
580 1093 767 1131 nubentur,
794 1094 850 1123 sed

147 1136 222 1165 sunt
236 1136 321 1167 sicut
331 1137 444 1174 Angcli
454 1138 514 1167 Dei
526 1137 559 1167 in
568 1137 671 1167 coelis.
681 1138 771 1167 Tune
779 1139 849 1168 voci

147 1180 197 1210 illi
213 1181 340 1220 tempus
356 1183 454 1213 fuisse
471 1184 550 1213 tunc
566 1183 673 1221 dicas,
689 1192 763 1213 cum
781 1192 850 1214 ma-

145 1226 266 1257 ledicto
282 1228 387 1259 omnis
409 1228 599 1266 subjacebat
619 1229 743 1259 sterilis
759 1229 793 1259 in
807 1230 850 1259 Is-

145 1273 233 1310 rael,
249 1281 323 1302 cum
338 1274 532 1312 patriarchae
548 1274 609 1312 ipsi
621 1275 731 1312 plures
752 1274 849 1305 simul

145 1316 311 1348 habebant
341 1327 460 1349 uxores
471 1341 480 1357 ,
510 1327 584 1349 cum
615 1319 718 1350 frater
742 1320 850 1350 fratris

146 1362 266 1400 absque
279 1364 391 1394 liberis
407 1365 554 1394 defuncti
569 1373 681 1395 semen
693 1366 848 1397 suscitare

145 1416 189 1437 ex
204 1409 276 1447 lege
293 1410 571 1448 compellebatur?
581 1411 622 1441 At
632 1411 690 1440 ubi
704 1411 849 1442 insonuit

145 1462 186 1482 ex
206 1463 261 1485 ore
283 1456 424 1486 coelestis
448 1456 587 1486 turturis
611 1457 848 1488 commendatio

144 1500 200 1529 illa
217 1501 393 1539 spadonum
401 1500 458 1539 qui
470 1509 504 1531 se
519 1502 742 1532 castraverunt
750 1511 849 1541 prop-

143 1545 193 1574 ter
208 1554 345 1583 regnum
359 1546 440 1584 Dei3
463 1546 496 1576 et
514 1547 596 1577 item
619 1547 760 1577 alterius
788 1556 848 1577 cu-

139 1590 266 1626 jusdam
278 1592 463 1623 castissimae
475 1593 610 1623 turturis
619 1593 791 1623 consilium
807 1593 846 1624 de

142 1636 322 1674 virginibus
345 1638 466 1676 ubique
490 1638 651 1676 invaluit3
677 1639 754 1669 tunc
779 1640 847 1677 pri-

142 1690 232 1711 mum
252 1683 319 1713 dici
347 1684 510 1714 veraciter
533 1684 665 1722 potuit,
680 1684 757 1722 quia
783 1694 847 1716 vox

142 1729 271 1759 turturis
283 1731 390 1759 audita
404 1732 447 1760 est
460 1731 589 1760 interra
602 1732 723 1760 nostra.

182 1773 213 1803 9.
236 1775 316 1812 Ergo
339 1775 366 1805 si
395 1775 429 1804 in
450 1776 539 1806 terra
559 1775 670 1805 nostra
690 1776 724 1806 et
751 1775 846 1807 flores

143 1821 383 1859 apparuerunt,
409 1822 443 1851 et
470 1829 536 1851 vox
569 1821 708 1851 turturis
733 1822 843 1852 audita

141 1867 208 1902 cst3
228 1866 372 1903 profecto
388 1867 422 1897 et
443 1867 516 1897 visu
531 1867 655 1898 veritas
676 1870 843 1905 comperta

141 1911 202 1948 cst,
217 1912 248 1941 et
264 1911 389 1942 auditu.
404 1913 477 1942 Vox
491 1912 613 1950 quippe
629 1912 772 1950 auditur,
785 1912 844 1943 flos

141 1957 297 1987 cernitur.
314 1958 385 1987 Flos
401 1957 597 1987 miraculum
610 1957 672 1996 est,
689 1957 727 1987 ut
738 1959 844 1988 nostra

140 2003 287 2039 superior
301 2001 528 2040 interpretatio
546 2002 658 2040 habet,
674 2002 761 2040 quod
771 2004 844 2033 voci

140 2047 299 2078 accedens
320 2047 465 2077 fructum
489 2047 630 2085 parturit
663 2047 754 2078 fidei.
779 2049 844 2078 Etsi

140 2093 219 2123 fides
231 2102 273 2123 ex
286 2093 411 2132 auditu,
428 2093 485 2124 sed
501 2102 543 2123 ex
559 2093 632 2124 visu
645 2094 844 2124 confirmatio

139 2139 198 2169 est.
215 2140 330 2169 Sonuit
343 2147 425 2178 vox,
442 2140 609 2178 splenduit
619 2140 677 2170 ssos
687 2162 697 2178 ,
711 2141 744 2171 et
758 2142 845 2171 veri-

141 2185 187 2215 tas
209 2185 248 2215 de
264 2186 352 2216 terra
368 2186 437 2216 orta
453 2186 503 2216 est
523 2194 584 2225 per
603 2185 751 2216 fidelium
766 2195 845 2216 con-

139 2230 313 2262 fessionem
326 2254 335 2270 ,
348 2232 449 2262 verbo
465 2232 620 2271 signoque
633 2232 758 2271 pariter
770 2241 844 2263 con-

138 2277 344 2307 currentibus
363 2277 398 2306 in
419 2277 647 2308 testimonium
661 2277 750 2308 fidei.
766 2278 844 2308 Tes-

138 2322 277 2352 timonia
289 2322 350 2352 ista
362 2322 533 2353 credibilia
549 2323 632 2353 facta
642 2324 718 2353 sunt
731 2323 842 2362 nimis,

139 2367 217 2397 dum
237 2367 298 2398 ssos
316 2368 409 2406 voci,
430 2369 501 2398 auri
523 2368 840 2406 oculusjattestatur.

140 2413 257 2443 Audita
268 2413 336 2443 visa
353 2413 562 2452 confirmant,
576 2415 613 2444 ut
625 2414 761 2444 duorum
776 2415 843 2445 tes-

139 2458 312 2490 limonium
337 2458 349 2499 (
366 2459 454 2489 auris
477 2460 590 2498 loquor
606 2460 640 2490 et
659 2460 747 2490 oculi
763 2459 773 2499 )
790 2469 842 2491 ra-

138 2505 207 2534 111111
219 2505 272 2536 sit.
284 2505 458 2544 Propterea
470 2505 630 2536 Dominus
638 2505 766 2537 aiebat:
784 2508 841 2544 lte,

137 2553 310 2582 renuntiate
333 2551 472 2582 Johanm·
487 2550 497 2590 (
513 2551 583 2589 ejus
601 2560 722 2591 nempe
744 2551 843 2583 disci-

140 2595 517 2638 pulisloqiiebatur)q11oe
532 2599 660 2629 audistis
675 2601 701 2629 ct
716 2599 839 2629 vidistis.

1526 178 1585 208 543

891 223 955 253 Nec
984 222 1117 253 brevius
1144 223 1210 254 illis
1224 246 1233 262 ,
1262 233 1322 256 nec
1348 229 1475 265 planius
1508 233 1586 262 inti-

890 269 971 298 mari
982 268 1058 298 fidei
1072 269 1176 299 valuit
1189 269 1361 301 certitudo,
1381 275 1497 306 Eadem
1509 285 1586 307 sane

890 314 924 343 in
939 314 1033 344 brevi
1049 315 1149 345 etiam
1164 315 1324 346 universae
1343 317 1438 348 terrae
1454 329 1586 358 persua-

889 359 936 390 sio
952 360 1035 391 facta
1050 360 1112 398 est,
1129 360 1163 391 et
1174 360 1288 390 eodem
1303 365 1483 398 argumenti
1498 375 1586 396 com-

889 406 1018 443 pendio.
1033 408 1108 446 Qaoe
1122 407 1267 443 audistis,
1282 405 1406 444 inquit,
1421 410 1448 438 et
1459 412 1584 443 vidistis.

889 452 912 481 Ο
921 451 1057 482 verbum
1070 451 1309 490 abbreviatum,
1322 452 1465 482 attamen
1476 455 1588 486 vivum

889 497 922 527 et
934 497 1050 528 efficax
1061 497 1068 527 !
1084 497 1177 527 Haud
1185 497 1303 527 dubius
1312 497 1458 535 profecto
1470 506 1587 538 assero,

887 543 973 580 quod
983 543 1116 573 auribus
1129 543 1294 581 oculisque
1306 542 1450 581 percepi.
1462 544 1591 576 Intonat

888 587 966 618 tuba
986 589 1135 619 salutaris
1148 611 1157 627 ,
1173 589 1343 619 coruscant
1364 588 1541 626 miracula,
1556 590 1591 619 et

887 633 1025 664 mundus
1047 634 1162 665 eredit.
1185 634 1255 664 Cito
1276 634 1492 672 persuadetur
1503 635 1590 672 quod

886 678 1019 717 dicitur,
1032 679 1110 709 dum
1122 680 1209 718 quod
1219 680 1384 718 stupetur,
1394 679 1588 710 ostenditur.

886 724 993 754 Habes
1020 725 1148 763 autem,
1177 725 1253 763 quia
1278 725 1411 764 profecti
1444 724 1590 763 Apostoli

883 771 1125 808 proedicaverunt
1159 771 1270 809 ubique
1281 791 1292 807 ,
1320 771 1454 801 Domino
1482 779 1591 809 coope—

883 817 984 853 rante,
999 818 1028 846 et
1047 825 1220 847 sermonem
1244 816 1446 853 confirmante
1460 825 1589 854 sequen-

884 861 964 892 tibus
984 863 1089 901 siquis.
1113 862 1220 892 Habes
1236 862 1271 892 in
1294 862 1404 892 monte
1428 861 1589 899 stupenda

884 907 1032 938 claritate
1052 908 1317 946 transfiguratum
1330 929 1339 945 ,
1370 907 1403 937 et
1417 907 1589 937 nihilomi-

883 961 944 983 nus
963 962 1104 992 superna
1131 954 1342 984 testificatum
1366 961 1459 983 voce.
1480 953 1590 984 Habes

884 999 917 1029 in
936 1000 1077 1030 Jordane
1101 1000 1256 1030 similiter
1281 1000 1313 1030 et
1329 999 1512 1029 columbam
1534 999 1592 1030 de-

883 1045 1080 1084 signantem,
1108 1047 1142 1076 et
1152 1054 1267 1076 vocem
1282 1045 1525 1076 testificantem.
1538 1045 1586 1075 lta

883 1090 951 1120 haec
967 1091 1029 1120 duo
1042 1091 1163 1129 ubique
1172 1090 1307 1129 pariter,
1319 1098 1384 1120 vox
1396 1090 1429 1120 et
1444 1090 1586 1128 signum,

882 1135 922 1164 ad
936 1135 1205 1166 introducendam
1220 1136 1317 1166 fidem
1334 1144 1376 1165 ex
1392 1135 1504 1166 divina
1523 1136 1590 1165 lar-

881 1180 982 1217 gitate
995 1182 1193 1211 concurrunt
1207 1190 1215 1210 :
1230 1181 1267 1211 ut
1281 1182 1368 1211 latus
1388 1181 1428 1211 ad
1447 1182 1589 1211 animam

882 1233 941 1263 per
955 1226 1108 1266 utrasque
1123 1227 1281 1258 fenestras
1300 1227 1462 1265 ingressus
1474 1227 1585 1266 pateat

882 1272 1028 1303 veritati.

922 1318 973 1347 10.
994 1317 1150 1356 Sequitur
1173 1327 1180 1346 :
1204 1319 1296 1349 Ficus
1316 1318 1447 1357 protulit
1469 1326 1589 1356 qrossos

880 1363 1041 1393 suos-Non
1058 1363 1267 1393 comedamus
1282 1371 1324 1393 ex
1340 1363 1407 1393 eis:
1422 1370 1483 1392 nec
1499 1363 1588 1392 enim

883 1408 953 1438 esui
966 1408 1094 1439 habiles
1106 1409 1181 1439 sunt
1192 1409 1232 1438 ob
1245 1407 1515 1438 immaturitatem
1524 1408 1587 1437 sui.

881 1455 1043 1483 Bonarum
1067 1454 1188 1483 ficuum
1209 1454 1332 1483 habent
1348 1453 1491 1491 speciem
1504 1474 1513 1491 ,
1530 1453 1588 1483 sed

880 1499 1134 1529 similitudinem
1143 1522 1152 1538 ,
1165 1507 1231 1529 non
1245 1507 1394 1537 saporem
1406 1521 1416 1537 ,
1428 1498 1510 1528 sorte
1527 1499 1589 1537 hy-

880 1545 1023 1583 pocritas
1053 1544 1272 1584 designantes.
1296 1545 1366 1574 Non
1397 1544 1589 1582 abjiciamus

880 1590 1010 1628 tamen,
1026 1590 1106 1620 alias
1121 1590 1257 1620 forsitan
1279 1590 1330 1620 his
1351 1598 1432 1628 opus
1446 1589 1588 1620 habebi-

880 1644 962 1666 mus.
979 1637 1134 1674 Alioquin
1150 1636 1228 1666 satis
1243 1644 1302 1674 per
1314 1637 1437 1674 seipsos
1449 1635 1589 1673 leviter,

881 1682 914 1711 ct
938 1682 1016 1711 ante
1041 1682 1173 1719 tempus
1189 1682 1328 1719 cadent,
1356 1681 1441 1711 sicut
1465 1680 1590 1710 foenum

881 1728 1060 1766 tectorum,
1088 1727 1176 1766 quod
1204 1727 1395 1765 priusquam
1426 1726 1588 1756 evellatur

880 1773 1022 1803 exaruit.
1039 1773 1133 1810 Quod
1146 1781 1206 1811 ego
1221 1773 1260 1803 de
1277 1772 1455 1811 hypocritis
1466 1772 1589 1802 dictum

880 1828 965 1849 reor.
978 1820 1047 1849 Non
1064 1820 1133 1850 sine
1149 1827 1244 1849 causa
1266 1819 1378 1849 tamen
1395 1819 1429 1848 in
1445 1818 1589 1848 carmine

879 1866 1020 1903 nuptiali
1037 1873 1149 1896 eorum
1163 1864 1287 1895 mentio
1299 1863 1384 1894 facta
1409 1864 1471 1894 est.
1487 1864 1591 1893 Erunt

879 1911 949 1941 sine
975 1911 1074 1941 dubio
1087 1933 1096 1948 ,
1120 1911 1182 1941 etsi
1197 1917 1262 1940 non
1276 1909 1366 1946 esui,
1383 1909 1457 1938 usui
1483 1908 1589 1946 quali-

879 1965 1032 1994 cumque.
1049 1957 1149 1986 Multa
1165 1957 1199 1984 in
1214 1955 1339 1993 nuptiis
1353 1956 1473 1992 practer
1487 1954 1587 1991 dapes

878 2002 1062 2032 necessarie
1078 2002 1306 2040 procurantur.
1319 2002 1382 2038 Ego
1397 2008 1475 2030 vero
1498 1999 1588 2030 istud

878 2047 959 2077 adeo
974 2046 1112 2076 minime
1130 2046 1397 2085 praetereundum
1414 2044 1587 2082 existimo,

878 2093 914 2122 ut
935 2093 1093 2131 quicquid
1115 2092 1199 2122 illud
1221 2093 1288 2129 est,
1314 2092 1402 2121 inter
1420 2091 1587 2129 angustias

877 2138 1126 2168 extremitatum
1139 2137 1297 2167 sermonis
1312 2137 1410 2174 huJus
1421 2136 1588 2166 discutere

877 2184 978 2214 nolim
994 2193 1002 2213 :
1020 2184 1077 2214 sed
1093 2184 1207 2214 differo
1223 2183 1258 2213 in
1274 2183 1363 2213 diem
1378 2182 1518 2212 alterum
1529 2203 1538 2220 ,
1555 2182 1589 2211 et

877 2230 990 2260 horam
1007 2230 1212 2259 liberiorem.
1230 2230 1278 2259 An
1290 2236 1367 2259 vero
1382 2227 1588 2265 necessarie,

876 2276 969 2307 vobis
998 2275 1077 2306 tunc
1105 2275 1253 2314 experiri
1278 2274 1395 2305 licebit
1421 2282 1429 2303 τ
1459 2273 1585 2304 tantum

875 2322 961 2352 mihi
1006 2321 1287 2360 opportunitatem
1330 2319 1585 2357 facultatemque

876 2367 1047 2398 obtineant
1061 2368 1137 2397 vota
1158 2368 1268 2398 vestra
1288 2365 1330 2397 ad
1352 2364 1583 2404 proferendum

876 2414 963 2452 quod
979 2414 1084 2445 sentio
1098 2414 1159 2452 ,in
1179 2413 1322 2444 vestram
1341 2412 1486 2450 ipsorum
1506 2408 1584 2438 aedi*

876 2459 1073 2498 ficationem,
1085 2460 1120 2489 in
1135 2459 1266 2489 laudem
1282 2457 1315 2488 et
1324 2455 1457 2495 gloriam
1467 2453 1579 2491 Sponsi

875 2505 1029 2536 Ecclesiae
1044 2506 1122 2536 Jesu
1142 2504 1260 2535 Christi
1277 2501 1425 2537 Domini,
1451 2499 1506 2538 qui
1533 2499 1581 2527 est

877 2560 976 2591 super
987 2551 1095 2582 omnia
1103 2552 1190 2582 Deus
1202 2548 1396 2580 benedictus
1408 2545 1439 2575 in
1451 2544 1565 2575 saccula
1574 2565 1581 2579 2

878 2606 984 2628 amen.
