1846 3078
572 229 616 258 IN
639 226 834 259 CANTICA
858 225 1008 254 SERMO
1030 227 1150 255 XLIX.

144 286 377 330 disparuerint,
392 283 426 316 et
444 282 641 314 subintrabit
661 283 746 313 sicut
767 289 841 320 per-

143 338 274 375 5111ου3,
291 334 336 364 ita
361 332 394 362 et
413 330 572 369 perpetua
595 329 697 366 visi03
714 327 840 365 eritque

143 389 207 411 non
231 378 325 409 modo
352 375 494 406 suavitas
517 374 658 412 gutturi,
673 373 730 403 scd
745 373 778 402 et
792 379 842 400 sa-

142 425 237 455 tietas
261 421 387 458 ventri3
411 421 480 451 sine
504 419 630 448 fastidio
645 419 765 447 tamen.
779 416 841 447 Sub

141 469 252 499 umbra
275 469 337 506 ejiis
353 475 442 506 quem
466 466 704 495 desideraveram
719 463 799 498 sedi,
814 463 843 491 et

140 514 257 550 fructus
269 513 333 551 ejus
347 512 440 541 dulcis
455 511 571 549 quitari
588 517 666 538 meo.
688 508 749 538 Nos
763 515 843 545 quo-

140 565 203 595 que
219 558 275 587 ubi
291 565 405 596 sponsa
421 555 552 595 pausat,
572 561 745 593 pausemus
758 552 843 591 pari-

141 604 208 641 ter,
235 603 274 633 de
299 603 426 640 sumpto
452 602 547 640 gustu
576 598 842 629 Patremfarnilias

140 648 355 687 glorificantes
364 670 373 686 ‚
385 647 440 686 qui
456 656 511 677 nos
526 646 566 676 ad
576 645 656 675 tales
669 644 779 682 epulas
794 643 842 673 in-

141 694 276 732 vitavit,
291 701 440 732 sponsum
454 692 601 722 Ecclesiae
612 691 721 719 Jesum
737 688 842 718 Chris-

141 739 211 769 tum
232 740 403 769 Dominum
432 739 592 775 nostrum,
610 736 667 774 qui
683 717 855 772 estsuper!

140 784 249 815 omnia
285 786 372 816 Deus
413 782 604 814 benedictus
630 781 666 813 iu
703 780 839 818 saecula,

141 837 250 861 amen.

320 933 489 967 SERMO
519 933 659 966 XLIX.

140 1007 270 1041 Qualiter
281 1013 332 1039 per
345 1007 541 1032 discretionem
556 1006 708 1031 ordinatur
720 1005 840 1035 Caritas,

168 1047 201 1068 ut
217 1045 312 1068 omnia
328 1044 458 1067 membra
477 1043 620 1073 Ecclesiae,
637 1043 667 1067 id
685 1045 723 1067 est
743 1042 841 1073 electi,

169 1079 291 1103 invicem
303 1078 485 1108 colligentur.

179 1144 209 1172 i.
224 1143 441 1173 IN'rnonuxrr
455 1152 503 1172 me
513 1152 571 1173 rex
584 1143 617 1173 in
632 1142 739 1173 cellam
752 1143 841 1172 vina·

138 1190 239 1227 riam,
252 1190 404 1218 ordinavit
418 1189 450 1218 in
464 1197 512 1218 me
526 1190 698 1218 caritatem.
712 1188 752 1218 Ut
766 1187 840 1226 qui-

138 1234 213 1263 dem
234 1233 391 1271 propositi
411 1233 545 1271 capituli
571 1232 704 1263 videtur
726 1241 839 1262 sonare

138 1280 265 1317 littera,
282 1279 392 1309 habito
404 1287 461 1316 pro
472 1279 558 1309 votis
569 1278 656 1308 dulci
668 1278 839 1308 admodum

138 1324 356 1363 familiarique
369 1324 530 1362 colloquio
545 1332 619 1354 cum
632 1324 750 1354 dilecto
762 1347 770 1362 ,
784 1325 840 1355 illo

140 1370 282 1400 abeunte
308 1378 423 1408 sponsa
447 1369 631 1407 regreditur
655 1370 696 1400 ad
719 1370 841 1400 adoles-

141 1416 306 1453 centulas,
331 1415 464 1454 aspectu
488 1415 533 1445 ita
555 1415 657 1454 ipsius
679 1415 840 1454 affatuque

139 1461 262 1491 refecta
283 1461 379 1499 atque
399 1469 551 1498 accensa,
567 1461 726 1499 quatenus
742 1461 839 1492 ebriae

139 1506 256 1536 similis
270 1506 450 1544 appareret.
467 1506 505 1535 Et
519 1506 610 1544 quasi
627 1506 692 1535 illis
706 1507 841 1544 stupen-

138 1552 226 1583 tibus
232 1552 422 1589 novitatem,
431 1552 464 1581 et
472 1551 690 1589 quaerentibus
698 1560 838 1590 causam,

139 1597 306 1636 respondit
323 1596 444 1627 mirum
458 1597 593 1627 minime
613 1605 702 1634 esse,
721 1597 748 1627 si
763 1598 839 1628 vino

139 1643 312 1680 aestuaret,
331 1650 401 1680 quae
420 1642 455 1671 in
478 1642 594 1671 cellam
607 1642 767 1671 vinariam
789 1642 840 1671 in-

138 1688 282 1718 troisset.
304 1689 342 1718 Et
355 1687 532 1718 secundum
552 1687 695 1717 litteram
711 1687 768 1717 ita.
784 1688 839 1717 Se-

141 1734 286 1763 cundum
313 1733 464 1771 spiritum
493 1740 621 1770 quoque
646 1741 712 1762 non
742 1733 841 1770 negat

140 1779 264 1809 ebriam
273 1801 282 1816 ,
295 1779 352 1808 sed
364 1786 472 1808 amore
482 1800 491 1815 ,
503 1787 565 1808 non
575 1778 663 1816 vino,
676 1778 738 1808 nisi
754 1779 840 1816 quod

139 1833 226 1854 amor
235 1825 347 1855 vinum
358 1825 416 1855 est.
428 1825 604 1854 Introduxit
616 1834 662 1854 me
670 1834 728 1855 rex
740 1825 772 1854 in
783 1825 841 1855 cel-

139 1871 203 1901 lam
214 1872 381 1901 vinariam.
395 1870 525 1907 Quando
535 1879 675 1908 praesens
687 1872 736 1901 cst
747 1879 840 1909 spon-

138 1925 210 1954 sus,
231 1917 263 1947 et
277 1925 391 1955 sponsa
410 1916 450 1946 ad
471 1915 576 1954 ipsum
597 1925 778 1946 sermonem
794 1917 840 1946 di-

137 1962 231 2000 rigit3
248 1963 325 1993 tunc
340 1972 466 2001 sponsus
487 1961 607 1994 dicitur
624 1964 679 1993 aut
694 1964 817 1994 dilectus
828 1985 839 2000 ,

136 2009 193 2038 aut
207 2017 295 2046 quem
310 2010 405 2048 ‹tiliyit
417 2011 525 2039 anima
539 2018 608 2039 mea
620 2031 630 2046 ‚
644 2009 752 2047 inquit
767 2018 774 2038 :
792 2009 848 2041 lo-,

135 2062 238 2094 quens
251 2064 327 2086 vero
336 2057 375 2086 de
385 2057 453 2095 ipso
464 2057 727 2095 adolescentulis,
738 2067 839 2096 reqem

134 2100 292 2130 nominat.
306 2101 432 2139 thuid
444 2101 523 2131 hoc?
539 2103 711 2139 Propterea
724 2102 818 2132 credo
828 2125 837 2140 ,

134 2146 211 2184 quia
237 2147 270 2176 et
293 2155 415 2184 sponsae
440 2147 563 2177 amanti
587 2148 684 2185 atque
709 2147 849 2178 dilectae*

134 2191 311 2222 conveniat
332 2192 382 2222 uti
403 2191 596 2223 familiarius
613 2192 624 2232 (
643 2193 729 2231 quod
749 2194 790 2223 ad
805 2202 838 2223 se

135 2235 212 2276 est)
229 2238 346 2267 amoris
366 2239 553 2269 nominibus
576 2247 584 2268 ε
603 2239 636 2269 et
650 2239 839 2270 adolescen-

133 2282 212 2311 tulis
221 2303 230 2320 ‚
243 2283 408 2321 tamquam
416 2284 587 2322 disciplina
597 2284 818 2323 indigentibus
827 2308 837 2324 ,

133 2335 215 2365 opus
227 2328 269 2358 sit
283 2329 464 2359 reverendo
476 2331 581 2369 premi
596 2331 754 2361 vocabulo
768 2339 839 2362 ma-

131 2372 272 2409 jestatis.

174 2418 205 2447 2.
224 2420 402 2450 Introduaeit
422 2429 470 2451 me
490 2430 549 2451 rea:
568 2422 601 2451 in
622 2422 730 2452 cellam
746 2424 837 2455 vina-

132 2463 226 2492 riam.
249 2464 401 2500 Quaenam
427 2465 488 2496 ista
513 2465 555 2495 sit
580 2467 663 2497 cella
687 2468 834 2508 vinaria,

136 2510 295 2547 praetereo
317 2510 444 2549 dicere,
467 2511 542 2549 quia
564 2511 684 2542 dixisse
706 2522 758 2544 me
783 2523 838 2545 re-

133 2554 216 2583 colo.
232 2555 352 2585 Tamen
367 2557 394 2586 si
416 2557 455 2586 ad
476 2558 651 2587 Ecclesiam
674 2559 837 2592 referatur

131 2607 236 2629 sermo
249 2622 259 2638 ‚
275 2609 349 2631 cum
364 2603 480 2641 repleti
495 2603 618 2642 Spiritu
638 2606 747 2636 sancto
761 2607 835 2638 Dis-

133 2643 233 2683 cipuli
244 2647 348 2677 111115ἰο
360 2648 441 2677 ebrii
458 2656 474 2677 a
489 2650 608 2687 populo
622 2650 830 2689 putarentur;

1512 228 1577 261 500*

875 280 950 310 tunc
963 280 1124 318 tamquam
1139 279 1258 308 amicus
1271 280 1377 317 sponsi
1389 290 1446 320 pro
1458 291 1572 323 sponsa

874 325 959 356 stans
972 325 1086 355 Petrus
1102 325 1136 353 in
1150 324 1257 354 medio
1273 332 1384 355 eorum
1397 335 1405 355 ι
1418 330 1507 368 Non,
1520 331 1573 360 in-

874 371 961 409 quit,
982 372 1059 401 sicut
1080 379 1133 401 vos
1152 370 1308 400 oestimatz's
1319 390 1329 406 ‚
1350 370 1383 400 hi
1401 372 1476 402 ebrii
1488 377 1571 406 sunt.

874 416 1012 446 Attende
1041 415 1173 446 interim
1186 437 1196 453 ,
1231 414 1319 453 quod
1352 423 1416 445 non
1443 419 1574 449 omnino

875 461 981 491 ebrios
993 484 1003 499 ,
1023 461 1080 492 sed
1095 460 1201 491 ebrios
1213 483 1223 499 ‚
1246 459 1330 490 sicut
1350 460 1390 489 ab
1406 460 1472 490 illis
1487 463 1572 493 305ῑί-

874 506 953 536 mati
964 506 1059 543 sunt,
1071 505 1254 544 denegavit.
1266 504 1459 534 Erantenim
1471 506 1571 546 ebrii,

874 552 930 581 sed
943 552 1065 589 Spiritu
1079 551 1206 589 sancto,
1223 558 1288 581 non
1299 550 1417 580 musto.
1430 550 1468 580 Et
1481 553 1572 588 quasi

875 597 1125 627 testificarentur
1139 597 1180 626 ad
1194 597 1343 634 plebem,
1359 603 1475 626 revera
1489 604 1523 625 se
1539 596 1572 626 in

875 641 989 670 cellam
1001 641 1100 671 fuisse
1112 642 1271 672 vinariam
1281 640 1492 678 introductos,
1501 649 1575 670 rur-

874 695 945 716 sum
966 687 1079 716 Petrus
1100 695 1158 725 pro
1180 687 1329 717 omnibus
1345 695 1353 715 τ
1372 687 1428 716 Sed
1443 686 1498 716 hoc
1512 689 1574 723 est,

874 733 919 763 ait
929 755 939 770 ,
956 734 1034 771 quod
1045 734 1158 763 dictum
1170 735 1213 764 est
1224 742 1279 772 per
1291 732 1479 770 Prophetam
1490 733 1574 762 Joel:

874 780 914 808 Et
925 780 982 808 erit
993 779 1024 808 in
1035 779 1201 809 novissimis
1211 778 1325 814 diebus,
1333 778 1403 807 dicit
1411 779 1574 813 Dominus,

873 825 1027 861 effundam
1050 825 1084 854 de
1108 825 1225 862 Spiritu
1247 832 1314 853 meo
1338 832 1429 861 super
1452 831 1573 852 omnem

873 878 997 899 carnem
1008 890 1019 906 ‚
1036 871 1065 899 et
1076 869 1302 908 prophetabunt
1321 869 1378 906 filii
1390 869 1484 898 vestri
1496 870 1524 898 et
1537 869 1573 905 si-

873 915 932 944 lioe.
953 916 1080 945 Juvenes
1097 916 1191 945 vestri
1212 915 1340 945 visiones
1360 914 1519 952 videbunt,
1542 915 1571 944 ec

872 969 955 990 senes
976 961 1068 990 vestri
1082 961 1203 991 somnia
1216 960 1423 991 somniabunt.
1441 959 1488 989 Αιι
1508 967 1572 989 11011

874 1004 934 1034 tibi
950 1005 1032 1035 cella
1045 1005 1176 1035 videtur
1191 1004 1290 1035 fuisse
1305 1004 1430 1035 vinaria
1445 1005 1500 1034 illa
1515 1004 1573 1034 do-

873 1058 944 1080 mus
952 1073 961 1089 ‚
974 1051 1009 1080 in
1020 1059 1084 1090 qua
1096 1051 1189 1081 erant
1199 1050 1357 1088 Discipuli
1369 1050 1491 1088 pariter
1497 1058 1573 1080 con-

873 1096 1016 1135 gregati,
1038 1106 1107 1127 cum
1131 1097 1232 1135 factus
1251 1098 1294 1126 cst
1311 1097 1431 1134 repente
1450 1097 1484 1125 de
1499 1096 1572 1126 coelo

871 1151 963 1172 sonus
981 1163 992 1178 ‚
1026 1143 1184 1180 tamquam
1225 1142 1409 1172 advenientis
1447 1142 1572 1180 spiritus

871 1187 1052 1218 vehementis
1061 1209 1071 1224 ‚
1084 1189 1112 1217 et
1122 1187 1243 1226 replevit
1257 1188 1353 1217 totam
1365 1188 1488 1217 domum
1498 1207 1508 1222 ,
1520 1186 1574 1216 ubi

872 1234 961 1263 erant
980 1234 1130 1270 sedentes,
1151 1232 1406 1271 adimplevitque
1428 1233 1569 1270 prophe-

872 1278 950 1308 tiam
964 1278 1053 1308 Joel?
1074 1278 1113 1308 Et
1133 1286 1239 1308 nonne
1262 1278 1481 1316 unusquisque
1497 1278 1571 1308 illo-

871 1332 942 1353 rum
958 1325 1074 1354 exiens
1088 1324 1269 1355 inebriatus
1282 1325 1322 1354 ab
1341 1324 1493 1354 ubertate
1516 1324 1571 1353 do-

871 1378 942 1400 mus
954 1370 1060 1408 illius,
1077 1370 1110 1400 et
1124 1371 1267 1401 torrente
1280 1369 1457 1407 voluptatis
1472 1370 1569 1399 tantae

870 1415 1009 1454 potatus,
1021 1415 1130 1446 dicere
1141 1415 1257 1445 merito
1268 1414 1382 1453 quibat
1394 1423 1402 1444 ε
1417 1416 1570 1454 Quoniam

871 1462 1042 1492 introduxit
1061 1470 1110 1491 me
1131 1470 1190 1491 rex
1213 1462 1246 1491 in
1266 1461 1373 1491 cellam
1393 1460 1572 1491 vinariam?

909 1507 939 1537 5.
957 1507 1020 1537 Sed
1041 1507 1075 1537 et
1095 1507 1132 1537 tu
1147 1515 1294 1545 quoque,
1311 1506 1338 1537 si
1359 1506 1493 1536 collecto
1514 1506 1570 1537 tuo

870 1552 1005 1591 spiritu,
1027 1553 1139 1583 mente
1159 1553 1267 1583 sobria
1287 1552 1320 1582 et
1341 1560 1444 1583 vacua
1464 1553 1567 1590 curis,

870 1601 1021 1631 orationis
1032 1601 1161 1631 domum
1170 1601 1257 1632 solus
1268 1601 1409 1631 introeas
1417 1623 1426 1639 ,
1439 1600 1472 1632 et
1482 1601 1570 1632 stans

870 1655 974 1677 coram
996 1648 1063 1676 Deo
1084 1647 1122 1676 ad
1136 1655 1238 1677 unum
1257 1647 1387 1685 aliquod
1402 1647 1442 1677 de
1458 1647 1570 1677 altari-

869 1693 928 1722 bus
937 1714 946 1730 ,
959 1693 1031 1722 coeli
1042 1692 1174 1729 januam
1184 1693 1294 1730 tangas
1302 1693 1404 1723 sancti
1414 1693 1568 1724 desiderii

869 1745 983 1775 manu,
1010 1737 1043 1767 et
1068 1737 1279 1776 praesentatus
1305 1738 1413 1767 choris
1436 1738 1569 1769 Sancto-

869 1791 941 1812 rum
954 1804 964 1821 ,
980 1783 1035 1812 tua
1046 1783 1239 1821 penetrante
1254 1783 1426 1813 devotione
1443 1782 1454 1822 (
1469 1783 1568 1822 siqui-

870 1831 943 1861 dem
959 1832 1061 1862 oratio
1071 1832 1151 1869 justi
1166 1831 1315 1870 penetrat
1331 1833 1427 1862 coelos
1443 1831 1453 1871 )
1467 1832 1501 1862 in
1515 1833 1566 1871 ip-

869 1886 976 1907 sorum
999 1878 1172 1916 praesentia
1197 1877 1398 1908 miserandus
1419 1877 1568 1916 deplores

869 1923 1016 1954 miserias
1041 1924 1074 1953 et
1098 1923 1297 1953 calamitates
1322 1932 1401 1961 quas
1425 1925 1566 1962 pateris3

869 1969 991 1999 crebris
1004 1969 1150 2008 suspiriis
1165 1969 1197 1999 et
1212 1968 1388 2007 gemitibus
1401 1969 1568 1999 inenarra-

868 2015 989 2045 bilibus
1015 2015 1132 2054 prodas
1159 2015 1388 2046 necessitatem
1401 2038 1410 2054 ,
1442 2016 1568 2055 flagites

868 2061 1023 2098 pietatem
1036 2069 1044 2089 :
1058 2061 1084 2090 si
1095 2083 1103 2098 ‚
1116 2061 1248 2099 inquam
1258 2083 1267 2099 ,
1284 2061 1344 2091 hoc
1359 2061 1480 2100 egeriS,
1493 2070 1568 2092 con-

868 2106 928 2136 fido
945 2107 978 2137 in
994 2114 1032 2136 eo
1048 2107 1104 2145 qui
1117 2107 1346 2144 dixitzPetite,
1362 2109 1391 2137 et
1399 2109 1567 2146 accipietis,

868 2151 942 2190 quia
972 2152 1000 2183 si
1033 2152 1294 2191 perseveraveris
1321 2153 1452 2190 pulsans
1464 2175 1473 2191 ‚
1502 2161 1568 2184 non

869 2197 973 2228 exibis
984 2205 1117 2228 vacuus.
1130 2199 1250 2228 Verum
1262 2206 1336 2228 cum
1347 2200 1379 2228 te
1391 2198 1568 2229 nohisred-

868 2244 988 2274 dideris
1009 2244 1141 2282 plenum
1163 2244 1266 2282 gratia
1283 2243 1316 2273 et
1336 2244 1470 2274 caritate
1482 2266 1490 2282 ‚
1506 2252 1567 2274 nec

867 2289 987 2327 poteris
1002 2289 1120 2327 spiritu
1135 2288 1264 2320 fervens
1277 2289 1478 2320 dissimulare
1494 2298 1568 2319 mu-

867 2343 926 2365 nus
941 2334 1111 2374 acceptum
1122 2356 1131 2373 ‚
1147 2335 1233 2374 quod
1251 2335 1321 2365 sine
1341 2335 1464 2365 invidia
1479 2344 1567 2365 com-

867 2381 1048 2411 municabis
1060 2389 1069 2419 3
1086 2381 1214 2421 erisque
1227 2381 1376 2411 omnibus
1390 2382 1425 2410 in
1441 2381 1542 2419 gratia
1555 2401 1565 2417 ,

866 2435 938 2464 quae
953 2426 1026 2457 data
1036 2426 1173 2464 esttibi,
1189 2436 1252 2458 non
1263 2427 1357 2457 modo
1370 2427 1477 2465 gratus
1486 2447 1495 2463 ,
1508 2425 1565 2455 sed

867 2472 1008 2503 fortassis
1022 2473 1121 2503 etiam
1142 2473 1349 2503 admirandus
1365 2480 1373 2500 :
1389 2470 1509 2510 poteris
1530 2470 1564 2499 et

868 2518 936 2556 ipse
961 2519 1123 2549 veraciter
1148 2518 1338 2557 protestari,
1364 2517 1438 2555 quia
1463 2517 1563 2545 intro-

867 2565 954 2595 duxit
964 2574 1011 2595 me
1022 2574 1080 2595 rex
1091 2566 1123 2595 in
1134 2566 1241 2595 cellam
1251 2563 1404 2594 vinariam
1414 2571 1424 2591 .-
1438 2561 1564 2591 tantum

867 2610 980 2640 cautus
1000 2610 1086 2648 esto,
1100 2618 1165 2640 non
1180 2610 1213 2638 in
1228 2609 1279 2646 te,
1295 2607 1352 2637 sed
1373 2606 1406 2636 in
1425 2605 1563 2635 Domino

866 2655 1008 2693 gloriari.
1041 2655 1105 2685 Nec
1130 2663 1225 2685 omne
1251 2653 1367 2683 donum
1383 2674 1392 2690 ,
1416 2651 1565 2690 quamvis
