1810 3073
287 229 349 260 226

287 283 385 314 diunt
398 282 509 322 lingua
532 281 710 320 maledica,
728 282 763 312 et
776 282 933 320 quantum
950 279 984 308 in

288 337 323 359 se
335 330 396 368 est,
405 330 503 360 necat
510 328 658 360 funditus
670 328 703 358 et
712 326 909 364 exstinguIt:
920 332 985 354 non

284 374 392 405 solum
405 375 529 413 31116111,
544 374 601 404 sed
613 374 646 403 et
661 373 694 402 in
709 371 897 402 absentibus
909 369 984 398 11111-

286 420 411 458 versis,
444 420 487 450 ad
510 428 590 458 quos
609 419 721 449 volans
743 416 880 446 verbum
901 414 983 443 forte

284 473 344 502 per
358 473 413 495 eos
422 486 432 503 ,
446 465 502 503 qui
517 463 692 502 praesentes
703 461 798 497 sunt,
810 458 982 497 pervenire

285 510 469 548 contigerit.
483 509 581 539 Vides
591 515 688 546 quam
699 506 793 535 facile
806 505 839 535 et
850 505 880 533 in
891 504 982 533 brevi

285 556 452 593 ingentem
467 552 712 584 multitudinem
729 550 909 580 animarum
924 557 983 578 ve-

284 600 400 630 lociter
414 607 547 629 currens
560 604 664 627 sermo
679 596 753 625 tabe
768 595 902 624 malitiae
922 594 983 624 hu-

280 645 335 682 jus
353 645 486 674 inficere
506 643 617 681 possit.
638 642 812 679 Propterea
839 640 920 670 dicit
942 641 981 670 de

282 690 402 720 talibus
425 688 637 727 propheticus
669 687 803 724 spiritus
818 695 826 714 z
844 688 981 725 Quorum

283 744 317 765 os
339 735 548 764 maledictione
575 735 604 763 et
627 734 833 762 amaritudine
859 733 979 770 plenum

282 782 342 816 est,
357 781 470 810 celoces
491 780 580 817 pedes
599 788 706 808 eorum
722 780 760 807 ad
772 778 982 814 effundendum

282 826 475 863 sanquinem.
497 825 619 862 [tique
635 824 700 853 tam
714 824 842 853 veloces
855 845 864 860 ,
887 832 980 861 quam

283 871 441 900 velociter
464 871 567 899 currit
595 877 713 899 sermo.
740 869 828 898 L'nus
853 870 902 897 est
927 870 980 906 qui

282 916 487 952 loquitur,et
502 923 604 944 unum
620 916 744 944 tantum
759 914 895 942 verbum
909 922 982 950 pro-

282 959 348 989 fert
364 968 372 988 :
391 961 425 989 et
453 960 562 988 tamen
592 958 673 988 illud
698 966 799 986 unum
829 958 981 995 verbum,

282 1012 347 1034 uno
365 1005 398 1033 in
414 1005 599 1041 momento,
616 1003 835 1032 multitudinis
850 1003 984 1032 audien-

281 1050 382 1087 tium,
400 1050 476 1079 dum
499 1057 594 1078 aures
609 1048 726 1085 inficit,
743 1049 866 1077 animas
883 1049 984 1078 inter—

280 1095 361 1124 ficit.
375 1097 432 1124 Cor
444 1094 606 1132 siquidem
622 1094 698 1123 felle
715 1094 828 1122 livoris
839 1102 981 1123 amarum

281 1148 341 1177 per
356 1140 473 1177 linguae
487 1140 738 1169 instrumentum
755 1146 904 1176 spargere
922 1139 982 1168 nisi

280 1192 387 1214 amara
400 1193 462 1214 non
478 1185 602 1222 potest,
617 1184 746 1213 dicente
762 1184 897 1213 Domino
911 1192 918 1212 ε
932 1186 984 1214 Ea·

282 1228 475 1258 abundantia
500 1229 599 1258 cordis
627 1237 659 1258 os
678 1229 823 1266 loquitur.
848 1229 885 1258 Et
910 1231 980 1257 sunt

281 1273 408 1311 species
425 1273 525 1311 pestis
540 1273 636 1310 hujus
650 1295 659 1310 ,
684 1274 760 1303 dum
776 1274 830 1303 alii
851 1274 981 1312 quidem

280 1318 368 1347 nude
396 1320 494 1356 atque
520 1318 759 1356 irreverenter,
786 1320 833 1348 uti
853 1319 886 1348 in
905 1319 983 1349 buc·

280 1371 352 1393 cam
369 1364 519 1401 venerit,
535 1364 625 1394 virus
641 1366 791 1394 evomant
808 1365 983 1394 detractio-

278 1408 332 1438 nis
347 1417 354 1437 :
373 1409 429 1438 alii
444 1410 553 1439 autem
565 1410 702 1447 quodam
719 1410 878 1440 simulatae
890 1418 983 1439 vere-

280 1454 407 1483 cundiae
419 1453 492 1483 fuco
505 1457 695 1492 conceptam
708 1456 982 1493 malitIam,quam

280 1500 426 1529 retinere
452 1507 518 1529 non
538 1501 688 1537 possunt,
712 1501 904 1530 adumbrare
934 1510 984 1530 co-

279 1546 413 1574 nentur.
435 1545 553 1575 Videas
567 1546 631 1575 alta
654 1546 808 1583 praemitti
828 1546 982 1585 suspiria,

282 1589 395 1628 sicque
416 1590 553 1628 quadam
570 1599 643 1621 cum
661 1591 819 1629 gravitate
836 1594 868 1622 et
883 1593 984 1622 tardi-

279 1635 359 1672 tate,
373 1637 467 1665 vultu
479 1637 612 1674 moesto,
626 1637 772 1667 demissis
789 1638 982 1676 superciliis,

281 1681 315 1710 et
326 1689 404 1710 voce
413 1681 579 1718 plangenti
591 1682 700 1720 egredi
710 1683 983 1722 maledictionem,

284 1726 319 1755 et
356 1726 490 1764 quidem
529 1728 618 1757 tanto
660 1729 956 1766 persuasibiliorem
975 1752 983 1767 ,

282 1772 404 1809 quanto
428 1771 574 1802 creditur
597 1773 637 1802 ab
663 1773 715 1803 his
742 1774 799 1812 qui
824 1774 984 1812 audiunt,

281 1816 376 1845 corde
399 1816 524 1856 invito,
545 1818 579 1847 et
598 1818 700 1856 magis
717 1819 918 1849 condolentis
938 1820 985 1849 af—

281 1861 391 1899 fectu,
407 1870 504 1900 qnam
519 1863 681 1893 malitiose
696 1864 848 1902 proferri.
863 1866 964 1895 Doleo
976 1888 985 1903 ,

280 1908 408 1945 inquit,
421 1908 648 1946 veliementer,
664 1917 722 1947 pro
735 1917 772 1939 eo
787 1910 872 1948 quod
887 1910 986 1949 diligo

283 1960 358 1982 eum
381 1953 480 1991 satis,
505 1955 539 1983 et
560 1962 736 1992 numquam
756 1956 848 1993 potui
866 1955 905 1985 de
927 1956 986 1986 1136

284 2006 320 2027 16
343 1998 504 2036 corrigere
525 2008 612 2029 eum.
633 2000 672 2030 Et
695 1999 894 2030 alius:)1i11i
917 2001 987 2039 qui-

282 2043 356 2072 dem
370 2066 379 2081 ,
403 2044 467 2082 ait,
491 2044 576 2075 hene
597 2047 797 2083 compertum
819 2045 926 2076 fuerat
947 2046 986 2076 de

282 2088 338 2118 illo
355 2089 440 2119 istud
459 2098 467 2118 ε
485 2090 542 2120 sed
557 2099 617 2128 per
631 2099 684 2121 me
698 2098 876 2129 numquam
892 2091 988 2121 inno-

283 2133 410 2163 tuisset.
429 2135 469 2164 At
489 2135 642 2173 quoniam
657 2143 717 2172 per
731 2136 870 2165 alterum
894 2138 988 2174 pate-

281 2177 366 2207 facta
391 2178 440 2208 est
464 2188 540 2217 res,
574 2180 750 2210 veritatem
777 2188 896 2219 negare
925 2189 987 2211 non

281 2231 413 2262 possum
431 2232 440 2253 :
462 2224 576 2255 dolens
600 2225 695 2263 dico,
716 2234 830 2256 revera
856 2227 900 2256 ita
927 2228 986 2259 est.

282 2269 321 2298 Et
341 2268 457 2298 addit:
477 2269 604 2300 Grande
626 2270 798 2308 damnum;
818 2278 892 2301 nam
909 2272 988 2301 alias

282 2313 420 2351 quidem
441 2313 476 2343 in
495 2315 644 2352 pluribus
658 2316 763 2353 13161,
785 2317 939 2346 caeterum
955 2317 988 2346 in

282 2359 347 2388 hac
367 2359 462 2397 parte
480 2358 537 2398 (ut
555 2369 670 2391 verum
689 2360 866 2402 fateamur)
890 2370 988 2393 excu-

283 2404 349 2434 sari
368 2403 506 2435 minime
521 2406 641 2443 potest.

325 2450 356 2479 5.
368 2449 545 2488 Hispaucis
557 2451 710 2482 adversus
718 2450 986 2490 malignissimum

282 2493 399 2524 vitium
425 2496 682 2528 commemoratis
695 2518 705 2534 ,
721 2499 926 2528 revertamur
949 2499 989 2528 ad

284 2540 486 2578 explanandi
498 2541 643 2572 ordinem
653 2565 662 2580 ,
676 2543 709 2573 61
718 2542 987 2581 demonstremus,

284 2585 341 2622 qui
359 2585 424 2614 sint
441 2585 793 2625 hocloeointelligendi
809 2590 904 2619 Rccli.
921 2589 989 2618 Non

291 2630 378 2660 enim
395 2630 534 2662 arbitror
548 2631 669 2663 sentire
691 2633 875 2673 quempiam
894 2636 990 2666 rectae

740 229 772 258 S.
795 226 1030 258 BERNARm
1055 227 1250 254 ABBATIS

1020 278 1264 316 intelligentiae,
1284 278 1462 309 secundum
1481 286 1595 317 6010115
1609 280 1710 312 rectos

1019 323 1083 352 dici
1093 331 1158 360 eos,
1167 324 1223 361 qui
1238 332 1385 361 sponsam
1401 325 1551 363 diligunt.
1563 326 1711 364 Propter-

1019 376 1057 397 ea
1077 368 1325 398 demonstranda
1339 370 1431 399 nobis
1449 370 1498 400 est
1514 367 1709 409 spiritualis,

1018 412 1051 442 id
1076 412 1127 443 est
1150 413 1250 442 animi
1274 414 1421 444 cordisve
1444 415 1616 445 rectitudo.
1644 415 1711 454 Spi-

1018 457 1098 487 ritus
1129 459 1179 488 est
1206 458 1261 496 qui
1296 458 1458 497 loquitur,
1491 460 1712 497 spiritualibus

1017 503 1198 540 spiritualia
1223 512 1424 541 comparans.
1442 506 1523 542 Ergo
1537 505 1712 536 secundum

1017 549 1182 585 animum,
1206 557 1271 578 non
1291 550 1472 579 secundum
1494 551 1656 580 terrenam
1680 552 1713 582 et

1018 594 1222 624 faeculentam
1244 596 1433 634 materiam,
1447 597 1534 626 Deus
1550 596 1712 628 hominem

1017 642 1141 670 rectum
1163 641 1253 670 fecit.
1278 642 1327 671 Act
1349 643 1515 680 imaqinem
1540 643 1660 681 quippe
1685 645 1713 674 el

1016 686 1245 715 simiIItudincm
1265 695 1356 716 suam
1382 688 1494 716 creavit
1524 688 1620 717 illum.
1643 688 1714 725 Ipse

1019 739 1110 768 vero,
1146 731 1417 768 quemadmodum
1446 732 1574 770 psallis,
1607 735 1715 764 Rectus
1739 746 1749 747 r

1020 778 1166 806 Dominus
1180 779 1262 807 Deus
1277 780 1395 814 noster,
1408 780 1436 807 el
1457 787 1518 807 non
1538 780 1580 809 est
1602 780 1714 817 iniqui-

1018 823 1113 851 tasin
1139 831 1184 851 eo.
1209 823 1327 851 Rectus
1350 823 1459 860 itaque
1482 824 1569 853 Deus
1590 825 1713 854 rectum

1018 866 1094 896 fecit
1109 867 1272 896 hominem
1288 867 1427 897 similem
1444 868 1525 906 sibi3
1542 869 1574 898 id
1587 870 1633 899 est
1647 869 1715 899 51116

1018 913 1208 950 iniquitate,
1226 914 1380 943 sicutnon
1391 916 1439 944 est
1454 915 1607 952 iniquitas
1622 915 1654 944 in
1664 923 1714 944 eo.

1018 959 1111 987 Porro
1128 958 1301 995 iniquitas,
1319 959 1422 988 cordis
1439 961 1509 996 est,
1529 968 1592 989 non
1608 960 1713 990 carnis

1019 1002 1151 1031 vitium:
1167 1004 1201 1031 ut
1217 1010 1275 1039 per
1288 1004 1347 1032 hoc
1359 1005 1486 1034 noveris
1501 1005 1533 1033 in
1548 1005 1709 1042 spirituali

1019 1049 1163 1084 portione
1180 1048 1250 1084 tui,
1263 1049 1297 1077 et
1314 1057 1378 1078 non
1395 1050 1427 1078 in
1444 1059 1546 1080 crassa
1563 1052 1714 1090 luteaque

1018 1093 1195 1122 substantia
1223 1094 1282 1122 Dei
1308 1094 1557 1124 similitudinem
1585 1105 1715 1126 conser-

1020 1138 1153 1167 vandam
1177 1138 1244 1168 sore
1274 1140 1342 1168 sive
1369 1140 1591 1178 reparandam.
1615 1141 1713 1179 Spiri-

1018 1183 1099 1213 ritus
1116 1184 1203 1213 enim
1221 1185 1269 1213 est
1284 1185 1388 1220 Deus,
1413 1189 1445 1215 et
1467 1194 1520 1214 eos
1535 1187 1588 1223 qui
1604 1188 1716 1217 volunt

1018 1229 1140 1258 similes
1167 1229 1197 1259 ei
1220 1231 1272 1259 vel
1294 1239 1523 1269 perseverare,
1544 1232 1596 1260 vel
1618 1232 1687 1262 fieri
1703 1254 1712 1270 ,

1018 1276 1141 1311 oportet
1155 1275 1275 1305 intrare
1291 1275 1330 1304 ad
1354 1284 1425 1312 cor,
1438 1277 1534 1314 atque
1551 1277 1583 1306 in
1599 1278 1715 1315 spiritu

1018 1320 1050 1349 id
1074 1321 1195 1358 negotii
1217 1321 1350 1350 actitare
1367 1330 1375 1350 ε
1393 1322 1448 1351 ubi
1468 1323 1609 1352 revelata
1633 1322 1714 1352 facie

1018 1366 1220 1403 speculantes
1250 1367 1383 1404 gloriam
1409 1368 1488 1404 Dei,
1514 1368 1546 1396 in
1569 1368 1716 1397 eamdem

1018 1412 1192 1448 imaginem
1218 1411 1488 1442 transformentur
1509 1413 1549 1442 116
1570 1413 1715 1442 claritate

1019 1456 1050 1485 111
1066 1456 1265 1494 claritatem,
1289 1458 1452 1495 tamquam
1468 1458 1632 1491 aDomini
1649 1459 1716 1496 spi-

1018 1502 1094 1531 ritu.

1057 1546 1087 1576 6.
1116 1546 1316 1584 Quamquam
1340 1547 1373 1576 et
1394 1548 1537 1585 corporis
1560 1549 1715 1579 staturam

1018 1591 1107 1621 dedit
1128 1591 1250 1620 homini
1266 1593 1352 1621 Deus
1368 1594 1488 1622 rectam
1503 1602 1510 1622 :
1525 1593 1660 1624 forsitan
1681 1596 1718 1624 ut

1019 1637 1077 1666 ista
1087 1645 1238 1674 corporea
1253 1638 1425 1668 exterioris
1445 1639 1633 1677 viliorisque
1648 1648 1717 1669 rec—

1018 1682 1122 1712 titudo
1138 1683 1283 1720 figmenti
1294 1683 1457 1714 hominem
1468 1685 1656 1714 interiorem
1674 1685 1712 1714 il-

1019 1729 1085 1757 lum
1099 1748 1108 1764 ,
1124 1728 1179 1765 qui
1202 1728 1242 1757 ad
1259 1728 1433 1766 imaginem
1450 1729 1509 1758 Dei
1531 1729 1635 1758 factus
1651 1732 1716 1767 est,

1019 1773 1197 1811 spiritualis
1226 1781 1290 1803 suae
1319 1773 1486 1803 servandae
1515 1774 1717 1804 rectitudinis

1020 1819 1227 1856 admoneret,
1238 1820 1273 1849 et
1288 1819 1385 1849 decor
1396 1819 1467 1848 limi
1479 1819 1714 1850 deformitatem

1020 1866 1171 1902 argueret
1181 1864 1292 1894 animi.
1307 1865 1390 1901 Quid
1404 1865 1492 1895 enim
1505 1865 1715 1903 indecentius,

1020 1919 1116 1949 quam
1133 1919 1267 1940 curvum
1282 1912 1371 1940 recto
1381 1918 1512 1948 corpore
1525 1919 1637 1948 gerere
1650 1911 1716 1940 ani-

1021 1955 1133 1985 mum?
1148 1956 1301 1986 perversa
1313 1964 1363 1985 res
1376 1957 1423 1985 est
1439 1958 1471 1986 et
1484 1956 1579 1993 foeda,
1595 1957 1716 1987 luteum

1023 2009 1095 2039 vas,
1111 2000 1196 2038 quod
1219 2003 1268 2030 est
1289 2008 1405 2038 corpus
1420 2001 1459 2030 de
1480 2001 1587 2038 terra,
1611 2001 1716 2030 oculos

1023 2046 1142 2076 habere
1155 2054 1278 2075 sursum
1289 2067 1298 2083 ,
1315 2047 1412 2076 coelos
1426 2046 1529 2076 libere
1542 2046 1715 2085 suspicere,

1026 2092 1246 2129 coelorumque
1263 2091 1479 2122 luminaribus
1495 2092 1655 2122 oblectare
1671 2099 1719 2121 as-

1023 2138 1135 2175 pectus
1151 2145 1160 2165 ε
1177 2136 1378 2174 spiritualem
1396 2145 1471 2166 vero
1487 2138 1716 2175 coelcslemquc.

1023 2183 1205 2211 creaturam
1226 2190 1298 2211 suos
1320 2190 1338 2212 e
1360 2183 1520 2211 contrario
1537 2183 1664 2221 oculos,
1686 2183 1718 2211 id

1024 2228 1072 2256 est
1086 2227 1229 2256 internos
1249 2235 1361 2256 sensus
1376 2228 1471 2265 atque
1491 2228 1641 2266 affectus,
1657 2230 1718 2258 tra-

1024 2273 1103 2302 here
1118 2272 1282 2302 interram
1295 2273 1443 2303 deorsum
1457 2282 1466 2311 3
1479 2275 1511 2303 et
1526 2282 1597 2312 quae
1609 2274 1719 2304 debuit

1024 2317 1140 2347 nutriri
1162 2317 1195 2346 in
1220 2318 1340 2348 croceis
1354 2339 1364 2355 ,
1388 2318 1515 2348 haerere
1530 2319 1619 2357 luto,
1641 2321 1718 2349 tam-

1024 2370 1119 2400 quam
1135 2371 1232 2393 unam
1257 2363 1296 2393 de
1320 2363 1452 2401 suibus,
1474 2364 1716 2402 amplexarique

1024 2410 1176 2438 stercora.
1198 2409 1378 2447 Erubesce,
1399 2410 1506 2439 anima
1521 2418 1593 2439 mea
1605 2431 1615 2448 ,
1638 2409 1719 2439 divi-

1025 2461 1098 2483 nam
1118 2454 1272 2492 pecorina
1297 2455 1511 2485 commutasse
1534 2454 1719 2485 similitudi-

1026 2507 1101 2529 nem
1117 2509 1125 2528 :
1140 2500 1296 2529 erubesce
1316 2501 1456 2531 volutari
1472 2501 1507 2530 in
1522 2508 1632 2539 coeno,
1647 2508 1719 2539 quae

1026 2545 1065 2575 de
1079 2546 1160 2575 coelo
1172 2554 1217 2576 es.
1231 2545 1391 2576 Erubesce
1400 2546 1522 2584 anima,
1535 2546 1580 2576 ait
1594 2553 1718 2584 corpus,

1026 2590 1060 2619 in
1083 2591 1149 2621 mei
1166 2591 1439 2622 consideratione.
1465 2591 1578 2622 Creata
1598 2590 1719 2622 creanti

1026 2635 1143 2667 similis
1156 2637 1262 2675 recta,
1277 2645 1329 2668 me
1350 2646 1478 2676 quoque
1499 2636 1649 2677 accepisti
1665 2635 1719 2666 ad-
