1846 3078
313 233 374 264 1400

311 285 526 318 revocationis
538 287 604 318 tale
623 288 672 319 est
693 296 702 316 t
726 289 902 323 Revertor-e,
928 286 1005 316 assi-

310 334 433 370 milare,
445 333 546 363 dilecte
557 334 611 370 mi,
622 342 739 372 capreoe
748 333 933 369 hinnuloque
945 339 1010 360 ccr-

311 386 427 408 corum.
445 378 493 408 Ad
507 387 603 417 quam
622 386 739 408 vocem
765 377 841 406 dum
866 384 931 405 non
962 376 1010 404 est

311 431 477 462 reversus,
501 424 616 461 utique
638 423 677 452 ob
698 423 770 451 illas
800 429 910 450 causas
938 428 1010 458 qnae

310 468 408 499 dictae
421 469 497 499 sunt
517 478 526 498 ε
548 469 625 498 hinc
646 468 708 497 ista
723 475 795 504 quae
818 466 905 495 amat
925 466 1008 495 facta

310 516 478 555 cupidior,
503 523 578 544 mox
607 522 677 543 sese
704 512 744 542 ad
776 512 1008 550 requirendum

311 561 376 591 tota
399 561 554 591 aviditate
579 559 680 588 dedit.
697 559 735 588 Et
754 558 860 596 primo
877 557 1009 595 quidem

309 608 424 645 quaerit
440 607 575 636 illumin
591 605 696 634 lectulo
710 625 720 639 ,
736 603 792 633 sed
807 604 944 633 minime
958 602 1010 632 in-

310 654 413 683 venit.
430 651 538 689 Surgit
559 650 659 687 inde,
676 649 793 679 circuit
818 649 985 679 civitatem
999 671 1008 686 ,

308 699 335 728 it
348 699 380 728 et
394 698 479 727 redit
494 704 553 734 per
566 696 691 734 plateas
707 696 741 724 et
764 695 853 725 vicos
870 703 878 723 ε
896 695 929 724 et
943 703 1005 723 non

309 743 461 780 occurrit,
473 749 580 780 neque
604 742 750 779 apparet.
767 740 1010 778 Interrogantur

307 789 426 826 quique
440 788 522 817 forte
535 787 733 817 occurrerint
746 786 914 825 ,nihilque
927 786 1008 816 certi

307 833 623 871 reportatur.Neque
635 832 718 862 vicis
731 832 841 869 unius,
850 833 904 861 aut
914 831 1009 860 unius

307 879 411 908 noctis
425 878 574 917 quaesitio
587 877 655 907 haec
667 899 676 916 ,
697 878 730 907 et
746 878 814 906 haec
830 877 1008 914 frustratio,

307 933 380 954 cum
395 925 483 954 dicat
499 924 571 961 ista,
594 923 671 961 quia
690 924 814 961 (μηθείς-ἰ
826 932 880 961 per
894 925 1007 952 noctes.

306 970 390 1007 Quid
403 970 463 1000 hoc
474 970 628 999 desiderii
641 969 733 999 estet
744 969 877 1005 ardoris,
887 969 923 998 ut
937 977 1007 998 sur-

306 1025 382 1053 gens
395 1017 434 1046 de
449 1016 544 1045 nocte
558 1015 727 1054 publicum
742 1023 806 1044 non
820 1014 989 1044 erubescat
999 1036 1007 1052 2

306 1063 473 1099 percurrat
489 1061 676 1097 civitatem,
697 1061 931 1098 percunctetur
951 1068 1009 1098 pa-

305 1109 368 1137 lam
386 1109 418 1138 et
430 1107 550 1146 passim
565 1107 604 1136 de
617 1107 748 1144 dilecto,
765 1107 861 1144 atque
877 1114 896 1136 a
911 1107 1008 1136 vesti-

305 1154 417 1191 gandis
431 1153 556 1183 semitis
571 1153 641 1189 ejus
652 1153 743 1181 nulla
755 1152 861 1181 valeat
876 1152 1002 1182 ratione

305 1199 422 1236 averti,
435 1200 525 1228 nulla
537 1197 709 1236 praepediri
725 1197 929 1235 difficultate,
942 1206 1006 1227 non

305 1245 510 1283 tempestiva}
525 1243 662 1273 retineri
678 1251 786 1272 amore
801 1243 1004 1281 quietis,non

303 1299 428 1329 sponsae
457 1289 677 1327 verecundia,
711 1297 774 1318 non
807 1289 861 1318 vel
888 1289 1005 1318 timore

302 1335 484 1366 nocturno?
518 1337 555 1365 Et
577 1336 688 1364 tamen
720 1335 754 1364 in
780 1334 831 1364 his
859 1335 1006 1364 omnibus

304 1381 459 1411 frustrata
476 1383 523 1411 est
546 1389 650 1418 usque
670 1380 777 1409 adhuc
803 1387 821 1409 a
845 1380 1005 1410 desiderio

305 1435 376 1456 su0.
399 1425 528 1463 Quare?
549 1426 635 1463 Quid
666 1426 729 1455 sibi
754 1425 826 1455 vult
853 1427 1004 1463 pertinax

305 1472 375 1501 haec
398 1472 431 1501 et
456 1471 609 1500 diuturna
634 1470 812 1508 fraudatio,
834 1472 1003 1502 taediorum

304 1517 437 1554 nutrix,
460 1516 680 1554 suspicionum
693 1516 811 1553 fomes,
828 1516 1006 1554 impatien-

302 1562 357 1592 tiae
369 1558 446 1600 fax,
461 1570 600 1591 noverca
616 1561 733 1590 amoris
744 1582 753 1597 ,
770 1562 873 1590 mater
889 1562 1006 1600 despe-

303 1607 459 1637 rationis?
471 1607 503 1636 Si
516 1607 621 1637 adhuc
637 1606 852 1637 dissimulatio
873 1608 940 1646 est,
956 1609 1005 1637 ni-

302 1653 364 1683 mis
381 1655 428 1682 est
445 1653 604 1682 molesta.·

340 1699 372 1728 2.
392 1700 466 1728 Esto
481 1698 567 1736 quod
591 1697 645 1735 pie
661 1697 852 1735 utiliterque
869 1697 1001 1728 interim

300 1745 400 1774 fuerit
416 1744 653 1774 dissimulatum
664 1765 673 1781 ,
690 1743 790 1772 donec
816 1743 850 1772 in
872 1744 939 1773 sola
951 1744 1004 1773 ad-

299 1791 363 1820 huc
375 1790 543 1820 vocatione
555 1798 614 1819 seu
629 1790 835 1818 revocatione
851 1798 904 1819 res
920 1792 1000 1820 erat.

298 1837 389 1866 Nunc
404 1844 481 1865 vero
494 1844 566 1865 cum
579 1835 774 1873 requiritur,
790 1835 823 1864 et
838 1835 882 1864 ita
892 1837 1004 1874 requi-

298 1883 399 1919 ritur,
412 1881 491 1919 quid
513 1881 580 1918 jam
596 1881 742 1910 conferre
771 1881 894 1918 poterit
909 1882 1003 1911 ‹lissi—

296 1926 450 1957 mulatio?
471 1927 502 1957 Si
517 1927 556 1956 de
569 1926 749 1956 carnalibus
758 1926 882 1964 sponsis
895 1928 928 1957 et
944 1937 1001 1965 pu-

298 1974 414 2003 dendis
446 1973 609 2003 amoribus
647 1972 782 2011 quaestio
821 1974 886 2011 est,
919 1974 1000 2003 sicut

297 2018 449 2049 litteralis
460 2018 650 2056 superficies
662 2018 843 2056 praelusisse
858 2019 999 2057 videtum

299 2066 331 2094 et
345 2064 372 2095 si
389 2064 558 2094 interillos
573 2063 651 2093 talia
666 2063 853 2101 contingere
867 2067 1000 2103 queant,

298 2118 370 2139 mea
385 2118 448 2139 non
461 2110 595 2140 interest
605 2131 614 2147 ,
627 2108 690 2147 ipsi
702 2109 858 2138 viderint.
874 2110 963 2146 Quod
973 2113 998 2140 si

299 2155 478 2184 animarum
500 2154 714 2193 quaerentium
727 2154 900 2184 Dominum
910 2164 1001 2185 men-

298 2200 385 2229 tibus
401 2201 432 2229 et
449 2200 616 2229 affectibus
628 2208 685 2238 pro
701 2201 998 2239 quantulocumque

297 2253 388 2283 posse
401 2254 473 2274 meo
488 2246 682 2283 respondere
698 2247 731 2276 et
746 2245 932 2276 satisfacere
946 2256 998 2277 me

299 2291 444 2329 oportet,
463 2292 641 2321 eruendum
660 2300 737 2321 sane
758 2292 808 2333 est
828 2292 868 2322 de
891 2293 999 2332 Scrip-

297 2338 368 2365 tura
379 2337 502 2373 sancta,
513 2336 545 2365 in
558 2345 618 2374 qua
630 2345 664 2367 se
676 2337 776 2366 vitam
789 2338 910 2368 habere
922 2347 998 2369 con-

297 2381 401 2411 fidunt
409 2403 418 2419 ,
427 2389 464 2411 eo
477 2381 576 2411 vitale
590 2383 712 2421 aliquid
721 2405 730 2421 ,
739 2392 801 2421 quo
809 2384 996 2424 spirItuale3

297 2429 335 2457 ut
349 2427 447 2457 edant
461 2435 621 2465 pauperes
634 2429 666 2457 et
677 2430 885 2468 saturentur,
902 2431 935 2460 et
947 2431 997 2460 vi-

296 2473 375 2502 vant
389 2473 486 2503 corda
497 2480 618 2502 eorum.
634 2473 673 2502 Et
686 2474 765 2511 quid
779 2474 844 2503 tam
852 2476 996 2506 cordium

294 2518 362 2549 vita
371 2539 382 2556 ‚
395 2518 493 2557 'quam
506 2516 662 2548 Dominus
676 2526 768 2548 meus
781 2519 874 2549 Jesus
889 2521 996 2552 Chris-

294 2566 365 2604 tus,
381 2564 421 2594 de
434 2572 498 2602 quo
511 2563 620 2593 aiebat
634 2563 690 2601 qui
704 2571 741 2592 eo
753 2564 902 2603 vivebat,
919 2567 994 2604 quia

295 2620 365 2640 cum
377 2610 514 2641 Christus
525 2610 703 2648 apparuerit
717 2610 782 2639 vila
789 2612 889 2640 vestra
898 2632 907 2647 ,
923 2613 994 2641 tunc

292 2658 322 2688 ct
335 2665 388 2688 vos
401 2655 586 2695 apparebitis
599 2664 668 2687 cum
675 2656 739 2694 ipso
749 2656 781 2686 in
793 2656 911 2694 910νίαέ
922 2657 992 2695 Ipse

777 237 808 264 S.
837 233 1072 264 BERNARm
1095 232 1287 261 ADBATis

1045 292 1118 322 ergo
1143 285 1185 315 ad
1211 285 1356 316 medium
1376 285 1504 324 veniat,
1529 293 1592 324 quo
1607 286 1640 317 et
1655 285 1749 317 nobis

1044 330 1205 360 veraciter
1219 331 1285 361 dici
1298 332 1400 370 possit
1419 332 1555 362 :Medius
1570 333 1672 361 anilem
1686 342 1749 362 ves-

1045 377 1126 405 trum
1137 377 1218 413 stat,
1234 385 1323 415 quem
1337 386 1390 408 vos
1403 378 1534 407 nescitis.
1550 377 1749 414 Quamquam

1044 421 1153 451 nescio
1165 421 1323 459 quomodo
1334 429 1399 450 non
1409 422 1529 451 sciatur
1541 429 1558 450 a
1574 421 1750 459 spirituali-

1045 466 1103 495 bus
1131 475 1266 505 sponsus
1281 467 1429 505 spiritus,
1444 467 1501 504 qui
1515 468 1625 497 tamen
1645 466 1690 496 ita
1712 466 1749 496 in

1043 512 1160 549 spiritu
1182 512 1408 550 profecerunt,
1434 513 1471 542 ut
1490 513 1614 550 possint
1637 512 1748 542 dicere

1044 565 1116 586 cum
1123 558 1283 596 Propheta
1297 565 1306 587 t
1323 559 1454 596 Spiritus
1468 559 1538 587 ante
1553 558 1662 595 faciem
1677 566 1749 587 nos·

1044 604 1125 632 {ram
1134 603 1272 634 Clu-istus
1279 605 1442 633 Dominus.
1451 603 1569 632 Etcum
1579 603 1727 640 Apostolo
1735 613 1748 634 .·

1043 649 1112 678 Etsi
1125 650 1316 687 coynocinms
1329 649 1485 679 Christum
1497 649 1663 678 secumlum
1675 657 1748 678 cm·-

1043 702 1111 722 nem
1122 716 1130 731 ,
1146 695 1197 725 scil
1210 703 1292 724 nunc
1302 694 1371 732 jam
1393 703 1456 723 uon
1470 694 1620 723 novimus.
1636 694 1748 724 Nonne

1044 739 1069 767 is
1086 741 1151 778 est,
1168 748 1265 778 quem
1281 748 1397 778 sponsa
1419 738 1604 777 quaerebat?
1625 740 1654 768 Is
1669 747 1746 770 vere

1043 786 1091 815 θεῐ
1106 794 1259 823 sponsus,
1276 787 1310 815 et
1324 793 1434 815 amans
1445 807 1454 823 ,
1473 785 1506 814 et
1521 784 1681 814 amabilis.
1698 785 1745 823 Is,

1043 831 1191 869 inquam,
1214 840 1289 861 vere
1314 839 1449 870 sponsus
1464 839 1473 860 z
1487 830 1571 860 sicut
1586 838 1659 860 caro
1676 831 1747 868 ejus

1043 885 1118 906 vere
1143 878 1192 908 esl:
1213 877 1323 915 cibus,
1346 880 1379 907 et
1405 876 1534 914 sanguis
1566 876 1639 913 ejus
1667 885 1747 906 vere

1043 924 1090 952 est
1104 924 1198 960 potus
1213 931 1221 951 :
1238 924 1271 953 et
1286 924 1390 952 totum
1411 922 1498 960 quod
1521 922 1561 952 de
1578 922 1646 960 ipso
1671 923 1745 959 est,

1042 975 1119 1009 vere
1145 969 1210 1005 est,
1240 968 1368 1006 quando
1397 967 1468 1005 ipse
1495 968 1544 997 est
1569 975 1634 997 non
1655 967 1746 998 aliud

1042 1022 1134 1051 sane,
1154 1022 1251 1052 quam
1267 1015 1336 1052 ipsa
1350 1013 1490 1043 Veritas.

1081 1060 1112 1089 5.
1128 1061 1250 1090 Verum
1279 1059 1307 1089 is
1323 1059 1463 1097 Sponsus
1491 1057 1572 1096 quid
1587 1057 1637 1088 est
1661 1058 1747 1097 quod

1042 1112 1106 1133 non
1123 1104 1290 1134 invenitur
1315 1104 1487 1142 quaesitus,
1504 1111 1577 1133 cum
1599 1103 1747 1141 requira-

1042 1151 1094 1179 tur
1108 1152 1174 1180 tam
1191 1150 1333 1180 studiose
1349 1151 1382 1179 et
1397 1149 1552 1187 impigre,
1570 1156 1656 1178 nunc
1675 1148 1747 1186 qui-

1041 1195 1113 1225 dem
1129 1196 1162 1225 in
1178 1197 1316 1234 lectulo,
1328 1203 1413 1225 nunc
1435 1203 1513 1225 vero
1540 1194 1574 1223 in
1590 1194 1722 1225 civitate
1735 1216 1746 1233 ‚

1040 1242 1093 1271 aut
1108 1242 1205 1271 etiam
1219 1242 1252 1271 in
1268 1242 1385 1280 plateis
1399 1241 1454 1271 vel
1476 1240 1577 1277 vicis,
1595 1240 1666 1278 ipse
1688 1249 1748 1270 au-

1041 1288 1105 1317 tem
1121 1287 1207 1317 dicat
1222 1296 1231 1317 ε
1249 1289 1398 1327 Quoerite,
1415 1289 1443 1316 et
1455 1287 1633 1325 invenietis3
1650 1288 1678 1317 ct
1693 1287 1748 1325 qui

1040 1335 1149 1370 quoeril
1167 1333 1303 1363 incenit?
1318 1332 1478 1370 Propheta
1493 1340 1620 1370 quoque
1634 1332 1746 1371 loqua-

1039 1380 1090 1408 tur
1105 1379 1144 1409 ad
1169 1388 1242 1409 eum
1252 1400 1262 1417 ,
1274 1381 1378 1409 Bonus
1400 1388 1444 1415 cs,
1458 1379 1587 1408 Domine
1599 1398 1610 1414 ,
1632 1380 1745 1409 animae

1039 1427 1187 1462 quoerenti
1198 1428 1241 1464 tc,-
1253 1426 1285 1455 et
1295 1425 1374 1454 item
1388 1424 1516 1454 sanctus
1527 1423 1624 1452 Isaias
1636 1432 1644 1452 :
1656 1425 1746 1463 Quae-

1039 1472 1093 1500 rite
1105 1473 1286 1509 Dominum,
1298 1472 1367 1500 dum
1386 1471 1515 1500 inveniri
1529 1471 1624 1507 potest
1634 1469 1647 1498 ἓ
1656 1470 1745 1506 Quo-

1038 1517 1131 1546 modo
1145 1525 1219 1555 ergo
1234 1517 1456 1554 implebuntur
1471 1515 1667 1553 Scripturae?
1680 1516 1744 1546 Ne-

1037 1571 1098 1600 que
1115 1563 1201 1592 enim
1217 1571 1288 1600 quae
1304 1562 1357 1591 hic
1383 1560 1555 1591 inducitur
1577 1570 1742 1602 quaerens,

1038 1616 1100 1638 una
1117 1609 1165 1638 est
1181 1617 1222 1638 ex
1235 1607 1507 1645 his,quibusipse
1515 1607 1575 1636 ait:
1594 1607 1742 1645 Quoerctis

1039 1663 1102 1690 me,
1119 1656 1147 1683 el
1162 1663 1224 1683 non
1239 1655 1406 1683 irwenictis.
1423 1653 1485 1682 Sed
1499 1652 1658 1682 attendite
1675 1654 1743 1682 tres

1038 1707 1107 1728 esse
1133 1707 1244 1728 causas
1257 1721 1266 1736 ,
1294 1707 1364 1736 quae
1391 1698 1522 1728 interim
1547 1699 1740 1737 occurrunt,

1037 1746 1070 1774 et
1084 1746 1268 1783 quaerentes
1283 1744 1430 1774 frustrari
1455 1744 1581 1774 solent:
1599 1753 1673 1774 cum
1685 1747 1742 1776 aut

1037 1791 1191 1821 videlicet.
1205 1799 1267 1820 non
1284 1791 1318 1820 in
1333 1792 1479 1828 tempore
1500 1790 1668 1828 quaerunt,
1685 1792 1742 1822 aut

1035 1844 1099 1865 non
1114 1837 1199 1866 sicut
1210 1837 1355 1874 oportet,
1372 1837 1429 1866 aut
1444 1844 1508 1866 non
1530 1836 1586 1865 ubi
1600 1836 1740 1874 oportet.

1036 1883 1066 1912 Si
1094 1884 1182 1913 enim
1206 1892 1302 1913 omne
1331 1884 1460 1921 tempus
1487 1884 1598 1921 aptum
1628 1884 1677 1913 est
1700 1883 1741 1912 ad

1035 1930 1243 1967 quaerendum
1254 1951 1264 1968 ‚
1293 1938 1351 1959 cur
1377 1938 1451 1967 ergo
1470 1929 1550 1959 dicit
1578 1929 1739 1966 Propheta

1037 1975 1047 2014 (
1063 1976 1148 2013 quod
1160 1976 1226 2013 jam
1241 1975 1438 2012 memoravi,
1451 1974 1462 2013 )
1481 1976 1614 2014 Quoerile
1628 1976 1738 2005 Domi-

1034 2031 1128 2060 num,
1144 2023 1217 2051 (lum
1241 2023 1373 2051 inveniri
1394 2023 1488 2059 polest
1503 2021 1516 2050 ἒ
1530 2021 1597 2050 Erit
1617 2021 1739 2059 absque

1035 2067 1132 2097 dubio
1161 2076 1235 2097 cum
1265 2067 1409 2096 inveniri
1439 2074 1504 2095 non
1533 2066 1674 2104 poterit3
1704 2067 1739 2098 et

1034 2113 1106 2143 ideo
1120 2113 1220 2151 addit,
1232 2115 1269 2143 ut
1280 2113 1451 2142 invocetur
1467 2112 1542 2141 dum
1555 2120 1655 2150 prope
1667 2113 1736 2143 estz

1033 2160 1107 2197 quia
1123 2159 1269 2190 futurum
1292 2159 1340 2188 est
1360 2158 1426 2194 jam
1441 2166 1506 2187 non
1531 2166 1633 2195 prope
1647 2158 1736 2188 tutu-

1032 2214 1115 2234 rum.
1130 2206 1154 2234 A
1169 2213 1232 2243 quo
1248 2205 1337 2234 enim
1349 2205 1425 2233 tunc
1440 2211 1505 2232 non
1528 2203 1737 2240 requiretur?

1031 2250 1109 2280 Mihi
1120 2271 1130 2288 ‚
1167 2250 1291 2288 inquit,
1321 2248 1498 2278 curvabitur
1522 2256 1611 2277 omne
1632 2257 1733 2286 yenit,

1032 2297 1094 2325 etc.
1110 2296 1175 2325 Nec
1202 2297 1312 2325 tamen
1336 2294 1526 2324 invenietur
1541 2293 1581 2322 ab
1598 2293 1733 2332 impiis,

1030 2350 1109 2380 quos
1121 2342 1242 2372 ultores
1264 2340 1377 2378 Angeli
1401 2339 1557 2369 arcebunt
1570 2339 1732 2378 profecto,

1031 2389 1064 2418 et
1078 2387 1195 2417 tollent
1206 2394 1247 2417 ne
1260 2386 1394 2417 videant
1407 2384 1542 2424 gloriam
1550 2384 1622 2414 Dei.
1637 2386 1735 2416 Frus-

1030 2434 1078 2462 tra
1093 2433 1315 2463 inclamabunt
1331 2433 1363 2462 et
1376 2431 1475 2461 fatuae
1488 2430 1630 2469 virgines
1646 2439 1654 2459 :
1671 2432 1732 2461 mi-

1028 2478 1116 2508 nime
1143 2486 1272 2517 prorsus
1293 2477 1362 2514 jam
1376 2476 1418 2506 ad
1444 2484 1499 2506 eas
1520 2475 1608 2513 exit,
1623 2476 1731 2506 clausa

1025 2523 1135 2560 Janua.
1148 2523 1216 2552 Sibi
1227 2522 1364 2562 proinde
1377 2521 1504 2552 dictum
1515 2522 1705 2559 putentillae
1717 2531 1729 2552 ε

1029 2570 1176 2608 Qaoeretz's
1191 2578 1255 2605 me,
1277 2570 1306 2598 et
1319 2576 1384 2598 non
1398 2568 1564 2597 invenictis.

1065 2613 1097 2644 li.
1109 2614 1265 2645 Caeterum
1276 2622 1362 2644 nunc
1373 2613 1502 2650 tempus
1515 2611 1728 2651 acceptabile,

1027 2667 1112 2689 nunc
1127 2659 1196 2690 dics
1207 2659 1320 2690 salutis
1331 2658 1406 2690 sunt
1419 2666 1426 2695 ς
1441 2658 1568 2696 teinpus
1581 2657 1676 2697 plane
1693 2660 1726 2688 ct
