1830 3073
494 219 548 246 DE
569 194 960 246 DIVERS1S'SERMO
982 215 1072 243 xer.

1448 216 1506 246 {23

81 278 155 314 Qum
171 275 256 307 enim
268 271 432 305 mendacio
447 272 583 302 societas
598 280 670 301 cum
686 270 773 302 veri·
808 269 999 305 emissione,
1029 268 1062 297 id
1090 267 1138 297 est
1159 267 1368 307 poenitentia,
1394 271 1506 300 dicunt

82 324 167 353 tate?
181 322 262 360 Quin
277 320 381 358 potius
395 318 516 348 veritas
540 317 648 356 perdit
662 323 773 347 omues

78 369 134 407 qui
151 366 319 406 loquuntur
332 364 549 394 mendacium.

120 414 149 443 5.
179 411 327 442 Fortassis
351 409 386 439 in
409 408 583 446 Evangelio
605 407 632 438 si
656 406 773 445 quaeri-

80 466 166 494 mus,
182 455 386 487 inveniemus
401 454 601 493 praecessisse
621 454 655 483 et
677 452 773 488 hujus

78 502 219 540 figuram.
239 502 341 531 Maria
352 522 361 538 ,
389 500 513 539 inquit,
528 499 707 538 Mayclalene
721 519 731 534 ‚
745 498 773 527 ct

77 549 177 578 Μανία
190 547 312 583 Jacobz',
339 549 367 577 et
389 547 511 577 Salomc
537 546 675 575 emerunt
699 553 773 574 aro-

76 593 160 622 mata
170 613 181 629 ,
196 594 229 622 ut
252 594 403 623 venientes
419 593 566 631 unqerent
583 592 699 621 Iesum.
716 589 773 619 Vi-

75 636 173 667 desne
188 637 222 667 in
248 638 353 676 prima
376 637 480 667 fronte
502 636 660 675 propositi
685 635 772 674 capi-

75 681 135 711 tuli
149 704 158 720 ,
171 683 282 722 quanti
296 682 520 714 aestimandum
542 682 584 713 sit
598 681 696 711 etiam
713 682 771 711 hoc

74 729 240 759 materiale
265 729 486 767 unguentum,
503 728 595 766 cujus
619 727 773 758 aromati-

74 773 133 804 bus
148 775 367 813 comparandis
381 783 446 804 non
465 783 529 805 uua
545 774 597 805 vel
613 774 684 804 duae
707 773 773 804 suf-

72 818 168 849 ficere
190 820 362 857 potuerunt
375 819 387 849 ἒ
400 820 470 850 Una
485 820 643 858 primum,
660 827 723 849 una
739 819 772 849 et

72 865 249 896 secundum
272 865 383 895 attulit
407 867 622 904 unguentum.
639 866 686 896 Ad
711 866 772 896 hoc

72 910 178 938 autem
205 911 454 948 comparandum
470 912 503 941 et
524 912 771 949 praeparandum

71 954 137 985 tres
162 956 283 993 pariter
298 958 537 995 convenerunt,
552 958 590 987 ut
607 957 705 987 simul
725 957 773 988 vi-

71 1000 192 1031 delicet
219 1004 366 1032 emerent
389 1003 476 1041 quod
498 1012 557 1041 per
578 1011 612 1033 se
635 1003 771 1041 singulae

71 1053 136 1075 non
163 1047 329 1085 poterant,
346 1049 380 1078 et
405 1049 451 1079 sic
475 1049 646 1079 venientes
671 1058 773 1087 unge-

72 1093 145 1122 rent
167 1093 288 1123 Jesum.
305 1094 372 1123 Non
387 1095 491 1124 solum
516 1095 636 1133 pedes,
651 1097 707 1126 aut
721 1104 773 1125 so-

73 1138 138 1168 lum
165 1140 279 1177 caput,
297 1140 371 1178 sed,
393 1142 428 1171 ut
449 1142 620 1179 venientes,
645 1141 771 1179 inquit,

69 1187 217 1221 unqcrenc
240 1187 362 1222 Jesum,
379 1185 412 1215 id
437 1187 485 1216 est
510 1187 614 1216 totum
644 1195 769 1224 corpus·

70 1228 133 1258 Sed
158 1230 306 1266 attende,
322 1230 408 1267 quod
433 1231 498 1260 tam
523 1231 659 1268 pretiosi
676 1231 771 1268 hujus

71 1274 229 1312 unguenti
244 1275 388 1305 Christus
408 1276 478 1315 pati
505 1277 650 1307 nolucrit
664 1278 771 1315 perdi-

70 1320 192 1350 110nem
208 1320 278 1350 fieri
296 1329 303 1350 :
322 1321 354 1350 et
369 1321 443 1352 ideo
459 1330 524 1352 non
546 1323 680 1353 invento
703 1331 770 1352 cor-

70 1374 148 1404 pore
173 1368 382 1404 reportarunt
406 1367 506 1406 illud,
523 1367 556 1398 et
577 1367 672 1405 jussae
696 1369 771 1399 sunt

70 1412 228 1442 exhibere
263 1413 358 1451 vivo,
391 1414 476 1452 quod
510 1416 771 1453 praeparaverant

70 1459 206 1488 mortuo.
223 1459 314 1495 Quod
329 1459 363 1489 et
389 1460 554 1498 fecerunt,
570 1469 644 1490 cum
668 1461 770 1499 proti-

70 1510 131 1532 nus
164 1504 312 1534 nuntiato
346 1505 462 1543 gaudio
499 1506 747 1537 resurrectionis
760 1530 769 1546 ,

69 1548 325 1589 Discipulorum,
350 1551 407 1589 qui
430 1552 643 1590 proculdubio
666 1561 770 1583 mem-

69 1593 126 1624 bra
152 1595 287 1634 Christi,
316 1597 350 1627 et
374 1598 521 1628 membra
550 1598 625 1628 viva
653 1600 768 1637 erant,

69 1639 173 1670 tristia
186 1642 279 1671 corda
289 1642 427 1673 delinire
439 1646 605 1675 curarunt.
614 1645 691 1682 Quae
706 1646 770 1675 uti-

69 1693 130 1722 que
146 1688 291 1717 membra
303 1687 367 1719 nisi
382 1689 455 1727 plus
467 1690 523 1719 illo
535 1690 689 1720 crucifixo
702 1699 769 1720 cor—

68 1738 146 1768 pore
168 1733 315 1775 ,Christus
344 1734 515 1772 diligeret,
531 1744 588 1773 pro
611 1736 662 1766 his
687 1736 769 1766 illud

68 1777 322 1815 crucifigendum
346 1788 411 1810 non
435 1781 630 1812 tradidisset.
653 1780 770 1820 Liquet

68 1821 196 1861 itaque,
223 1825 308 1861 quod
327 1825 390 1855 duo
411 1826 468 1855 illa
492 1827 581 1856 tanto
605 1827 666 1857 hoc
694 1828 770 1858 ulti-

67 1875 157 1897 mum
171 1870 499 1909 praecellitunguenta
511 1894 519 1909 ‚
532 1873 653 1910 quanto
664 1874 770 1903 Chris-

67 1913 120 1942 tus
137 1914 196 1944 hoc
211 1923 305 1944 suum
317 1925 450 1955 corpus,
465 1918 498 1947 id
511 1919 560 1947 est
572 1919 748 1948 Ecclesiam
759 1942 767 1957 ‚

68 1959 119 1988 cui
146 1960 340 1999 exhibetur,
366 1962 423 1991 illo
446 1963 533 2001 quod
559 1971 601 1993 ex
628 1972 666 1994 co
693 1965 767 2002 ungi

69 2004 190 2042 voluit,
205 2006 291 2043 quod
306 2007 339 2037 et
353 2008 484 2046 propter
499 2008 598 2045 hujus
618 2009 771 2048 redemp-

68 2049 190 2125 Lionem
211 2052 294 2083 tradi
307 2052 429 2092 voluit,
445 2055 570 2086 constat
594 2063 665 2086 esse
681 2064 770 2086 ama-

93 2094 179 2127 ilius.

265 2190 435 2224 SERMO
470 2192 574 2226 XCI.

236 2261 276 2287 De
291 2263 382 2288 tribus
393 2264 593 2289 emissionibus.

109 2322 138 2354 ¹.
155 2322 341 2353 Emz‘ssz‘ones
365 2324 424 2353 luoe
436 2324 612 2362 paradisus.
634 2325 706 2354 Vox
729 2324 768 2354 il-

68 2366 132 2397 lius
154 2367 294 2397 coelestis
315 2368 513 2405 Jerusalem,
538 2369 768 2407 congaudentis

68 2410 145 2442 huic
165 2421 236 2450 quoe
262 2413 487 2450 peregrinatur
507 2413 541 2442 in
561 2414 668 2444 terris.
687 2415 768 2445 Sunt

68 2458 176 2487 autem
193 2459 257 2487 tres
280 2457 479 2488 emissiones.
495 2458 601 2488 Prima
617 2460 768 2499 conjuga-

67 2502 172 2533 torum
187 2503 417 2541 poenitentium
429 2503 463 2533 iu
476 2504 614 2534 mundo:
627 2507 767 2536 secunda

70 2556 295 2579 conversorum
308 2549 545 2579 continentium
561 2550 595 2579 in
608 2551 764 2582 claustro:

69 2594 164 2624 tertia
193 2595 402 2625 Praelatorum
436 2595 703 2634 praedicantium,
734 2599 766 2628 et

70 2639 230 2674 orantium
256 2649 313 2681 pro
340 2640 399 2673 Dei
429 2642 560 2680 populo.
587 2642 634 2672 Dc
663 2642 763 2680 prima

807 314 938 352 Angeli,
954 314 1071 352 quibus
1087 313 1238 350 gaudium
1252 314 1301 343 est
1321 323 1418 352 super
1440 324 1506 346 uno

807 361 975 398 peccatore
1007 358 1236 398 poenitentiam
1261 359 1377 397 agente
1399 369 1406 388 :
1432 363 1506 399 Quoe

805 407 848 436 ese
869 407 928 436 ista
942 413 1009 444 quoe
1028 405 1162 435 ascendit
1176 413 1232 442 per
1252 405 1403 434 desertum
1430 407 1506 435 sicat

805 452 925 490 vz'rqula
935 452 1015 489 fumi
1022 472 1031 487 ‚
1045 452 1101 480 etc.
1114 449 1295 479 Ascendere
1308 449 1416 479 autem
1429 450 1508 479 dici-

805 497 858 526 tur
870 497 938 527 haec
960 497 1067 527 anima
1082 494 1244 534 poenitens
1263 504 1318 533 per
1338 496 1507 531 desertum,

806 541 921 571 terram
947 541 1073 572 scilicet
1093 541 1216 571 inviam
1242 541 1275 570 et
1300 540 1509 578 inaquosam,

806 588 1011 624 peccatorum
1027 595 1158 617 suorum
1169 585 1378 616 recordando.
1392 586 1510 615 Ascen-

805 633 852 664 dit
866 635 942 664 sicut
953 634 1093 672 virqula,
1111 633 1226 663 eadem
1248 633 1381 671 peccata
1402 631 1510 661 humi-

805 680 880 710 liter
904 679 1098 710 confitendo.
1124 680 1203 716 Quae
1233 678 1390 708 consessio
1419 677 1509 708 recte

804 725 873 755 lieri
889 727 965 757 sicut
980 726 1103 764 vz'rqula
1118 726 1198 763 fumi
1211 724 1350 762 dicitur,
1363 723 1439 762 quia
1450 731 1511 762 per

805 771 914 808 plures
938 772 1146 810 peccatorum
1174 771 1319 809 specieS,
1343 771 1509 808 tamquam

807 816 913 847 fumus
934 817 974 847 dc
990 817 1158 847 thuribulo
1169 825 1229 854 per
1243 817 1334 855 plura
1352 815 1508 846 foramina

805 862 983 892 derivatur.
1000 863 1038 892 Et
1065 862 1242 892 notandum
1257 861 1344 900 quod
1360 869 1434 891 cum
1456 861 1509 890 fu-

806 916 874 938 mus
886 916 1061 946 numquam
1071 908 1188 937 habeat
1199 907 1403 946 splendorem
1413 929 1421 944 ,
1431 915 1510 937 non-

805 962 980 992 numquam
996 954 1104 983 tamen
1117 953 1237 983 habere
1252 953 1351 991 possit
1363 953 1508 983 odorem.

804 1000 895 1037 Quod
920 1000 974 1029 hic
1001 999 1109 1029 fumus
1138 999 1348 1029 confessionis
1377 999 1508 1029 odorem

805 1044 977 1082 quemdam
999 1044 1131 1082 pietatis
1149 1044 1285 1080 habeat,
1302 1043 1451 1073 innuitur
1466 1052 1509 1074 ex

806 1089 855 1120 his
876 1098 947 1128 quae
969 1089 1212 1127 subjunguntur
1228 1097 1235 1118 :
1249 1091 1301 1118 Er
1316 1089 1509 1120 aromatibus

804 1136 938 1172 myrrlzoe
964 1138 993 1166 ct
1014 1135 1133 1172 thuris,
1161 1137 1189 1165 et
1218 1136 1353 1165 universi
1377 1135 1510 1174 pulveris

803 1181 1010 1218 piqinentarii.
1036 1180 1275 1210 confessionem
1299 1180 1399 1210 dehet
1424 1188 1509 1209 scm-

804 1234 862 1263 per
888 1225 1032 1255 comitari
1061 1225 1192 1263 myrrha
1220 1226 1253 1255 et
1281 1225 1375 1262 thus,
1405 1225 1439 1254 id
1461 1225 1509 1254 est

805 1274 1007 1303 mortificatio
1020 1274 1143 1311 carnis,
1155 1274 1188 1303 et
1199 1273 1302 1303 oratio
1324 1273 1440 1304 cordis.
1454 1274 1509 1302 Al-

804 1321 909 1349 terum
920 1320 1008 1350 enim
1021 1320 1090 1349 sine
1101 1320 1201 1349 altero
1210 1341 1219 1357 ,
1234 1320 1289 1349 aut
1301 1328 1415 1357 parum
1426 1341 1435 1356 ,
1450 1319 1509 1348 aut

804 1366 886 1395 nihil
898 1366 1042 1404 prodest.
1059 1366 1135 1395 Nam
1149 1365 1174 1395 si
1191 1366 1263 1404 quis
1278 1373 1407 1395 carnem
1423 1373 1509 1394 mor—

804 1412 922 1449 tificet,
947 1412 981 1442 et
1007 1419 1097 1441 orare
1119 1410 1321 1450 dissimulet,
1348 1411 1509 1449 superbus

802 1458 866 1496 est,
882 1458 914 1488 ct
929 1458 1049 1488 dicitur
1071 1457 1122 1487 ei:
1136 1458 1294 1496 Numquid
1315 1456 1508 1487 manducabo

801 1514 908 1536 carnes
936 1507 1100 1536 taurorum
1119 1526 1128 1541 ,
1153 1506 1208 1535 aut
1238 1505 1419 1543 sanquinem
1446 1503 1511 1533 hir-

802 1560 908 1581 corum
927 1550 1061 1590 potabo?
1077 1551 1158 1580 Item
1170 1550 1196 1580 si
1211 1550 1373 1588 oraverit,
1391 1550 1424 1579 et
1439 1558 1509 1579 car-

803 1604 878 1625 nem
893 1605 983 1626 suam
1006 1596 1204 1626 mortificare
1229 1596 1433 1634 neglexerit,
1452 1602 1508 1624 au-

802 1641 870 1671 diet
883 1650 891 1670 :
906 1643 984 1680 Quid
996 1642 1110 1672 vocalis
1123 1650 1182 1678 me,
1199 1642 1349 1677 Domine,
1367 1641 1507 1676 Domine,

800 1690 829 1718 et
851 1697 913 1717 non
939 1689 1039 1726 facilis
1063 1696 1130 1726 quse
1155 1686 1247 1717 dico?
1265 1688 1304 1717 Et
1325 1687 1425 1716 illud:
1450 1688 1511 1726 Qui

801 1735 907 1763 avertit
920 1743 1029 1763 (turem
1040 1742 1130 1763 suam
1142 1741 1179 1762 ne
1191 1734 1297 1762 audiat
1309 1733 1402 1770 leqem
1410 1754 1419 1770 ‚
1435 1741 1508 1762 ora-

803 1779 843 1808 tio
863 1779 927 1816 ejus
943 1780 999 1808 ενὶι
1015 1778 1221 1808 exsecrabilis.
1238 1778 1415 1815 Utrumque
1432 1784 1508 1814 ergo

802 1823 896 1853 alteri
924 1823 1139 1860 suffragatur,
1169 1823 1246 1852 dum
1266 1823 1393 1853 constat
1422 1821 1506 1861 quod

802 1869 938 1899 alterum
955 1870 1026 1899 sine
1042 1870 1144 1899 altero
1158 1869 1362 1907 reprobatur.

841 1916 873 1945 2.
890 1916 1042 1953 Sequitur
1058 1924 1066 1944 :
1083 1917 1125 1946 Et
1148 1917 1282 1945 universi
1293 1915 1424 1954 pulveris
1445 1916 1509 1953 pig]-

804 1962 957 1991 mcntart‘i.
973 1961 1044 1991 Post
1060 1960 1318 1991 recordationem
1334 1961 1367 1990 et
1382 1960 1508 1990 confes-

803 2006 925 2037 sionem
948 2008 1175 2045 peccatorum,
1197 2007 1270 2044 post
1285 2006 1508 2036 mortificatio-

803 2061 875 2082 nem
893 2053 926 2082 et
941 2052 1119 2082 orationem
1133 2051 1340 2082 exhibendus
1356 2052 1404 2082 est
1420 2051 1508 2081 fruc-

805 2099 853 2127 tus
882 2098 1177 2136 elecmosynarum.
1192 2098 1270 2134 Quae
1300 2097 1384 2127 bene
1411 2098 1508 2136 pulvis

803 2143 974 2181 dIcuntur,
998 2143 1074 2181 quia
1102 2143 1142 2173 de
1171 2144 1301 2174 terrena
1328 2143 1507 2173 substantia

802 2189 1115 2228 fiuntzpz'ymcntarii
1139 2198 1235 2227 vero,
1251 2189 1329 2227 quia
1353 2189 1507 2219 suavissi-

802 2244 890 2264 mum
908 2235 1038 2265 odorem
1063 2235 1229 2266 emittunt.
1250 2235 1333 2265 Hine
1356 2235 1507 2274 estquod

801 2281 946 2311 Cornelio
972 2280 1056 2311 hene
1072 2281 1181 2320 agenti
1197 2281 1321 2311 dictum
1338 2282 1386 2311 est
1402 2289 1410 2310 z
1425 2282 1508 2311 Ora»

801 2328 894 2357 tiones
920 2328 999 2364 tuoe,
1015 2328 1043 2357 ct
1068 2328 1263 2365 eleemosynae
1285 2329 1345 2357 tuae
1364 2327 1506 2358 ascende-

800 2373 885 2402 runt.
914 2372 974 2401 Vel
1000 2373 1134 2403 wu'versz·
1156 2373 1288 2412 pulveris
1309 2373 1507 2411 piqmcntariz

801 2417 873 2447 ideo
895 2417 1033 2456 dicitur,
1049 2418 1126 2456 quia
1151 2426 1217 2448 non
1241 2419 1346 2448 solum
1370 2426 1505 2455 magna,

800 2463 856 2492 sed
872 2463 971 2493 etiam
986 2464 1120 2493 minima
1135 2473 1271 2502 quaeque
1284 2465 1416 2503 peccata
1429 2472 1505 2493 con-

802 2508 935 2538 terenda
959 2510 1034 2539 sunt
1055 2518 1114 2547 per
1129 2509 1383 2546 confessionem,
1400 2511 1432 2538 et
1453 2509 1504 2538 di-

801 2553 919 2583 luenda
946 2562 1006 2592 per
1033 2555 1329 2593 compunctionem.
1358 2555 1434 2583 Ilaec
1461 2554 1501 2583 de

800 2599 904 2637 prima
918 2599 1089 2630 emissione
1105 2600 1191 2630 dicta
1206 2599 1379 2630 sufficiant.

839 2644 869 2674 5.
894 2644 1039 2676 Secunda
1056 2645 1103 2675 est
1118 2644 1185 2676 vita
1203 2643 1438 2676 continentium
1467 2642 1498 2679 in
