1846 3078
568 244 738 273 FLORES
762 243 785 272 E
808 243 839 270 S.

166 293 246 332 quid
260 293 375 324 horum
390 293 607 325 damnabilius
621 295 682 333 sit,
696 303 762 325 non
782 294 828 325 fa-

165 339 227 369 cile
243 339 398 369 dixerim.
415 341 492 371 nde
506 342 628 372 Consid.
641 350 675 371 π.
693 341 745 370 22.

867 243 1121 272 BERNARDO.
1493 251 1552 281 405

900 303 965 333 que
980 296 1131 334 superbia
1146 296 1280 334 palliare
1293 307 1329 330 se
1349 301 1494 340 appetit,
1510 312 1551 333 ne

896 338 1044 369 vilescat.
1055 339 1133 369 lbid.
1150 348 1182 368 η.
1198 339 1248 369 Ιι7.

125 384 287 422 Religiosa
308 385 460 423 tristitia,
483 387 538 417 aut
563 388 709 417 alienum
736 387 828 425 luget
859 382 980 413 Infelix
1001 384 1157 422 Victoria,
1183 392 1246 422 (111ἱι
1271 393 1422 423 Superans
1449 390 1553 420 homi-

162 430 332 468 peccatum
343 453 352 469 ,
367 432 424 461 aut
438 433 618 471 proprium.
633 433 713 464 Ibid.
728 442 762 462 η.
779 433 810 462 2.

122 474 240 511 Quanti
255 475 288 505 te
302 476 380 506 fecit
401 476 489 508 Deus
501 500 510 516 ,
526 487 570 508 ex
585 478 656 516 his,
681 487 753 516 quae
767 486 826 516 pro

161 521 196 550 te
222 520 326 553 sactus
354 523 426 562 est,
453 532 602 562 agnosce.
630 526 730 555 Serm.
756 525 771 554 1
790 525 825 555 de

161 567 275 605 Epiph.

119 612 282 643 Extremae
297 613 471 644 dementiae
487 615 554 653 est,
577 614 663 653 quod
684 615 724 644 ad
748 615 826 645 obs-

160 665 241 687 cena
270 658 485 689 inverecundi
511 668 641 698 sumus,
663 660 698 690 et
718 660 825 698 poeni-

158 702 298 734 tentiam
314 704 535 735 erubescimus
549 714 557 734 :
572 706 657 735 male
678 706 773 743 proni
789 706 824 735 in

158 750 309 787 vulnera,
319 750 355 779 in
363 751 512 781 remedia
518 750 709 782 verecundi.
720 752 820 782 Serm.

157 796 190 825 in
202 797 353 826 Circumc.

116 839 350 870 conservandae
381 839 577 870 humilitatis
615 839 739 878 gratia,
774 839 820 871 sic

156 885 268 916 divina
283 887 365 916 solet
388 885 539 916 ordinare
558 886 682 925 pietas,
698 886 735 916 ut
758 894 820 925 quo

155 931 229 971 quis
253 933 326 970 plus
344 932 489 971 proficit,
513 940 553 962 eo
574 933 683 963 minus
707 940 743 963 se
766 941 821 963 re-

154 978 250 1017 putet
276 978 466 1017 profecisse.
500 980 601 1009 Serm.
632 979 671 1009 15
696 980 732 1009 de
758 980 817 1011 div.

155 1032 188 1053 η.
207 1023 239 1053 [ι.

115 1068 224 1099 Placet
238 1068 414 1107 utrumque
427 1069 496 1099 Deo
506 1090 515 1107 ‚
528 1069 561 1099 et
573 1066 725 1107 peccator
733 1077 820 1100 com-

154 1115 316 1153 punctus,
338 1115 373 1144 et
391 1114 498 1151 justus
519 1114 656 1144 devotus
679 1114 819 1153 :displi-

155 1160 209 1190 cet
232 1168 310 1190 vero
325 1160 392 1190 tam
415 1160 561 1199 ingratus
573 1160 698 1199 justus,
720 1169 817 1199 quam

152 1206 304 1244 peccator
319 1214 464 1236 securus.
479 1208 579 1236 Serm.
596 1207 630 1236 de
643 1208 702 1236 div.
722 1206 753 1236 [4.

895 437 984 468 nem,
996 430 1180 461 succumbis
1191 430 1285 461 vitio.
1295 432 1428 463 Einhart.
1441 436 1480 464 ml
1490 437 1552 465 ιηιἹ.

897 483 931 504 72.
948 475 979 505 2.

858 519 894 549 In
903 521 1041 551 circuitu
1054 521 1149 559 impii
1163 521 1333 551 ambulant
1344 529 1353 559 ;
1365 523 1557 556 naturaliter

898 567 1091 604 appetentes
1110 567 1197 598 unde
1212 567 1329 597 finiant
1353 569 1534 606 appetitum
1545 594 1555 610 ‚

898 614 931 642 et
951 613 1147 651 insipienter
1165 614 1378 652 respuentes,
1394 614 1479 644 unde
1500 624 1557 653 ap-

896 659 1117 697 propinquent
1130 659 1199 689 fini.
1212 662 1258 691 De
1267 661 1350 699 diliq.
1364 662 1428 691 Deo
1437 681 1447 697 ‚
1459 669 1492 689 η.
1506 662 1555 691 19.

856 702 960 733 Deum
971 712 1082 734 amans
1096 705 1204 734 anima
1216 705 1305 735 aliud
1319 706 1438 744 praeter
1451 706 1556 736 Deum

896 749 945 779 sui
969 750 1087 780 amoris
1115 751 1286 789 praemium
1308 759 1373 780 non
1397 752 1554 790 requirit;

895 795 952 824 aut
963 794 990 824 si
1006 795 1095 825 aliud
1109 795 1259 834 requirit,
1272 796 1443 834 illud‚non
1451 798 1556 827 Deum

895 839 1015 878 diligit.
1032 841 1111 871 Ibid.
1127 849 1160 870 n.
1175 841 1225 870 17.

853 884 998 916 Naturali
1014 886 1178 916 desiderio
1194 894 1356 917 summum
1371 887 1479 926 quivis
1498 897 1555 927 ap-

893 932 979 969 petit
1001 932 1133 962 bonum.
1150 933 1207 962 Vis
1228 933 1426 972 pervenire?
1446 934 1555 973 incipe

893 978 1084 1008 transsilire.
1105 980 1209 1008 Tract.
1228 981 1263 1009 de
1280 981 1360 1009 cont.
1384 981 1490 1010 mund.
1515 982 1555 1010 acl

893 1024 973 1054 Cler.
990 1033 1022 1053 η.
1039 1025 1096 1062 55;
1115 1025 1199 1054 Nam
1214 1027 1242 1055 εἰ
1253 1026 1415 1063 impliceris
1429 1026 1554 1062 infimis,

891 1076 954 1098 non
966 1070 1131 1108 pervenies.
1149 1069 1357 1099 Anfractuosa
1372 1070 1426 1099 via
1443 1070 1504 1108 est,
1521 1071 1553 1101 et

891 1113 1137 1145 inambulabilis
1163 1123 1171 1144 ι
1202 1114 1331 1145 facilius
1353 1116 1528 1153 pervenies
1543 1138 1552 1154 ‚

891 1160 1009 1198 spretis
1054 1160 1204 1190 omnibus
1216 1182 1226 1199 ,
1267 1168 1365 1200 quam
1412 1161 1550 1200 adeptis.

890 1206 967 1235 Ibid.
984 1207 1035 1235 55.

114 1251 222 1282 Nescit
244 1260 361 1289 sanus,
385 1251 464 1290 quid
487 1252 609 1281 sentiat
631 1260 737 1289 aeger3
761 1253 815 1282 aut
850 1251 981 1289 Misera,
1010 1252 1044 1281 et
1069 1251 1226 1281 extremae
1250 1251 1348 1290 plena
1375 1251 1551 1283 dementiae

152 1296 271 1335 plenus
280 1318 289 1333 ‚
302 1296 381 1334 quid
391 1296 535 1335 patiatur
543 1296 688 1334 jejunus.
709 1299 813 1327 Tract.

152 1343 188 1373 de
201 1343 298 1373 Grad.
313 1342 403 1373 hum.
419 1351 452 1372 π.
465 1342 496 1372 6.

114 1387 260 1420 Gloriosa
283 1396 337 1420 res
351 1388 536 1428 humilitas,
551 1397 616 1428 qua
637 1388 707 1428 ipsa
730 1397 811 1428 quo-

890 1297 1098 1326 commutatio
1108 1319 1118 1335 ,
1134 1297 1311 1327 humanum
1325 1298 1489 1328 declinare
1503 1299 1551 1328 la-

888 1342 1013 1380 borem,
1027 1343 1059 1372 et
1075 1351 1149 1372 cum
1165 1343 1291 1373 diabolo
1306 1343 1478 1374 stridorem
1490 1343 1549 1375 eli-

887 1396 964 1427 gere
978 1388 1224 1428 sempiternum.
1240 1388 1319 1419 Ibid.
1334 1388 1387 1420 27.

553 1781 711 1816 51le
733 1782 885 1817 TOMI
909 1781 1125 1817 TERTII.
