1830 3073
520 225 574 254 DE
598 220 808 253 offensis
828 220 977 250 SERMO
997 221 1127 251 xviii.

120 282 202 315 mihi
217 282 332 314 caetera
356 279 482 318 condit,
499 280 663 318 tamquam
690 286 755 308 non
776 276 819 307 sit

121 331 155 360 ct
169 329 238 368 ipsa
248 327 351 358 cibus.
364 326 497 356 Interim
512 326 699 363 priusquam
711 331 818 353 come-

121 374 193 405 dam
203 395 213 412 ‚
227 372 369 411 suspir03
385 372 418 402 et
432 379 494 402 nec
505 371 582 400 tunc
597 370 730 409 quidem
744 376 818 407 per-

121 419 247 456 mittor,
261 418 299 448 ut
313 416 449 455 glutiam
472 416 609 447 salivam
635 422 752 444 meam.
764 413 819 444 Est

120 465 207 495 enim
229 464 374 502 sapiens,
390 462 442 492 cui
457 469 594 500 quaeque
612 468 666 491 res
689 459 819 497 sapiunt

119 510 215 549 prout
228 510 313 540 sunt.
330 509 388 539 Cui
412 516 491 539 vero
518 507 587 545 ipsa
609 506 677 544 jam
703 505 739 534 in
762 512 817 542 se,

119 555 215 594 prout
226 557 293 592 est,
304 553 465 592 sapientia
481 552 583 591 sapit,
598 551 626 582 is
638 558 704 580 non
723 549 818 580 modo

120 600 268 638 sapiens,
283 599 340 630 sed
365 598 465 629 etiam
488 597 603 628 beatus
618 595 678 626 est.
694 595 817 633 Nempe

120 644 181 674 1106
193 645 243 675 est
256 644 368 674 videre
390 644 496 674 Deum
519 641 617 671 sicuti
638 640 705 678 est3
722 640 817 678 atque

120 690 174 720 liic
188 689 319 729 quidem
334 688 477 719 fluminis
497 686 639 725 impetus
652 684 819 716 laetificans

120 736 287 766 civitatem
312 734 393 771 Dei3
408 733 462 763 1116
475 733 601 763 torrens
622 731 817 769 voluptatis3

120 781 188 811 haec
202 780 346 817 denique
360 778 492 809 ubertas
512 777 680 807 inebrians
696 777 756 807 est.

158 827 190 856 2.
217 826 308 856 Nunc
332 832 428 863 vero,
442 823 598 862 Domine,
615 823 729 854 vinum
752 829 816 852 non

120 871 241 902 habent
261 879 270 899 t
291 870 401 901 deficit
429 870 517 900 enim
544 870 579 900 in
606 869 658 899 his
684 868 817 899 interim

119 917 241 956 nuptiis
255 917 387 954 vinum,
403 915 516 946 vinum
541 915 656 953 utique
682 914 817 944 carnalis

119 963 297 1001 illecebrae,
313 963 348 992 et
361 961 629 1000 concupiscentiae
644 960 815 991 saecularis.

122 1009 173 1038 Fet
194 1009 381 1044 draconum,
407 1006 534 1045 inquit,
561 1006 668 1036 vinum
692 1013 816 1040 eorum,

121 1055 150 1084 ct
170 1061 319 1084 venenum
352 1053 492 1090 aspidum
516 1051 698 1081 insanabile.
728 1049 819 1079 Sem-

122 1106 181 1136 per
204 1097 297 1127 nobis
317 1096 379 1126 hoc
394 1096 507 1126 vinum
529 1094 678 1132 deficiat,
692 1094 818 1124 Fratres

124 1142 205 1179 inei,
220 1141 295 1180 quia
310 1148 378 1170 11011
404 1140 454 1169 est
477 1140 538 1170 boc
552 1139 665 1170 vinum
685 1139 816 1168 bonum.

121 1189 242 1217 Bonum
264 1187 395 1223 vinum,
410 1193 475 1214 non
496 1192 539 1215 ex
559 1185 657 1214 vinea
681 1183 818 1222 impuri-

122 1233 215 1270 tatis,
230 1231 287 1261 sed
303 1238 345 1260 ex
360 1229 476 1268 hydria
489 1228 723 1268 purificationis
737 1230 818 1259 hau-

120 1277 214 1307 ritur.
230 1277 353 1306 Bonum
371 1274 505 1312 vinum,
520 1282 585 1304 non
603 1281 647 1303 ex
667 1282 731 1304 uva
754 1275 817 1305 Go-

120 1322 255 1352 morrhae
266 1319 433 1351 conficitur
443 1342 452 1358 ,
466 1319 524 1350 sed
535 1327 577 1349 ex
591 1327 671 1357 aqua
683 1319 813 1353 Judaeae.
828 1349 829 1354 ,

120 1368 252 1399 Servasti
262 1388 272 1404 ,
295 1365 401 1404 inquit
417 1386 428 1403 ‚
457 1365 570 1395 bonum
593 1367 700 1395 vinum
721 1374 829 1404 'usque¹

119 1414 228 1443 adhuc.
252 1413 331 1442 Nam
358 1410 515 1449 optimum
538 1409 671 1449 quidem
701 1411 814 1441 vinum

120 1458 266 1489 servatur
287 1456 387 1488 etiam
406 1464 508 1495 usque
530 1456 653 1494 adhuc,
669 1456 754 1494 quod
768 1456 815 1487 vi-

120 1504 239 1535 delicet
253 1511 318 1534 non
333 1510 376 1533 ex
392 1510 473 1540 aqua
488 1501 723 1532 conficiendum
734 1523 743 1540 ‚
759 1503 815 1533 sed

118 1549 366 1589 exprimendum
376 1547 478 1586 magis
489 1555 531 1578 ex
540 1547 693 1578 botroillo
702 1556 814 1587 magno

118 1598 210 1626 terrae
219 1594 440 1634 promissionis
449 1615 459 1632 ‚
468 1593 524 1632 qui
535 1593 665 1635 interim
676 1594 710 1624 in
721 1596 813 1625 vecte

118 1642 279 1679 portatur,
293 1640 370 1670 dum
389 1639 567 1670 secundum
581 1647 709 1670 carnem
723 1640 816 1671 novi-

118 1695 188 1716 mus
214 1686 374 1716 Christum
387 1707 398 1723 ‚
427 1685 461 1715 et
498 1685 584 1716 hunc
612 1686 812 1717 crucifixum.

118 1732 277 1770 Numquid
291 1739 355 1761 non
370 1730 420 1760 illi
432 1730 545 1762 vinum
564 1730 746 1770 defecerat,
758 1733 813 1771 qui

118 1777 269 1806 dicebat:
287 1777 398 1806 Renuit
422 1777 576 1806 consolari
595 1778 703 1808 anima
724 1779 815 1808 mea?

121 1822 181 1850 Sed
198 1822 231 1851 et
252 1821 364 1850 vinum
393 1828 508 1859 aquam
531 1820 653 1851 sactum
674 1823 814 1860 gustasse

119 1868 206 1897 visus
233 1867 300 1904 est,
317 1873 391 1896 cum
413 1866 584 1903 subjunxit
601 1874 610 1896 ε
632 1869 750 1898 Memor
769 1870 816 1907 sui

116 1913 175 1942 Dei
186 1934 195 1949 ‚
210 1913 238 1942 et
249 1912 411 1942 delectatus
424 1920 504 1942 sum.
519 1911 603 1948 Quid
617 1913 704 1942 enim
716 1913 814 1945 faciet

118 1959 149 1987 iu
165 1956 353 1995 praesentia,
369 1956 424 1995 qui
438 1957 474 1987 in
493 1957 560 1987 sola
574 1959 730 1989 memoria
757 1960 815 1991 de-

117 2002 273 2033 lectatur?
288 2002 339 2032 Sic
356 2003 390 2032 et
414 2002 558 2041 Apostoli
581 2003 679 2041 plane
701 2004 813 2035 vinum

115 2055 229 2085 aquam
266 2047 387 2077 factum
426 2047 656 2086 gustaverunt,
685 2050 812 2088 quando

114 2094 200 2124 ibant
214 2095 374 2132 pandentes
387 2103 406 2123 a
420 2096 577 2133 conspectu
587 2096 709 2126 concilii
716 2106 726 2126 .·
739 2106 812 2136 quo—

114 2141 198 2169 niam
222 2140 306 2177 «liqui
329 2139 428 2169 habiti
448 2142 520 2171 sunt
529 2149 587 2179 pro
604 2143 726 2172 nomine
741 2144 812 2174 Jesu

113 2187 328 2216 ‹·0nl1t›ncliwn
341 2187 417 2224 pati.
430 2185 595 2223 Quomodo
609 2194 674 2217 non
697 2187 811 2218 vinum

114 2240 156 2259 ex
171 2239 270 2268 aqua,
285 2230 437 2268 gaudium
459 2230 500 2261 de
521 2231 736 2262 contumelia?
756 2234 812 2264 Ni—

114 2276 231 2305 mirum
246 2275 442 2314 implebatur
454 2276 521 2314 jam
534 2278 704 2316 promissio
717 2279 811 2310 Veri-

113 2321 188 2350 tatis
198 2343 207 2358 2
220 2329 292 2358 quae
308 2321 349 2351 ad
363 2330 418 2352 eos
435 2322 521 2352 facta
535 2325 604 2353 erat
618 2324 678 2354 1106
692 2325 787 2356 1110ᾶο
802 2335 809 2356 :

118 2367 253 2395 Tristitia
265 2368 368 2397 vestra
383 2369 572 2398 convertetur
594 2370 627 2398 in
639 2371 784 2408 qaudium
799 2382 809 2401 .-

115 2409 173 2438 hoc
186 2410 233 2439 cst
242 2432 251 2446 ‚
265 2418 346 2448 aqua
358 2413 464 2442 vestra
475 2412 625 2444 vertetur
635 2414 671 2444 in
684 2415 807 2445 vinum.

114 2455 235 2484 ,lliraris
251 2455 335 2492 quod
359 2455 392 2485 in
414 2456 527 2487 vinum
552 2465 634 2496 aqua
647 2459 811 2490 mutatur?

114 2500 209 2529 ctiam
226 2500 341 2530 transit
355 2500 389 2530 in
403 2509 534 2539 panem.
549 2503 617 2534 Nisi
632 2503 714 2535 forte
727 2505 811 2535 obli-

111 2545 162 2575 tus
176 2553 209 2574 cs
223 2545 390 2576 comedere
415 2554 531 2584 panem
551 2549 664 2587 tuum,
680 2557 754 2579 eum
769 2550 809 2582 de

111 2597 172 2627 quo
189 2590 295 2627 legisti
312 2599 319 2619 :
337 2591 458 2622 Ce'bstbz's
482 2601 538 2623 uos
558 2602 637 2631 pane
655 2595 810 2633 lacryma-

111 2642 197 2670 rum,
211 2636 351 2674 etpolaetm
371 2636 455 2670 dabis
478 2637 562 2670 nobis
579 2640 609 2670 in
622 2639 763 2678 lacrymis
777 2643 809 2672 in

829 1259 832 1295 5

1513 236 1545 255 οι

850 285 1007 306 mensura.
1048 275 1198 312 Denique
1228 275 1301 304 audi
1330 284 1511 309 mensuram
1542 287 1550 307 :

850 322 972 358 Erant,
995 321 1057 359 ait,
1081 321 1207 359 lapideoe
1222 320 1336 358 hydriae
1359 331 1413 352 sea,=
1426 325 1528 361 positoe
1543 346 1552 359 ‚

849 368 1015 397 secundam
1039 366 1284 405 purificationem
1308 367 1494 398 Judoeor-mn.
1519 369 1551 398 Si

849 420 946 442 verus
961 412 1092 442 Judaeus
1108 420 1161 449 es,
1177 419 1242 441 non
1266 418 1381 448 carne,
1407 413 1463 441 sed
1487 414 1551 450 spi-

849 456 932 495 ritu3
944 465 1002 487 sex
1014 457 1107 487 annis
1118 456 1241 487 servies
1251 477 1260 493 ‚
1270 455 1303 485 in
1315 455 1452 494 septimo
1466 457 1550 487 liber

850 502 1049 541 egredieris:
1067 502 1102 532 in
1113 510 1171 532 sex
1182 501 1308 540 hydriis
1318 501 1552 539 purificaberis,

850 555 908 577 sex
936 548 1052 577 diebus
1074 547 1281 586 operaberis,
1295 546 1330 576 in
1342 554 1401 576 sex
1416 545 1552 575 tribula-

849 592 992 623 tionibus
1007 592 1216 630 liberaberis3
1237 592 1270 622 et
1285 592 1320 622 iu
1334 591 1472 629 septima
1488 599 1551 620 non

848 638 960 676 tanget
986 639 1020 669 te
1048 639 1183 669 malum.
1213 638 1282 668 Non
1313 638 1417 667 solum
1443 637 1552 666 autem

849 683 1040 715 liberaberis
1065 685 1099 714 in
1114 684 1180 721 eis,
1196 683 1254 714 sed
1277 683 1311 713 et
1331 683 1445 713 vinum
1458 682 1553 711 bibes

850 737 893 760 ex
914 730 981 769 eis,
996 731 1053 760 ubi
1080 729 1218 768 coeperis
1240 729 1334 767 juxta
1364 728 1550 767 Apostolum

849 775 980 813 gloriari
998 784 1062 806 non
1078 776 1182 806 solum
1194 775 1229 805 in
1244 782 1319 813 spe,
1335 774 1393 806 sed
1404 774 1502 805 etiam
1517 773 1550 803 in

849 821 1126 852 tribulationibus.
1141 839 1145 843 ›

888 867 919 897 5.
936 867 1003 897 Hoc
1019 867 1107 897 enim
1119 867 1169 898 est
1180 866 1303 907 duplex
1318 865 1453 898 interim
1475 874 1551 904 gau-

849 911 956 952 dium,
972 914 1058 952 quod
1083 913 1184 944 habes
1212 914 1249 944 111
1275 913 1399 952 Spiritu
1422 913 1550 950 sancto,

849 958 889 988 de
914 960 1070 990 memoria
1101 959 1287 989 futurorum
1315 959 1490 997 bonorum,
1519 960 1551 988 ot

849 1004 1007 1035 malorum
1045 1005 1256 1043 praesentium
1289 1004 1473 1035 tolerantia.
1500 1003 1551 1033 Mt

849 1050 969 1088 quippe
985 1051 1018 1080 in
1046 1051 1097 1080 bis
1113 1051 1240 1080 carnale
1256 1049 1357 1088 sapit,
1373 1050 1422 1080 nil
1449 1058 1552 1080 516611-

849 1095 934 1133 1316,
950 1095 996 1125 1111
1022 1103 1164 1125 vanum:
1178 1095 1234 1125 sed
1249 1095 1389 1134 Spiritus
1402 1095 1551 1125 veritatis

851 1140 883 1170 et
898 1141 1036 1171 coelestis
1051 1141 1211 1179 sapientia
1225 1141 1292 1179 est,
1308 1140 1399 1178 cujus
1413 1140 1447 1170 111
1462 1140 1552 1170 utra-

849 1193 911 1223 que
926 1187 1066 1216 suavitas
1081 1186 1280 1224 praelibatur.
1297 1187 1432 1217 Gaudete
1443 1188 1474 1216 in
1486 1189 1550 1217 Do-

851 1231 931 1261 mino
945 1240 1075 1269 semper,
1089 1231 1135 1260 ait
1146 1232 1330 1270 Apostolus,
1341 1232 1452 1262 iterum
1463 1233 1527 1262 dico
1539 1254 1550 1270 ‚

848 1276 986 1313 yauclete.
1002 1276 1040 1305 Et
1054 1276 1194 1314 duplicis
1212 1276 1310 1313 hujus
1329 1276 1438 1314 gaudii
1449 1278 1550 1307 mate-

848 1320 929 1350 riam
944 1321 1074 1351 secutus
1089 1321 1242 1359 adJ‘unxit
1257 1330 1266 1351 ι
1282 1323 1430 1353 Modestia
1448 1325 1550 1354 vestra,

848 1368 921 1397 nota
945 1368 983 1398 sit
1013 1367 1156 1398 omnibus
1180 1368 1375 1407 ltome'm'bns3
1398 1371 1551 1400 Dominus

845 1422 939 1452 prope
959 1415 1013 1444 est.
1043 1414 1129 1452 Quid
1156 1414 1315 1445 modestia
1335 1416 1462 1454 nostra,
1484 1417 1550 1447 nisi

847 1459 1060 1490 mansuetudo
1082 1461 1116 1490 et
1137 1460 1296 1498 patientia
1321 1461 1389 1491 est?
1402 1462 1550 1492 Gaudea-

846 1512 918 1535 mus
948 1513 1024 1543 ergo
1054 1505 1095 1535 de
1124 1505 1175 1535 his
1202 1514 1274 1544 quae
1302 1508 1548 1545 exspectamus,

846 1550 999 1588 quoniam
1030 1551 1187 1582 Dominus
1215 1560 1315 1591 prope
1340 1553 1402 1583 est.
1427 1553 1545 1584 Iterum

846 1596 1043 1634 gaudeamus
1059 1597 1098 1627 de
1125 1598 1177 1628 his
1192 1606 1263 1636 quae
1285 1598 1498 1638 sustinemus,
1513 1604 1549 1629 111

845 1642 1003 1673 modestia
1016 1644 1125 1674 nostra
1136 1644 1286 1675 omnibus
1295 1645 1372 1676 nota
1382 1644 1434 1675 sit.
1447 1646 1547 1675 Nimi-

846 1696 917 1718 rum
933 1689 1088 1720 tribulatio
1101 1691 1289 1728 pattenticmt
1309 1692 1455 1729 operatur
1462 1713 1472 1728 ,
1493 1701 1549 1730 μι-

847 1735 951 1765 tientia
961 1735 1175 1772 probationem
1187 1757 1197 1772 ,
1208 1735 1352 1774 probatio
1366 1745 1438 1769 vero
1451 1746 1546 1776 spem,

845 1788 911 1818 spes
925 1781 1101 1811 autemnon
1112 1781 1283 1819 confundit.

885 1823 1012 1855 &Sane
1038 1827 1076 1856 ut
1101 1826 1237 1856 idoneus
1260 1825 1318 1856 fiat
1342 1826 1468 1858 animus
1491 1835 1548 1867 ge-

847 1869 943 1900 minae
962 1871 1040 1901 huic
1058 1870 1219 1909 spirituali
1234 1872 1357 1903 laetitiae
1377 1881 1549 1911 capesseu-

847 1914 912 1952 dae,
938 1915 1000 1946 duo
1024 1924 1117 1954 aeque
1142 1917 1184 1947 ad
1204 1916 1365 1954 justitiam
1390 1926 1548 1949 exercen-

846 1959 1003 1998 dam,duo
1012 1961 1224 1993 nihilominus
1239 1962 1280 1992 ad
1295 1964 1545 1994 conservandam

845 2014 958 2044 pacem
977 2015 1109 2039 necesse
1131 2009 1180 2039 est
1199 2008 1458 2047 praemittantur,
1474 2019 1545 2049 quac

845 2051 977 2090 quidem
996 2053 1134 2092 utraque
1155 2053 1318 2092 copiosius
1331 2054 1425 2085 nohis
1439 2055 1546 2094 Scrip-

847 2098 919 2128 tura
943 2105 1032 2128 sacra
1056 2098 1272 2129 commendat.
1287 2099 1456 2138 Siquidem
1478 2102 1546 2139 jus-

846 2142 924 2173 titiae
937 2143 1129 2175 exercitatio
1146 2144 1180 2174 in
1202 2144 1253 2175 1115
1267 2144 1392 2176 duobus
1414 2147 1544 2177 manda-

846 2188 886 2219 tis
904 2189 973 2220 tota
993 2190 1137 2228 pendere
1160 2189 1309 2230 videtur,
1323 2191 1362 2222 ut
1374 2192 1460 2230 quod
1484 2194 1544 2223 sibi

844 2234 916 2273 quis
925 2234 998 2266 fieri
1012 2243 1076 2266 11011
1088 2235 1176 2274 vult,
1190 2236 1247 2266 alii
1257 2244 1322 2267 non
1333 2236 1447 2276 faciat,
1463 2239 1544 2269 sicut

844 2280 883 2311 ad
896 2281 1015 2312 Gentes
1039 2281 1137 2313 missa
1163 2282 1299 2320 epistola
1322 2282 1544 2322 Apostolorum

844 2327 1006 2365 continet3
1023 2327 1057 2358 et
1070 2327 1343 2366 quemadmodum
1359 2329 1400 2360 ad
1415 2329 1545 2360 eosdem

843 2372 1009 2410 Apostolos
1034 2373 1191 2404 Dominus
1214 2373 1313 2412 dicit,
1342 2375 1546 2415 Quaecumque

843 2419 933 2449 vultis
960 2421 994 2449 ut
1021 2419 1106 2450 vobis
1132 2420 1253 2457 faciant
1275 2420 1430 2458 homines,
1448 2423 1493 2452 ita
1518 2423 1547 2450 et

843 2472 895 2493 vos
919 2464 1010 2501 fizcite
1035 2465 1105 2496 illis.
1135 2465 1292 2496 Caeterum
1321 2466 1474 2504 quoniam
1509 2465 1545 2494 in

843 2509 954 2539 multis
977 2509 1171 2541 offendimus
1196 2518 1326 2548 omnes,
1343 2509 1544 2549 impossibile

843 2552 933 2582 estin
944 2553 1085 2584 hocloco
1098 2555 1130 2584 et
1142 2556 1288 2593 tempore
1303 2554 1521 2585 scandalorum
1533 2575 1543 2591 ,

846 2595 969 2636 (neque
995 2599 1081 2629 enim
1108 2600 1212 2630 adhuc
1232 2600 1393 2630 venerunt
1406 2598 1517 2637 Angeli
1530 2621 1542 2636 ,

843 2642 897 2681 qui
914 2643 952 2674 de
967 2652 1065 2685 regno
1093 2645 1155 2679 Dei
1183 2644 1295 2678 tollant
1316 2644 1422 2678 omnia
1450 2652 1542 2680 scan-
