1846 3078
553 222 598 249 ΙΝ
622 219 824 250 CANTICA
850 218 1004 247 SERMO
1024 219 1119 247 LXV.

137 280 203 308 tam
219 286 283 309 non
298 273 501 308 violentum?
516 275 611 304 Amor
627 274 687 304 est.
703 274 779 311 Quae
791 272 839 303 est

138 325 199 354 ista
216 325 283 362 vis,
299 329 425 360 quaeso,
441 320 508 349 tam
524 319 668 349 violenta
683 319 723 348 ad
737 319 842 348 victo—

137 370 240 408 riam,
255 370 322 399 tam
336 366 424 397 victa
444 366 484 395 ad
499 365 689 396 violentiam
706 364 718 394 ’ἒ
740 363 842 394 Deni-

137 423 200 452 que
207 414 398 451 semetipsum
414 412 582 442 exinanivit
592 420 602 440 .·
614 410 651 440 ut
662 410 742 440 scias
755 417 840 439 amo-

137 460 183 489 ris
204 459 322 496 fuisse,
346 457 433 495 quod
457 456 628 496 plenitudo
651 456 751 485 effusa
773 455 840 491 est,

136 504 222 542 quod
236 503 374 533 altitudo
399 503 567 540 adaequata
581 501 630 531 est
640 523 649 538 ,
675 500 762 539 quod
775 499 842 529 sin-

136 549 290 586 gularitas
323 547 479 577 associata
505 546 565 576 est.
595 547 673 575 Cum
701 552 840 583 quonam

136 593 216 631 tibi,
234 602 252 623 ο
276 592 465 623 admirande
496 592 637 630 Sponse,
663 591 730 620 tam
745 589 841 619 fami-

136 639 218 668 liare
235 638 431 669 consortium
446 637 459 666 ’ἐ
473 637 586 673 Nobis,
603 635 838 673 inquis,capile.

137 684 193 713 Cui
210 683 345 714 tecum?
367 692 408 713 an
429 681 579 712 Ecclesiae
601 681 641 711 de
662 679 841 719 gentibus?

135 729 183 758 De
199 729 390 758 mortalibus
405 730 438 759 et
456 727 682 766 peccatoribus
701 725 838 755 collecta

137 775 196 804 est.
213 775 305 804 Illam
327 774 447 804 scimus
461 781 534 811 quae
552 773 604 802 sit.
627 771 690 801 Sed
711 771 748 800 tu
768 770 840 808 quis

138 829 172 849 es
181 842 190 857 ,
206 819 404 857 AEtliiopissae
417 818 513 855 huJus
528 818 592 847 tam
603 817 757 854 devotus,
772 816 839 845 tam

136 865 326 894 ambitiosus
354 865 478 893 amator
501 863 514 892 ἒ
541 863 625 892 Sane
654 870 719 892 non
757 861 840 891 alter

136 911 259 948 Moyses
270 932 279 947 ,
296 910 354 940 sed
367 911 538 948 plusquam
553 909 687 947 Moyses.
705 909 787 938 Num
805 908 839 938 tu

138 956 195 986 ille
212 964 246 985 es
261 957 417 994 Speciosus
438 956 541 993 forma
557 965 621 994 prae
645 955 715 993 filiis
740 955 840 984 homi-

135 1010 211 1031 num
224 1001 236 1031 ?
250 1003 366 1030 Parum
379 1001 447 1030 dixi
458 1001 598 1031 :Candor
610 1009 644 1030 es
656 1000 732 1031 vitae
748 1001 841 1030 aeter·

135 1054 197 1083 nae,
215 1046 378 1084 splendor,
395 1047 428 1076 et
439 1046 539 1085 figura
554 1046 742 1076 substantiae
759 1045 838 1083 Dei3

138 1092 298 1129 postremo
313 1100 411 1130 super
425 1093 535 1122 omnia
545 1093 632 1122 Deus
648 1091 840 1122 bene-dictus

137 1138 317 1177 insaecula,
338 1146 443 1168 amen.

169 1258 313 1289 Ererrim·
338 1256 563 1294 steinfeldensis
584 1257 743 1295 praepositi
765 1256 806 1287 ad

284 1303 317 1333 S.
333 1303 530 1332 Bernardum
545 1302 687 1332 abbatem

354 1374 621 1407 EPISTOLA.

136 1444 175 1467 De
183 1443 323 1467 haereticis
331 1444 372 1467 sui
383 1444 524 1474 temporis.
534 1444 603 1467 Haec
611 1444 720 1474 epistola
730 1443 840 1468 duobus

165 1479 348 1509 sequentibus
367 1480 546 1503 sermonibus
563 1480 734 1503 occasionem
754 1479 837 1503 dedit.

166 1515 300 1538 Haeretici
312 1517 407 1538 aulem
423 1514 480 1543 illi,
492 1521 620 1545 quorum
638 1521 741 1538 nomen
755 1515 838 1544 igno-

166 1553 257 1579 ratur,
275 1551 461 1574 coloniensem
481 1551 628 1581 regionem
647 1550 771 1574 maxime
789 1550 838 1573 in-

165 1586 307 1609 restabant.

174 1657 191 1672 «
209 1646 238 1675 1.
254 1646 466 1675 REVERENDO
482 1644 612 1675 domino
627 1653 685 1675 suo
704 1646 738 1675 et
754 1645 837 1683 patri

133 1692 325 1721 BERNARDO
339 1712 348 1727 ,
375 1690 673 1720 claraevallensium
709 1691 837 1728 abbati,

134 1738 331 1766 Evfflzvmus
346 1735 595 1765 Steinseldensis
610 1736 761 1766 minister
779 1737 838 1766 hu-

134 1783 220 1812 milis
231 1803 240 1819 ,
254 1782 288 1811 in
303 1781 440 1811 Domino
456 1781 651 1819 confortari,
667 1783 700 1812 et
714 1781 838 1811 confor-

133 1830 200 1857 tare
206 1827 380 1857 Ecclesiam
388 1826 665 1856 Christi.Laetabor
675 1834 732 1864 ego
741 1834 837 1864 super

134 1873 263 1911 eloquia
285 1873 364 1909 tua,
390 1872 476 1901 sicut
499 1872 557 1909 qui
582 1871 710 1902 invenit
734 1873 835 1908 spolia

133 1919 253 1956 inulta,
270 1917 326 1955 qui
342 1916 437 1947 nobis
461 1917 650 1946 memoriam
668 1917 835 1946 abundan-

132 1964 173 1993 tis
187 1963 357 1993 suavitatis
378 1962 438 1992 Dei
458 1962 605 1991 eructare
630 1961 663 1990 in
685 1961 835 1991 omnibus

131 2009 227 2039 dictis
242 2009 275 2039 et
289 2008 417 2045 scriptis
429 2007 548 2037 vestris
559 2007 683 2044 soletis,
693 2007 834 2036 maxime

133 2055 166 2083 in
180 2054 311 2084 Cantico
324 2052 441 2082 amoris
452 2052 562 2090 sponsi
577 2052 610 2081 et
625 2059 759 2090 sponsae,
776 2052 835 2081 hoc

133 2101 182 2129 est
206 2099 322 2128 Christi
349 2099 382 2128 et
406 2097 576 2135 Ecclesiae,
598 2097 644 2126 ita
668 2097 704 2126 ut
728 2096 834 2126 eidem

132 2152 247 2182 sponso
263 2144 372 2173 dicere
388 2142 550 2173 veraciter
563 2142 720 2180 possimus
737 2150 745 2171 t
762 2144 835 2172 Ser-

133 2191 209 2220 vasti
233 2189 347 2219 bonum
361 2189 468 2218 vinum
486 2197 580 2226 usque
606 2188 716 2218 adhuc.
733 2187 834 2224 HuJus

133 2235 201 2264 vini
225 2236 292 2264 tam
317 2233 453 2272 pretiosi
475 2233 667 2272 pincernam
687 2234 720 2263 te
741 2234 834 2263 nobis

133 2281 202 2317 ipse
219 2279 389 2309 constituit
405 2288 413 2309 ε
430 2287 495 2308 non
511 2287 617 2309 cesses
637 2279 832 2318 propinare:

134 2334 195 2354 non
212 2324 359 2361 haesites,
383 2324 516 2362 hydrias
536 2332 600 2353 non
618 2325 742 2362 poteris
758 2333 834 2355 eva-

135 2378 241 2399 cuare.
267 2369 332 2398 Nec
357 2369 390 2398 te
417 2370 570 2406 excuset,
594 2369 689 2399 Pater
703 2371 832 2408 sancte,

135 2415 283 2445 debilitas
299 2415 354 2444 tua
369 2423 377 2443 ε
394 2422 469 2444 cum
486 2414 558 2452 plus
570 2416 834 2453 opereturpietas

134 2462 166 2490 in
188 2460 314 2498 officio,
336 2468 433 2498 quam
450 2461 624 2498 corporalis
647 2461 834 2492 aedificatio-

134 2507 182 2535 nis
190 2505 392 2536 exercitatio.
405 2506 469 2535 Nec
481 2506 568 2535 dicas
577 2507 609 2536 te
622 2508 829 2545 occupatum:

133 2552 296 2582 nescimus
311 2551 436 2590 aliquid
460 2551 537 2582 huic
560 2552 626 2582 tam
649 2555 832 2585 necessario

134 2597 223 2635 operi
239 2597 400 2627 communi
414 2598 678 2636 praeponendum.
701 2599 747 2628 De
770 2599 831 2638 hy-

135 2642 204 2673 dria
219 2643 372 2680 quantum
386 2665 394 2680 ,
421 2644 622 2673 sanctissime
638 2644 750 2682 Pater,
778 2645 833 2674 ha-

1514 226 1573 257 559

876 272 934 303 bes
961 273 1054 304 nobis
1079 272 1174 303 modo
1196 273 1367 312 propinare
1384 276 1392 306 l
1409 279 1454 308 De
1471 279 1573 317 prima

875 319 1084 357 propinatum
1110 318 1159 348 est
1179 319 1274 356 satis,
1301 320 1334 349 et
1357 322 1497 354 reddidit
1519 333 1574 355 eos

875 366 1039 403 sapientes
1060 365 1093 395 et
1107 364 1208 394 fortes
1223 365 1335 394 contra
1349 365 1528 399 doctrinam
1539 371 1573 399 et

876 410 1034 449 impetum
1056 410 1241 440 Scribarum
1262 410 1295 439 et
1315 410 1570 443 Pharisaeorum:

874 456 1016 487 secunda
1031 457 1141 486 contra
1163 455 1352 494 argumenta
1369 455 1401 485 et
1415 456 1573 488 tormenta

873 503 1054 532 Gentilium
1077 501 1199 532 :tertia
1221 501 1332 531 contra
1356 500 1491 531 subtiles
1515 503 1573 532 de-

874 548 1044 586 ceptiones
1070 547 1298 578 haereticorum
1314 555 1322 575 :
1338 547 1452 585 quarta
1467 547 1576 578 contra

873 595 968 624 falsos
992 594 1213 624 Christianos:
1237 593 1352 631 quinta
1373 592 1484 622 contra
1507 592 1574 623 11ae-

872 639 989 669 reticos
1004 639 1089 668 circa
1105 638 1203 668 finem
1217 638 1327 668 saeculi
1339 637 1511 675 venturos,
1535 638 1575 668 de

873 684 992 722 quibus
1006 692 1066 722 per
1081 684 1266 721 Apostolum
1286 683 1458 714 manifeste
1473 683 1577 722 Spiri-

874 730 924 760 tus
944 729 1024 760 dicit
1041 739 1048 759 :
1068 731 1106 760 In
1127 730 1296 760 novissimis
1309 729 1493 768 temporibus
1515 731 1578 760 dis-

873 776 975 805 cedent
990 776 1116 813 quidam
1130 784 1150 804 a
1159 774 1216 811 fide
1229 795 1239 811 ,
1254 775 1441 804 intendentes
1464 775 1578 813 spiriti-

874 819 927 850 bus
945 821 1059 850 erroris
1075 821 1103 850 et
1117 820 1263 850 doctrinis
1276 820 1498 850 daemoniorum
1512 841 1522 856 ,
1543 821 1577 849 in

872 865 1025 904 hypocrisi
1040 866 1229 903 loquentiam
1243 865 1455 901 mendacium,
1468 865 1576 904 prohi-

874 910 1009 940 bentium
1029 911 1143 940 nubere
1155 932 1166 947 ‚
1184 910 1337 940 abstinere
1352 919 1372 941 a
1393 910 1485 946 cibis,
1501 918 1577 949 quos

871 958 953 987 Deus
962 957 1074 987 creavit
1089 957 1129 987 ad
1141 957 1366 995 percipiendum
1376 965 1445 986 cum
1457 957 1577 994 qratia·

872 1011 943 1032 rum
964 1003 1096 1032 actione.
1120 1002 1168 1031 De
1189 1002 1282 1032 sexta
1305 1001 1574 1039 inebriabuntur,

872 1047 984 1077 fideles
1012 1045 1221 1077 confortando
1246 1047 1356 1076 contra
1384 1046 1495 1083 illum,
1518 1045 1576 1084 qui

872 1094 907 1123 in
923 1094 983 1123 hac
998 1093 1153 1123 nimirum
1163 1092 1358 1123 discessione
1374 1100 1391 1121 a
1406 1091 1468 1121 fide
1480 1099 1575 1122 reve-

872 1140 1003 1178 labitur,
1019 1139 1148 1170 scilicet
1159 1139 1215 1168 ille
1230 1138 1356 1177 peccati
1371 1137 1575 1176 filius,homo

872 1186 1077 1224 perditionis,
1086 1185 1143 1224 qui
1155 1185 1344 1214 adversatur
1357 1183 1391 1213 et
1405 1183 1576 1214 extollitur

872 1241 971 1271 super
983 1241 1077 1262 omne
1092 1232 1179 1270 quod
1191 1231 1310 1261 dicitur
1322 1230 1377 1260 aut
1392 1230 1478 1268 quod
1498 1229 1577 1260 coli—

872 1278 924 1308 tur
939 1279 1041 1315 Deus3
1059 1277 1151 1315 cujus
1165 1277 1213 1307 est
1224 1277 1383 1306 adventus
1397 1275 1575 1305 secundum

873 1324 1095 1363 operationem
1111 1324 1230 1352 satanae
1243 1322 1277 1351 in
1293 1321 1380 1351 omni
1392 1320 1527 1358 virtute,
1543 1320 1576 1350 et

872 1370 991 1409 signis,
1008 1370 1042 1400 et
1056 1368 1212 1408 prodigiis
1233 1366 1465 1402 mendacibus,
1488 1367 1522 1395 et
1543 1366 1576 1395 in

873 1416 962 1446 omni
982 1414 1173 1446 seductione
1192 1412 1387 1450 iniquitatis.
1404 1410 1478 1441 Post
1492 1411 1576 1440 hanc

872 1461 1011 1500 septima
1035 1468 1100 1490 non
1123 1459 1185 1489 erit
1215 1457 1416 1495 necessaria,
1448 1456 1576 1495 quando

873 1507 932 1536 filii
946 1506 1118 1537 hominum
1140 1502 1393 1534 inebriabuntur
1414 1501 1455 1531 ab
1477 1501 1577 1531 uber-

873 1554 939 1583 tate
965 1552 1080 1582 domus
1103 1550 1165 1580 Dei
1181 1549 1215 1580 et
1239 1548 1384 1579 torrente
1400 1548 1576 1585 voluptatis

873 1598 954 1636 ejus.
971 1598 996 1627 Ο
1011 1598 1095 1627 bone
1116 1596 1230 1633 Pater,
1253 1594 1331 1624 satis
1354 1593 1487 1623 interim
1501 1601 1576 1631 pro-

872 1644 992 1682 pinasti
1008 1644 1047 1673 de
1064 1642 1178 1680 quarta
1193 1640 1309 1678 hydria
1321 1639 1469 1668 omnibus
1483 1639 1576 1668 nobis

872 1688 913 1718 ad
928 1687 1163 1718 correctionem
1173 1707 1182 1722 ,
1199 1685 1239 1714 ad
1254 1683 1501 1714 aedificationem
1511 1704 1520 1720 ,
1536 1682 1575 1712 ad

871 1732 1203 1768 consummationem,
1225 1729 1477 1767 incipientibuS,
1500 1737 1575 1766 pro-

871 1779 1055 1808 ficientibus
1081 1778 1179 1815 atque
1205 1774 1361 1814 perfectis
1378 1783 1386 1812 ς
1412 1782 1517 1811 usque
1539 1774 1573 1803 in

870 1824 968 1854 finem
977 1824 1085 1853 saeculi
1098 1821 1289 1860 profuturus
1301 1820 1411 1850 contra
1426 1820 1572 1858 teporem

869 1877 905 1899 ac
914 1868 1197 1906 pravitatem,quae
1206 1865 1296 1896 estin
1310 1865 1398 1894 falsis
1407 1864 1570 1895 fratribus.

868 1915 938 1943 Jam
948 1915 1075 1950 tempus
1091 1913 1140 1942 est
1154 1913 1191 1942 ut
1205 1911 1245 1941 de
1259 1910 1374 1948 quinta
1388 1909 1530 1947 haurias,
1543 1913 1574 1939 et

869 1959 903 1988 in
917 1959 1062 1989 medium
1078 1958 1220 1996 proferas
1229 1957 1338 1987 contra
1355 1964 1455 1986 novos
1470 1956 1573 1986 haere—

870 2005 967 2042 ticos,
983 2005 1040 2043 qui
1061 2005 1313 2041 circumquaque
1336 2002 1403 2039 jam
1428 2001 1496 2032 fere
1513 2010 1572 2040 per

869 2058 980 2079 omnes
1009 2049 1162 2079 ecclesias
1198 2048 1365 2078 ebulliunt
1397 2047 1437 2077 de
1472 2049 1572 2085 puteo

870 2095 995 2133 abyssi,
1015 2095 1107 2133 quasi
1123 2094 1190 2132 jam
1210 2095 1364 2133 prinecps
1379 2093 1509 2123 illorum
1524 2094 1572 2123 in-

869 2141 970 2179 cipiat
991 2141 1142 2179 dissolvi,
1158 2142 1191 2171 et
1212 2141 1313 2170 instet
1331 2140 1402 2170 dies
1426 2140 1569 2170 Domini.

868 2187 906 2215 Et
926 2186 959 2217 in
977 2186 1185 2225 epithalamio
1200 2187 1318 2216 amoris
1331 2186 1448 2216 Christi
1464 2187 1497 2217 et
1513 2188 1571 2216 Ec-

869 2232 974 2263 clesiae
990 2234 1078 2262 locus
1091 2254 1100 2270 ,
1116 2233 1171 2271 qui
1187 2240 1204 2262 a
1219 2232 1269 2269 te,
1294 2233 1406 2269 Pater,
1428 2233 1512 2263 sicut
1536 2233 1571 2262 tu

868 2279 936 2317 ipse
954 2279 1035 2308 milii
1051 2278 1211 2316 retulisti,
1224 2278 1291 2316 jam
1309 2281 1358 2308 cst
1370 2279 1568 2316 tractandus,

868 2325 1043 2363 videlicet,
1058 2326 1163 2364 Capite
1178 2326 1264 2355 nobis
1282 2326 1385 2363 vulpes
1394 2326 1542 2364 parvulas
1558 2346 1567 2360 ,

868 2380 935 2409 quae
956 2372 1161 2401 demoliuntur
1175 2372 1301 2406 vincas,
1317 2371 1394 2400 huic
1416 2370 1567 2407 mysterio

868 2416 1025 2454 congruit,
1042 2417 1075 2447 et
1089 2417 1121 2447 te
1133 2417 1173 2446 ad
1184 2416 1330 2455 quintam
1339 2415 1485 2454 hydriam
1493 2422 1568 2452 per-

868 2462 974 2492 duxit.
991 2463 1151 2501 Rogamus
1162 2463 1273 2501 igitur,
1289 2462 1399 2497 Pater,
1411 2461 1446 2489 ut
1457 2467 1566 2489 omnes

868 2509 976 2546 partes
999 2509 1132 2539 haeresis
1152 2509 1301 2545 illorum,
1318 2515 1390 2544 quae
1418 2505 1458 2533 ad
1477 2505 1564 2533 tuam

867 2554 1016 2584 notitiam
1038 2553 1278 2592 pervenerunt,
1309 2550 1502 2586 distinguas,
1532 2551 1565 2579 et

867 2601 977 2630 contra
1001 2601 1115 2638 positis
1136 2598 1313 2629 rationibus
1337 2597 1370 2625 et
1393 2594 1566 2624 auctorita-

866 2646 953 2676 tibus
974 2647 1088 2676 nostrae
1108 2644 1215 2680 Fidei,
1231 2643 1297 2671 illas
1314 2640 1467 2670 destruas.
