1846 3078
240 244 257 272 z).

201 297 232 325 in
259 296 336 335 ipsis
352 296 415 334 cst,
439 295 477 325 de
494 294 613 325 mundo
639 294 749 332 fugere
766 298 898 328 compu-

199 344 318 372 lerunt.
445 380 448 381 ⁷

239 387 269 417 6.
287 388 350 418 Sed
365 389 421 418 illa
441 388 601 424 clamans,
614 386 763 423 plorans,
790 383 823 413 et
837 390 898 412 nu-

199 434 273 464 data
289 434 494 473 turpitudine
507 455 516 471 ‚
533 432 565 462 et
587 428 799 468 discoopertis
814 428 898 458 nati-

200 480 258 509 bus
266 502 274 518 ,
285 479 392 510 omnia
406 479 532 509 occulta
543 477 575 507 et
585 475 736 514 pudenda
749 482 807 505 sua
818 473 899 504 risui

199 526 342 555 omnium
367 524 491 554 deflens
517 521 665 560 exposita
676 542 686 558 ,
712 520 782 550 orat
815 518 900 549 filios

199 570 284 600 uteri
299 571 348 601 sui
363 593 372 608 ,
385 577 445 599 nec
460 567 658 597 miserentur
670 574 678 594 :
691 565 850 603 obsecrat,
866 565 900 594 et

196 616 363 646 irridetur.
379 616 415 644 Et
427 616 564 651 utraque
576 620 675 642 manu
686 611 763 641 totis
777 611 900 641 viribus

195 662 388 699 panniculos
405 659 561 698 quosdam
580 657 744 687 canonicae
759 657 811 687 vel
828 665 901 686 mo-

196 706 329 736 nasticae
341 704 527 742 religionis,
543 702 601 741 qui
615 702 673 732 vix
686 710 800 732 manus
819 702 900 732 diri-

196 752 356 789 pientium
370 750 560 787 effugerant,
569 749 657 778 circa
671 756 726 778 cor
738 748 771 778 et
783 748 900 778 vitales

196 798 267 827 illas
283 798 391 835 partes
402 795 624 833 adstringens,
641 794 700 824 hos
714 794 829 823 saltem
849 794 896 823 di-

197 843 283 874 mitti
309 843 372 873 sibi
402 843 574 881 precatur,
602 848 665 870 nec
693 839 835 869 auditur.
861 839 898 868 Et

197 892 281 928 ipsos
295 888 384 918 enim
399 887 449 918 sui
476 887 546 924 illi,
562 894 629 916 non
654 885 805 915 custodes
817 907 826 923 ,
843 885 899 914 sed

196 936 336 965 latrones
350 956 359 972 ,
386 934 529 971 diripere
561 931 721 962 conantur
747 939 755 959 :
784 931 822 960 ut
845 931 898 960 vel

195 981 378 1011 nuditatem
406 987 497 1010 suam
522 986 588 1009 non
610 977 738 1014 ferenS,
769 976 809 1006 de
838 976 899 1006 hoc

195 1026 315 1056 mundo
332 1026 453 1064 fugiat,
475 1025 530 1054 vel
552 1024 639 1054 inter
655 1031 709 1053 eos
731 1023 766 1052 in
780 1022 899 1060 frigore

196 1072 328 1102 malitiae
345 1079 457 1101 eorum
472 1070 639 1100 moriatur.
656 1068 831 1106 Fingentes
851 1068 901 1098 ta-

195 1127 271 1148 men
285 1125 528 1155 nonnumquam
544 1125 577 1146 se
593 1115 762 1152 misereri,
774 1114 901 1144 vestem

196 1164 236 1194 de
251 1164 459 1194 simulatione
474 1162 636 1193 virtutum
661 1161 695 1191 et
716 1159 902 1190 dissimula-

195 1209 284 1239 tione
300 1209 454 1239 vitiorum
463 1231 473 1246 ,
485 1216 584 1238 manu
595 1206 776 1245 hypocrisis
788 1206 902 1235 utrim-

195 1264 258 1293 que
285 1256 471 1285 contextam
485 1254 629 1284 vendere
657 1253 706 1283 illi
728 1253 900 1283 conantur.

195 1302 296 1338 Quam
312 1301 369 1330 illa
384 1301 552 1331 detestans
568 1300 600 1330 et
612 1298 820 1335 abominans,
834 1307 900 1328 non

200 242 213 269 'a
219 244 235 272 5

195 1347 351 1385 suscipit,
375 1355 440 1377 non
455 1344 668 1384 recognoscit.
694 1344 789 1374 Novit
811 1344 915 1373 illam*

194 1392 366 1430 sapientiae
379 1392 531 1422 manibus
547 1391 749 1428 contextam,
762 1390 900 1420 tinctam

197 1439 230 1468 et
257 1439 414 1468 sacratam
430 1438 511 1476 Agni
536 1438 713 1476 sanguine,
738 1444 756 1465 a
785 1444 900 1474 sponso

195 1483 258 1513 sibi
274 1484 476 1521 derelictam,
492 1492 510 1513 a
525 1483 601 1513 [iliis
617 1483 901 1513 sublatam.Aliam

196 1530 302 1560 nescit
314 1552 323 1568 ,
337 1530 394 1560 scd
409 1529 522 1567 abjicit
534 1530 567 1559 et
580 1527 717 1565 respuit.
730 1527 806 1557 Ideo
820 1527 915 1569 abji-ij

196 1575 301 1613 citur,
314 1575 480 1613 respuitur
491 1597 499 1612 ,
519 1574 726 1612 conspuitur,
743 1573 788 1607 et,
799 1573 915 1602 omni-¹

196 1622 256 1652 bus
274 1621 447 1659 opprobrio
462 1621 613 1650 habetur.

237 1667 268 1697 7.
282 1668 356 1697 Haec
369 1668 443 1696 sunt
454 1667 573 1704 nostra,
583 1666 653 1696 haec
665 1665 741 1695 sunt
750 1664 900 1695 Ecclesiae
914 1702 915 1706 Ἰ

196 1713 379 1752 periculosa
394 1714 541 1751 tempora
557 1720 565 1741 :
582 1711 617 1741 in
640 1711 761 1750 quibus
775 1711 809 1740 in
821 1719 899 1748 pace
914 1746 915 1757 ἵ

195 1760 280 1790 facta
303 1760 353 1789 est
380 1758 562 1788 amaritudo
590 1758 661 1795 ejus
687 1757 898 1787 amarissima.

196 1805 260 1835 Sed
284 1806 347 1835 tria
372 1814 420 1835 vae
443 1805 597 1835 abierunt
625 1813 633 1833 :
665 1804 771 1833 adhuc
800 1806 901 1834 restat

196 1859 297 1881 unum
313 1860 361 1881 vae
372 1873 381 1889 ,
397 1851 524 1882 scilicet
545 1851 679 1889 angelus
695 1851 814 1880 satanae
827 1871 838 1888 ,
864 1849 898 1878 in
914 1882 915 1885 Ἰ

196 1899 350 1936 angelum
366 1898 447 1927 lucis
463 1906 496 1928 se
513 1897 798 1935 transfiguraturus
809 1918 817 1933 ,
833 1904 900 1926 ses-

196 1952 290 1974 surus
306 1943 340 1973 in
354 1943 478 1981 templo
490 1943 570 1980 Dei,
593 1944 625 1972 et
652 1944 842 1972 ostensurus
866 1949 899 1970 se

195 1992 361 2029 tamquam
387 1990 429 2021 sit.
450 1991 548 2020 Deus.
573 1989 635 2027 Qui
655 1988 722 2026 jam
745 1987 900 2026 mysteria

197 2037 382 2075 iniquitatis
409 2037 582 2074 operatur,
606 2035 802 2074 praenuntiis
830 2034 900 2072 ejus

193 2083 261 2120 jam
287 2083 432 2121 undique
448 2082 601 2113 Ecclesiae
623 2081 873 2120 suggillantibus
890 2090 897 2109 .-

198 2129 274 2158 Ecce
291 2129 356 2165 liic,
386 2131 413 2159 et
439 2138 503 2159 ecce
532 2129 604 2158 illic.
631 2127 716 2164 Sed,
739 2136 758 2158 o
785 2135 900 2166 sponsa

197 2173 337 2212 Christi,
360 2174 427 2204 noli
450 2173 583 2204 credere
595 2195 603 2211 ,
618 2174 685 2203 noli
702 2174 794 2204 exire
819 2182 827 2202 τ
844 2173 901 2204 sed

197 2219 321 2250 sustine
341 2228 491 2257 sponsum
508 2220 599 2250 tuum
614 2242 623 2258 ,
639 2219 695 2258 qui
717 2220 750 2250 te
766 2228 829 2250 non
847 2221 903 2250 de-

197 2265 314 2305 spicit,
328 2274 389 2295 nec
404 2266 608 2296 obliviscitur
620 2266 653 2295 in
665 2266 875 2297 tribulatione
891 2275 900 2296 ε

197 2312 256 2343 sed
266 2312 379 2351 quarta
388 2311 499 2348 vigilia
510 2312 623 2342 ventet
635 2311 674 2341 ad
687 2312 719 2341 te
733 2313 902 2343 ambulans

198 2367 297 2397 super
311 2366 415 2387 mare.
427 2358 465 2386 Et
479 2358 567 2395 veni,
594 2358 732 2388 Domine
746 2380 754 2396 ,
770 2359 847 2389 veni
862 2359 902 2390 ad

200 2404 406 2434 liberandum
430 2411 501 2433 eam
523 2404 660 2434 Domine
689 2405 776 2434 Deus
797 2405 902 2435 virtu-

202 2452 292 2487 lum,
316 2450 373 2488 qui
403 2448 489 2479 vivis
515 2449 548 2478 et
575 2457 689 2486 regnas
710 2458 769 2488 per
793 2452 900 2482 omnia

203 2496 318 2527 saecula
333 2495 540 2532 saeculorum,
568 2501 674 2525 amen.

666 245 696 269 S.
729 239 962 271 BERNARDI
984 240 1174 267 AnBATlS

1099 301 1374 336 PARABOLA
1412 302 1460 336 V.

1082 376 1122 400 De
1133 375 1199 400 Fide
1208 394 1215 407 ‚
1227 376 1295 408 Spe,
1307 379 1333 401 et
1346 377 1477 403 Caritate.

973 432 1001 462 1.
1019 432 1092 462 REX
1104 433 1225 463 nobilis
1248 433 1281 463 et
1295 433 1411 472 potens
1434 435 1501 464 tres
1517 433 1636 463 habuit

932 476 1014 507 filias
1026 498 1035 514 ,
1048 477 1161 508 Fidem
1173 500 1183 516 ,
1200 477 1296 516 Spem
1309 500 1319 516 ,
1335 478 1369 508 et
1379 479 1564 509 caritatem.
1579 479 1636 508 llis

932 522 1095 561 delegavit
1119 523 1289 554 civitatem
1315 523 1473 553 eximiam
1484 546 1494 562 ,
1519 525 1636 554 huma-

931 577 1004 598 nam
1028 568 1191 598 Animam.
1217 570 1255 598 In
1283 577 1349 608 qua
1378 578 1453 600 cum
1481 570 1548 599 tres
1572 569 1638 599 sint

930 622 1020 644 arces
1028 636 1037 652 ,
1049 615 1312 653 Rationabilitas,
1321 615 1638 653 Concupiscibilitas,

931 659 1157 698 irascibilitas,
1169 660 1348 698 unicuique
1365 668 1457 690 suam
1473 660 1637 690 contradi-

931 705 979 735 dit
1001 713 1010 734 :
1031 706 1123 736 Fidei
1147 706 1306 744 primam,
1332 706 1409 745 Spei
1438 706 1635 743 secundam,

913 766 916 807 i
929 750 1063 782 Caritati
1078 751 1221 782 tertiam.
1238 752 1499 782 Rationabilitati
1524 752 1634 789 praefi-

914 810 915 815 =
931 796 1017 826 citur
1038 797 1134 827 Fides
1147 818 1156 834 ,
1173 797 1250 835 quia
1267 797 1348 827 fides
1370 805 1436 827 non
1450 797 1550 827 habet
1567 805 1637 827 me-

914 855 915 865 :
930 841 1028 871 ritum
1039 865 1048 881 ,
1065 843 1118 873 cui
1132 843 1275 872 humana
1286 843 1368 873 ratio
1389 843 1517 881 praebet
1533 851 1639 881 expe-

914 878 917 946 ἱ
930 887 1118 919 rimentum.
1129 888 1442 926 Concupiscibilitati
1459 888 1551 927 Spes,
1560 889 1637 926 quia

931 934 1162 972 concupiscere
1177 942 1234 964 nos
1258 942 1323 963 non
1346 934 1428 964 licet
1450 943 1523 972 quae
1547 935 1637 965 vide-

931 987 1003 1009 mus
1014 1002 1023 1018 ,
1040 979 1096 1009 sed
1111 987 1182 1017 quae
1197 987 1366 1017 speramus
1382 987 1391 1009 ζ
1416 980 1450 1010 et
1472 988 1545 1017 spes
1564 989 1636 1017 quae

931 1025 1061 1055 videtur
1073 1047 1083 1063 ,
1098 1033 1163 1054 non
1175 1026 1225 1054 est
1239 1033 1324 1063 spes.
1340 1025 1562 1055 Irascibilitati
1578 1026 1637 1054 Ca-

931 1071 1008 1101 ritas
1018 1094 1028 1110 ,
1043 1072 1154 1101 fervor
1168 1071 1297 1102 scilicet
1309 1070 1430 1101 fervori
1448 1079 1456 1100 :
1481 1072 1517 1101 ut
1529 1071 1637 1101 fervor

931 1117 1062 1148 virtutis
1079 1117 1199 1147 fervori
1214 1118 1338 1147 naturae
1354 1117 1560 1155 dominetur,
1577 1117 1638 1146 im-

931 1171 982 1193 mo
998 1163 1105 1193 fervor
1119 1163 1276 1193 naturalis
1291 1163 1418 1193 attollat
1431 1171 1465 1193 se
1478 1163 1511 1192 in
1527 1163 1638 1193 fervo-

932 1218 1000 1239 rem
1013 1209 1155 1239 virtutis.
1169 1210 1323 1247 Ingressae
1338 1209 1422 1247 illae,
1433 1217 1635 1247 unaquaequc

931 1264 988 1293 pro
1001 1264 1093 1293 posse
1108 1263 1166 1285 suo
1187 1255 1319 1284 domum
1339 1262 1430 1284 suam
1452 1253 1581 1284 ordinat
1603 1255 1638 1283 et

930 1302 1093 1338 procurat.
1111 1300 1283 1330 Custodem
1297 1308 1374 1338 ergo
1390 1299 1503 1329 domus
1521 1307 1586 1329 suae
1602 1300 1636 1328 in

932 1346 1198 1377 Rationabilitate
1206 1347 1301 1376 Fides
1309 1345 1400 1384 ponit
1410 1345 1635 1382 Prudentiam,

932 1394 968 1422 ut
981 1401 1076 1423 suum
1095 1393 1149 1430 jus
1171 1392 1206 1421 in
1234 1400 1272 1422 ea
1297 1392 1361 1421 sibi
1385 1390 1576 1428 conservet,
1603 1391 1637 1420 et

932 1438 1090 1469 rationem
1105 1439 1164 1468 sub
1180 1437 1306 1476 legibus
1327 1436 1403 1466 fidei
1420 1436 1454 1466 et
1470 1436 1555 1466 intra
1570 1436 1636 1465 ter-

932 1484 1035 1514 minos
1049 1492 1067 1513 a
1082 1484 1144 1513 fide
1158 1484 1280 1522 positos
1296 1482 1458 1513 cohibeat.
1473 1482 1512 1511 Ut
1526 1483 1636 1511 autem

931 1529 1126 1558 fiducialiter
1141 1529 1176 1558 in
1200 1529 1294 1558 domo
1316 1529 1446 1566 ageret,
1463 1527 1588 1557 addidit
1604 1529 1638 1556 et

931 1574 1171 1604 Obedientiam.
1188 1574 1230 1604 Ut
1245 1573 1432 1603 obedientia
1448 1580 1634 1610 processum

931 1620 1038 1658 operis
1048 1642 1057 1657 ,
1073 1620 1106 1649 et
1121 1619 1330 1650 tolerantiam
1345 1619 1482 1648 haberet
1496 1618 1616 1648 laboris
1626 1641 1635 1655 ,

931 1666 1074 1695 subdidit
1091 1666 1124 1695 et
1138 1666 1342 1695 Patientiam.
1358 1664 1521 1694 litantem
1538 1664 1635 1693 etiam

931 1711 1120 1741 inferiorem
1143 1711 1273 1741 actuum
1295 1710 1349 1740 vel
1372 1718 1525 1740 sensuum
1541 1709 1636 1738 fami-

914 1763 915 1782 1
931 1757 1008 1786 liam
1024 1765 1137 1794 regere
1153 1757 1237 1786 bene
1253 1756 1362 1794 posset
1379 1756 1411 1785 et
1426 1755 1612 1793 dispensare
1625 1777 1635 1791 ,

932 1803 1034 1841 ipsam
1060 1803 1092 1832 ei
1116 1802 1402 1841 Dispensationem
1427 1801 1567 1832 suffecit.
1594 1801 1637 1830 Ut

931 1849 1107 1880 secundum
1122 1849 1309 1887 Apostolum
1321 1848 1457 1877 honeste
1474 1846 1507 1877 et
1518 1854 1637 1876 secun-

931 1896 1008 1925 dum
1033 1895 1181 1924 ordinem
1212 1894 1321 1924 omnia
1349 1893 1487 1929 fierent,
1512 1892 1636 1922 addidit

912 1934 915 1990 L
931 1942 1028 1971 etiam
1045 1942 1078 1971 et
1093 1940 1257 1970 Ordinem.
1273 1940 1319 1969 Ne
1336 1937 1522 1968 maledictio
1535 1937 1637 1967 intra-

914 1996 915 2001 *
931 1988 981 2018 ret
1010 1988 1141 2017 domum
1172 1984 1364 2025 (Maledicta
1389 1984 1493 2014 omnis
1521 1983 1635 2013 domus

931 2031 1192 2071 indisciplinata)
1206 2030 1373 2061 custodem
1382 2029 1415 2059 in
1424 2028 1517 2067 porta
1528 2028 1636 2066 posuit

931 2080 1156 2118 Disciplinam.

971 2127 1002 2156 2.
1019 2127 1099 2164 Spes
1124 2124 1232 2154 autem
1254 2122 1288 2152 in
1308 2119 1634 2160 concupiscibilitate

932 2171 1042 2202 domui
1072 2179 1138 2201 suae
1162 2168 1378 2199 sobrietatem
1402 2165 1569 2205 praefecit,
1598 2166 1636 2195 ut

934 2218 982 2255 ius
1013 2224 1109 2247 suum
1131 2215 1167 2244 iu
1194 2222 1232 2244 ea
1256 2212 1319 2243 sibi
1347 2210 1572 2247 conservaret,
1599 2210 1634 2239 et

933 2262 1129 2302 principales
1158 2261 1227 2298 ejus
1261 2259 1323 2289 sibi
1353 2266 1482 2295 semper
1510 2256 1634 2287 servire

933 2308 1154 2347 compelleret.
1171 2306 1212 2336 Ut
1236 2306 1346 2335 autem
1366 2303 1556 2334 inferiorem
1580 2310 1637 2332 mn

932 2355 1094 2386 luntatum
1114 2354 1148 2383 et
1161 2352 1366 2390 voluptatum
1384 2349 1543 2380 familiam
1568 2347 1637 2377 dis-

934 2402 1021 2432 crete
1037 2407 1152 2438 regere
1175 2398 1356 2434 sufficeret,
1378 2396 1448 2434 ipsa
1469 2394 1499 2424 ei
1523 2393 1635 2424 subdi-

933 2449 981 2478 dit
1015 2446 1264 2476 Discretionem.
1293 2443 1353 2473 Cui
1389 2441 1487 2472 etiam
1524 2439 1634 2469 contra

934 2491 1231 2531 concupiscentiam
1253 2488 1359 2519 carnis
1374 2486 1501 2517 addidit
1525 2485 1635 2515 Conti-

935 2539 1097 2576 nentiam3
1114 2538 1224 2566 contra
1237 2533 1534 2573 concupiscentiam
1559 2540 1634 2561 ocu-

936 2587 1037 2615 lorum
1049 2582 1265 2613 Constantiam
1275 2590 1284 2619 ;
1298 2580 1410 2611 contra
1421 2577 1632 2609 ambitionem

936 2629 1043 2660 saeculi
1061 2627 1301 2659 Humilitatem.
1319 2625 1357 2655 Et
1371 2633 1413 2655 ne
1439 2623 1564 2662 egestas
1579 2622 1633 2651 in-

937 2676 1033 2706 traret
1050 2674 1181 2704 domum
1207 2671 1285 2712 (ubi
1308 2672 1389 2703 enim
1414 2670 1512 2700 multa
1537 2667 1631 2698 verba
