1810 3073
528 198 578 226 IN
598 194 796 226 CANTICA
816 194 964 223 SERMO
988 194 1100 222 XXII.

1476 195 1536 227 213

96 257 258 294 tamquam
267 261 344 287 vere
359 252 415 283 illa
426 251 605 290 sapientia,
617 260 689 290 quae
703 249 797 288 Juxta
832 249 886 286 qui
898 248 998 287 sactus
1016 250 1078 285 est,
1102 247 1228 286 inquit,
1244 248 1331 280 nobis
1350 249 1501 289 sapientia
1515 261 1533 282 a

94 302 181 332 beati
196 301 255 331 Job
276 298 471 330 sententiam
486 298 623 328 trahitur
647 299 681 327 de
696 295 797 326 occul-

94 350 148 384 ris,
166 348 199 377 in
223 346 362 384 quatuor
387 353 458 375 sese
482 343 571 374 rivos
593 342 741 380 diffudit,
762 340 796 371 et

92 392 253 423 derivavit
277 391 312 420 in
335 390 477 429 plateas,
500 389 558 419 ubi
582 388 739 419 videlicet
762 387 796 417 et

91 437 231 476 assignat
241 436 333 466 nobis
342 445 416 466 eum
428 435 548 466 sactum
560 443 578 465 a
587 436 655 465 Deo
667 433 794 472 sapien-

90 483 186 520 tiam,
203 482 236 512 et
247 481 426 520 justitiam,
443 481 476 511 et
492 479 791 517 sanctificationem,

89 527 123 557 et
147 527 418 566 redemptionem.
441 528 488 556 Ex
509 526 559 555 his
582 524 696 562 utique
711 531 790 562 qua-

88 574 161 603 tuor
175 573 255 602 rivis
265 594 274 610 ,
289 573 453 611 tamquam
468 569 713 610 pretiosissimis
727 576 791 599 un-

87 618 238 657 guentis,
270 617 339 657 (nil
363 618 453 648 enim
479 616 584 646 obstat
616 615 789 653 utrumque

86 663 245 702 intelligi,
282 664 315 694 et
339 670 474 701 aquam,
502 661 537 691 et
571 660 787 690 unctionem:

84 708 302 748 aquam,quia
318 706 702 744 mundant3uncti0nem,
711 705 788 743 quia

85 754 254 792 fragrant:
276 753 287 793 )
311 763 353 784 ex
378 753 447 790 his,
473 752 625 790 inquam,
650 750 788 789 quatuor

85 798 276 838 praemissis,
292 798 456 836 tamquam
476 796 649 834 unguentis
663 796 787 834 pretio-

85 845 236 882 sissimis,
260 852 358 882 super
382 843 509 873 montes
541 843 721 873 aromatum
745 843 786 873 de

84 890 271 921 coelestibus
301 889 474 928 speciebus
497 888 671 926 confectis,
695 888 785 919 tanta

84 935 231 966 Ecclesiae
243 943 338 965 nares
351 934 458 965 odoris
473 934 615 965 suavitas
630 934 783 973 replevit,

82 983 119 1012 ut
132 990 209 1012 mox
223 989 242 1011 a
257 983 394 1020 quatuor
405 980 518 1011 mundi
533 980 680 1019 partibus
697 981 786 1011 exci-

81 1029 147 1058 tata
164 1029 220 1058 illa
234 1027 406 1057 dulcedine
416 1049 425 1066 ,
440 1034 616 1065 supernum
632 1035 785 1066 propera-

81 1074 132 1103 ret
158 1073 199 1103 ad
222 1081 394 1112 sponsum,
423 1072 590 1111 tamquam
618 1080 696 1103 vere
728 1073 784 1103 illa

79 1119 193 1156 regina
213 1119 320 1149 Austri
343 1118 497 1148 festinans
517 1127 535 1148 a
556 1118 674 1149 finibus
689 1118 783 1149 terrae

80 1165 193 1195 audire
208 1164 402 1203 sapientiam
412 1164 607 1204 Salomonis,
622 1164 784 1203 opinionis

81 1210 241 1249 siquidem
255 1210 352 1240 odore
367 1210 552 1247 provocata.

119 1257 150 1287 5.
167 1256 250 1286 Sane
266 1256 300 1286 et
313 1255 456 1286 Ecclesia
480 1263 546 1285 non
560 1254 636 1286 ante
652 1263 782 1286 currere

80 1301 183 1332 valuit
207 1302 242 1332 in
263 1301 360 1332 odore
382 1300 433 1330 sui
448 1300 644 1338 Salomonis,
664 1310 783 1339 quous-

79 1356 143 1386 que
159 1347 187 1377 is
201 1347 257 1386 qui
271 1347 311 1377 ab
326 1347 446 1377 aeterno
460 1354 502 1375 ex
515 1347 609 1376 Patre
623 1346 783 1385 sapientia

80 1394 166 1432 erat,
183 1393 285 1423 factus
301 1393 351 1424 est
372 1393 404 1422 ei
425 1392 459 1422 in
480 1392 627 1430 tempore
649 1400 668 1422 a
689 1393 781 1423 Patre

79 1439 257 1477 sapientia,
272 1447 334 1477 quo
350 1438 450 1477 ipsius
465 1438 595 1468 odorem
611 1438 781 1478 percipere

78 1485 198 1524 posset.
211 1484 262 1514 Sic
275 1484 419 1521 justitia,
433 1483 478 1514 sic
491 1483 719 1523 sanctificatio,
735 1485 781 1516 sic

79 1531 112 1561 et
127 1530 308 1568 redemptio
325 1528 538 1559 nihilominus
553 1529 584 1560 ei
601 1529 704 1561 factus
720 1531 779 1570 est,

78 1577 114 1606 ut
128 1576 242 1606 horum
257 1583 384 1614 quoque
401 1575 435 1604 in
450 1575 546 1605 odore
563 1583 694 1607 currere
709 1586 781 1616 pos-

77 1622 146 1660 set,
161 1630 236 1652 cum
258 1621 328 1651 haec
352 1629 443 1659 aeque
464 1621 572 1650 omnia
587 1621 621 1651 111
645 1630 680 1652 se
705 1624 779 1654 ante

78 1667 185 1697 omnia
209 1667 305 1698 esset.
319 1667 398 1696 Nam
420 1667 453 1697 et
473 1666 509 1695 in
530 1667 692 1706 principio
708 1669 781 1708 qui—

78 1713 151 1743 dom
168 1714 237 1743 erat
247 1713 393 1744 Verbum
409 1721 417 1741 ι
435 1713 492 1743 sed
502 1713 579 1743 tunc
594 1713 725 1745 demum
740 1717 781 1747 ad

75 1758 252 1789 videndum
267 1758 373 1797 ipsum
387 1759 530 1796 pastores
541 1761 705 1791 venerunt
718 1762 780 1793 fes-

75 1804 236 1842 tinantes,
263 1812 336 1834 cum
360 1803 547 1834 nuntiatum
571 1806 620 1836 est
646 1806 776 1839 factum.

76 1851 223 1889 Denique
257 1850 290 1881 et
319 1850 497 1888 loquuntur
529 1850 571 1880 ad
601 1851 743 1884 invicem
769 1864 777 1884 :

78 1897 285 1926 Transeamus
295 1904 388 1934 usque
401 1895 566 1933 Bethleem,
580 1899 608 1927 et
623 1899 779 1931 videamus

76 1942 131 1971 hoc
145 1941 271 1972 verbum
291 1941 370 1980 quod
392 1941 583 1979 factumest,
609 1944 689 1982 quod
708 1946 778 1983 [ecit

75 1989 242 2025 Dominus,
261 1989 290 2017 et
305 1987 432 2017 ostendit
446 1986 544 2018 nobis.
556 1988 598 2018 Et
613 1989 775 2029 sequitur,

75 2033 150 2071 quia
170 2034 318 2064 venerunt
341 2033 529 2071 festinantes.
549 2033 642 2065 Prius
656 2044 723 2066 non
742 2046 776 2068 se

75 2078 265 2116 movebant,
288 2078 365 2108 dum
388 2078 532 2109 Verbum
559 2081 628 2111 erat
650 2081 777 2113 tantum

74 2123 158 2161 apud
171 2124 288 2154 Deum.
301 2124 341 2154 At
354 2123 411 2154 ubi
422 2124 565 2154 Verbum
576 2147 585 2163 ,
597 2127 682 2164 quod
695 2129 773 2167 erat,

74 2169 195 2199 factum
221 2169 287 2208 est,
302 2169 361 2200 uhi
382 2170 443 2200 1100
458 2170 615 2202 Dominus
639 2172 718 2203 fecit
744 2175 776 2204 et

75 2215 217 2245 ostendit
240 2224 248 2244 τ
274 2216 352 2245 111110
375 2217 540 2247 venerunt
565 2217 773 2259 festinantes,

74 2260 153 2290 tunc
181 2261 403 2291 cucurrerunt.
431 2261 598 2299 Quomodo
633 2272 708 2303 ergo
740 2266 776 2297 in

74 2305 235 2344 prmcipio
254 2306 323 2336 erat
355 2307 515 2346 Verbum,
549 2309 607 2339 sed
632 2310 775 2342 Verbum

76 2353 146 2382 erat
170 2351 255 2390 apud
284 2353 408 2390 Deum,
432 2352 556 2383 factum
588 2355 637 2386 est
664 2357 775 2388 autem

73 2398 233 2436 quatenus
253 2405 321 2428 esse
343 2398 505 2437 inciperet
519 2400 553 2429 et
567 2400 654 2438 apud
669 2402 776 2433 homi-

72 2450 130 2473 nes
148 2451 156 2471 ε
179 2442 225 2472 sic
250 2442 461 2474 nihilominus
483 2443 516 2474 in
536 2445 701 2485 principio
725 2457 775 2479 sa-

73 2488 197 2526 pientia
213 2488 300 2527 crat,
315 2489 384 2519 crat
401 2489 546 2529 justitia,
562 2491 632 2522 erat
655 2494 776 2525 sancti-

73 2533 178 2564 ficatio
202 2534 234 2564 et
259 2534 457 2573 redemptio,
483 2536 540 2567 sed
563 2537 713 2577 Angelis;
739 2541 776 2572 ut

74 2580 157 2609 esset
173 2580 205 2610 et
216 2580 422 2618 hominibus,
438 2580 516 2612 fecit
531 2591 605 2613 eum
621 2584 690 2615 haec
706 2594 772 2616 om-

74 2624 126 2654 nia
139 2625 249 2663 Pater,
264 2625 295 2655 et
313 2625 388 2656 iecit
404 2626 486 2665 quod
503 2628 607 2660 Pater.
624 2630 772 2670 Denique

829 295 906 324 Deo.
922 293 990 323 Non
1004 293 1050 323 ait
1065 293 1261 331 simpliciter
1271 315 1280 331 ,
1300 294 1356 332 qui
1370 295 1472 327 factus
1487 298 1535 327 est

829 339 1007 378 sapientia,
1030 339 1087 369 sed
1101 339 1158 377 qui
1183 339 1288 369 faetus
1305 341 1353 370 est
1367 342 1463 371 nobis
1483 350 1535 371 sa-

828 385 953 423 pientia
975 394 984 414 :
1005 384 1159 423 quoniam
1181 384 1269 424 quod
1293 385 1363 416 erat
1386 386 1534 425 Angelis,

827 430 931 461 factus
945 430 995 461 est
1009 431 1042 461 et
1053 430 1159 460 nobis.

867 476 897 506 6.
913 476 954 506 At
974 477 1123 516 Angelis,
1146 474 1274 515 inquis,
1295 476 1455 515 quomodo
1479 485 1533 507 re-

826 522 969 561 demptio
993 522 1110 560 fuerit,
1130 530 1195 552 non
1220 522 1329 552 video.
1353 521 1418 552 Nec
1444 522 1533 553 enim

824 569 1000 599 auctoritas
1020 568 1261 607 Scripturarum
1275 567 1400 607 uspiam
1421 576 1533 598 assen-

823 613 886 644 tire
901 615 1052 653 videtur,
1065 623 1120 645 eos
1133 614 1308 653 aliquando
1323 614 1380 644 aut
1394 614 1531 652 peccato

823 659 989 690 exstitisse
1005 660 1169 699 captivos,
1183 661 1238 690 aut
1249 660 1345 690 morti
1360 660 1529 697 obnoxios,

821 705 858 735 ut
888 706 1105 737 necessariam
1136 705 1296 736 haberent
1328 705 1529 744 redemptio-

820 758 916 789 nem,
939 751 1089 790 exceptis
1111 751 1283 781 dumtaxat
1302 751 1385 789 illis,
1401 751 1457 790 qui
1473 760 1529 782 su-

820 797 942 834 perbiae
956 797 1050 835 lapsu
1063 797 1299 828 irremediabili
1322 797 1526 836 corruentes,

819 842 938 873 redimi
959 842 1115 881 deinceps
1136 851 1203 873 non
1217 843 1399 873 merentur.
1415 843 1448 873 Si
1463 843 1527 874 ita-

818 896 883 926 que
906 889 1022 927 Angeli
1045 896 1223 928 numquam
1245 888 1408 928 redempti
1432 889 1525 928 sunt,

818 934 875 964 alii
895 935 1009 973 utique
1024 943 1089 964 non
1114 936 1266 974 egentes,
1289 935 1346 965 alii
1369 944 1435 966 non
1448 944 1525 975 pro-

818 982 999 1019 merentes3
1016 981 1073 1011 alii
1097 981 1230 1019 quidem
1255 981 1332 1020 quia
1357 989 1420 1012 nec
1440 983 1524 1021 lapsi

817 1027 890 1057 sunt
899 1048 908 1065 ,
917 1026 953 1057 hi
967 1027 1079 1057 autem
1090 1026 1166 1066 quia
1180 1027 1413 1059 irrevocabiles
1425 1029 1504 1060 sunt
1516 1037 1526 1060 ε

817 1080 880 1110 quo
913 1073 1007 1110 pacto
1031 1073 1068 1103 tu
1101 1072 1183 1104 dicis
1206 1073 1382 1104 Dominum
1410 1075 1522 1106 Jesum

816 1117 979 1148 Christum
1013 1117 1061 1148 eis
1100 1117 1202 1148 fuisse
1238 1118 1527 1158 redemptionem?

817 1163 901 1194 Audi
912 1163 1069 1194 breviter.
1082 1164 1144 1201 Qui
1156 1164 1265 1194 erexit
1276 1164 1443 1196 hominem
1454 1166 1523 1206 lap-

816 1218 906 1247 sum,
924 1209 1016 1240 dedit
1037 1210 1135 1241 stanti
1147 1211 1267 1248 Angelo
1286 1219 1329 1241 ne
1342 1211 1521 1252 laberetur,

815 1254 862 1285 sic
887 1255 983 1285 illum
1006 1255 1047 1286 de
1063 1255 1256 1294 captivitate
1273 1264 1412 1295 eruens,
1438 1259 1524 1290 sicut

816 1300 902 1330 hunc
926 1309 945 1331 a
969 1301 1161 1339 captivitate
1187 1301 1377 1333 defendens.
1399 1304 1438 1334 Et
1461 1305 1522 1335 hac

815 1346 940 1376 ratlene
964 1346 1027 1377 suit
1050 1355 1143 1385 aeque
1167 1347 1297 1386 utrique
1322 1348 1521 1389 redemptio,

815 1392 943 1422 solvens
958 1391 1069 1430 illum,
1083 1393 1117 1423 et
1132 1401 1264 1433 servans
1279 1393 1388 1424 istum.
1405 1396 1523 1434 Liquet

816 1445 891 1476 ergo
901 1438 1020 1469 sanctis
1031 1439 1161 1476 Angelis
1169 1439 1346 1470 Dominum
1359 1441 1521 1473 Christum

815 1482 913 1514 fuisse
937 1484 1213 1524 redemptionem,
1234 1486 1320 1517 sicut
1340 1487 1521 1528 justitiam,

815 1529 899 1560 sicut
910 1531 1116 1569 sapientiam,
1126 1531 1211 1561 sicut
1220 1532 1527 1565 sanctificationem:

815 1575 847 1605 et
860 1575 1073 1608 nihilominus
1088 1578 1197 1608 tamen
1219 1577 1289 1608 haec
1303 1578 1374 1617 ipsa
1386 1581 1522 1618 quatuor

815 1628 883 1651 esse
907 1621 1028 1652 tactum
1048 1623 1181 1661 propter
1203 1624 1371 1663 homines,
1389 1626 1445 1664 qui
1471 1627 1521 1657 in-

813 1667 959 1697 visibilia
983 1668 1045 1698 Dei
1060 1669 1190 1699 nonnisi
1213 1677 1274 1707 per
1296 1678 1335 1700 ea
1349 1679 1422 1709 quae
1435 1672 1520 1703 facta

814 1712 905 1751 sunt,
921 1713 1090 1745 intellecta
1105 1715 1292 1754 conspicere
1306 1717 1451 1754 possunt.
1467 1718 1520 1749 Sic

814 1766 888 1797 ergo
913 1766 1010 1790 omne
1035 1760 1123 1798 quod
1145 1762 1216 1791 erat
1240 1761 1390 1800 Angelis,
1416 1762 1520 1795 factus

814 1805 863 1834 est
887 1805 992 1835 nobis.
1019 1805 1126 1843 Quid?
1156 1807 1340 1845 Sapientia,
1372 1808 1518 1847 justitia,

813 1851 1043 1890 sanctificatio,
1073 1852 1268 1891 redemptio.
1295 1853 1461 1892 Sapientia
1485 1857 1519 1886 in

812 1897 1060 1937 pnedieatione,
1086 1899 1215 1935 justitia
1247 1899 1282 1929 in
1316 1900 1518 1932 absolutione

811 1942 1037 1981 peccatorum,
1060 1944 1272 1975 sanctificatio
1293 1945 1326 1975 in
1351 1953 1519 1978 conversa-

810 1988 917 2026 tione,
938 1996 1037 2026 quam
1051 1989 1168 2020 habuit
1183 1998 1257 2020 011111
1272 1991 1518 2031 peccatoribus,

811 2034 991 2072 redemptio
1005 2034 1041 2064 in
1052 2035 1222 2073 passione,
1244 2044 1342 2074 quam
1364 2037 1519 2070 sustinuit

810 2087 867 2117 pro
890 2080 1128 2117 peccatoribus.
1145 2081 1206 2110 Ubi
1230 2090 1305 2120 ergo
1325 2082 1394 2113 haec
1410 2091 1429 2113 a
1449 2085 1518 2115 Deo

810 2124 913 2156 factus
925 2126 992 2163 est3
1008 2126 1086 2158 tunc
1100 2127 1245 2158 Ecclesia
1256 2128 1389 2159 odorem
1403 2130 1517 2166 sensit,

809 2171 886 2201 tunc
901 2171 1056 2202 cucurrit.

849 2218 879 2248 7.
897 2217 978 2247 Vide
992 2217 1059 2255 jam
1071 2217 1301 2257 quadrifariam
1313 2219 1516 2260 unctionem,

809 2263 884 2295 vide
899 2264 1183 2296 affluentissimam
1196 2266 1293 2304 atque
1306 2266 1518 2298 inaestimabi-

809 2310 874 2340 lem
888 2310 1085 2341 suavitatem
1098 2311 1187 2349 ejus,
1199 2320 1297 2350 quem
1311 2313 1409 2343 unxit
1423 2314 1517 2344 Pater

809 2356 880 2386 oleo
891 2356 1015 2387 laetitiae
1030 2365 1097 2395 prae
1110 2357 1313 2388 consortibus
1327 2358 1405 2389 suis.
1419 2359 1518 2389 Sede-

809 2402 883 2439 bas,
905 2411 923 2432 0
948 2402 1063 2441 homo,
1079 2403 1114 2433 in
1137 2403 1319 2434 tenebrosis
1344 2404 1378 2434 et
1401 2404 1516 2434 umbra

808 2447 921 2478 mortis
931 2456 991 2486 per
1006 2449 1219 2487 ignorantiam
1239 2449 1404 2487 veritatis3
1421 2449 1515 2480 sede-

809 2494 865 2524 bas
900 2494 1030 2526 vinctus
1063 2495 1186 2525 catenis
1221 2495 1427 2525 delictorum.
1454 2495 1516 2524 De—

808 2538 933 2571 scendit
954 2540 994 2571 ad
1014 2541 1046 2572 te
1069 2541 1103 2571 in
1119 2548 1300 2578 carcerem,
1317 2548 1380 2570 non
1396 2540 1433 2570 ut
1448 2540 1515 2570 tor-

808 2586 941 2624 queret,
974 2586 1030 2616 sed
1063 2587 1101 2617 ut
1127 2586 1259 2616 erueret
1289 2585 1330 2615 de
1355 2585 1513 2623 potestate

808 2633 1027 2663 tenebrarum.
1045 2633 1082 2662 Et
1097 2633 1199 2671 primo
1213 2631 1343 2671 quidem
1368 2631 1516 2662 veritatis
