1830 3073
503 215 560 244 DE
582 210 793 244 mVERsts
812 209 960 238 sEnmo
980 209 1106 236 XLIII.

84 278 171 317 cari,
187 273 272 307 finiri
295 273 406 311 labor,
431 270 556 302 destrui
579 277 687 309 poena.
708 267 787 297 Per-

85 332 178 355 curre
186 330 272 362 ergo,
281 324 493 359 quaecumque
507 325 541 347 es
551 315 658 346 fidelis
666 313 785 349 anima,

83 371 248 409 regionem
275 364 488 405 expiationis,
509 362 543 393 et
557 361 634 393 vide
658 358 737 399 quid
752 358 786 387 in

85 424 124 446 ea
138 414 211 451 fiat3
227 413 260 443 et:
270 412 304 442 in
313 409 547 442 nundnnsistis
561 408 611 438 fae
625 405 786 437 sarcinam

85 460 175 490 tuam
187 480 196 497 ,
211 458 365 488 affectum
379 454 611 495 compatiendi.

121 504 154 534 6.
166 504 285 540 Quarta
306 503 396 541 regio
413 503 463 532 est
483 500 570 538 regio
583 494 784 537 gehennalis.

81 549 106 579 Ο
120 549 210 588 regio
226 549 304 578 dura
321 550 354 579 et
369 547 494 587 gravis,
515 546 604 585 regio
629 543 786 573 extimes-

80 595 199 633 cenda,
214 595 303 632 regio
316 593 486 633 fugienda!
501 593 585 623 terra
597 588 784 625 oblivionis,

79 640 165 670 terra
181 639 387 678 afflictionis,
403 640 490 669 terra
505 637 707 668 miseriarum
718 657 727 673 ,
751 635 786 664 in

79 694 142 724 qua
154 687 262 717 nullus
269 686 345 716 ordo
356 708 366 723 ,
378 686 436 716 sed
445 684 663 722 sempiternus
673 682 786 711 horror

79 730 257 761 inhabitat!
286 732 386 761 Locus
410 729 539 766 letifer,
564 728 600 757 in
615 735 679 766 quo
701 724 786 763 ignis

79 776 214 813 ardens,
235 775 291 805 ubi
318 775 420 813 frigus
441 775 570 813 rigens,
585 772 708 804 vermis
723 771 786 801 im-

78 821 222 851 mortalis
233 843 243 859 ,
271 821 368 852 foetor
404 820 624 851 intolerabilis
636 841 646 857 ,
674 819 785 850 mallei

78 867 301 904 percutientes
311 889 320 905 ,
332 867 476 897 tenebrae
492 866 693 905 palpabiles,
708 873 786 896 con-

78 911 161 941 fusio
190 915 397 950 peccatorum
408 935 417 951 ,
441 912 608 942 innodatio
636 911 786 942 vinculo-

77 965 149 987 rum
159 980 168 996 ,
182 958 356 989 horribiles
367 959 552 988 daemonum
561 957 786 988 facies?Totus

78 1004 180 1034 tremo
193 1006 290 1043 atque
303 1005 418 1035 horreo
431 1005 472 1034 ad
487 1004 678 1034 memoriam
693 1004 787 1034 istius

78 1049 237 1088 regionis,
261 1051 295 1081 et
321 1059 473 1081 concussa
494 1051 570 1080 sunt
592 1050 701 1080 omnia
717 1057 787 1080 ossa

78 1103 163 1125 mea.
194 1096 358 1133 Quomodo
388 1096 535 1127 cecidisti
563 1095 704 1134 Lucifer,
729 1096 786 1134 qui

77 1148 172 1170 mane
200 1140 378 1171 oriebaris?
391 1140 503 1171 Omnis
517 1141 601 1179 lapis
625 1140 787 1178 pretiosus

76 1186 317 1222 operimentum
345 1188 438 1216 tuum
455 1195 463 1216 :
488 1187 582 1216 modo
611 1186 723 1216 subter
752 1186 786 1217 te

75 1231 234 1261 sternitur
249 1231 358 1269 tinea,
375 1233 407 1261 et
421 1231 668 1271 {operImentum
691 1231 785 1260 tuum

76 1276 207 1306 vermis.
226 1277 250 1305 Ο
264 1278 352 1307 Deus
377 1277 499 1316 quanta
520 1276 674 1307 distantia
700 1276 786 1307 inter

75 1322 313 1359 operimentum
328 1323 462 1362 pretiosi
478 1322 595 1361 lapidis
605 1344 615 1360 ,
632 1323 665 1352 et
679 1322 785 1361 operi-

74 1367 222 1397 mentum
230 1368 351 1398 vermis
360 1376 369 1405 ς
382 1369 470 1398 inter
477 1368 612 1398 delicias
624 1368 765 1406 paradisi
774 1390 784 1406 ,

76 1413 109 1442 et
118 1412 238 1442 tineam
247 1414 472 1444 corrodentem
480 1414 599 1444 inferni
609 1414 616 1443 l
627 1413 698 1444 Scio
708 1414 783 1452 qula

74 1458 206 1496 paratus
222 1458 270 1489 est
282 1459 338 1490 ille
356 1460 439 1498 ignis
453 1460 600 1498 diabolo,
612 1460 784 1498 et'angelis

75 1504 164 1542 ejas,
180 1505 213 1540 et
229 1505 415 1536 hominibus
430 1506 594 1536 similibus
614 1506 684 1544 ejus
701 1516 709 1536 ε
726 1507 782 1536 ubi

76 1550 148 1580 sine
164 1550 229 1581 fine
244 1551 418 1591 finientur,
433 1552 504 1583 sine
523 1553 627 1583 morte
644 1553 784 1583 morien-

75 1595 146 1634 tur,
162 1598 402 1635 torquebuntur
423 1598 494 1629 sine
515 1600 709 1630 cessatione.
726 1601 751 1629 V
755 1601 783 1630 i-

74 1649 153 1672 vens
166 1642 265 1680 igitur
276 1643 311 1673 in
324 1643 492 1674 infernum
511 1644 672 1675 descende
685 1654 694 1682 3
710 1654 783 1683 per-

74 1695 168 1718 curre
194 1689 393 1719 mentalibus
418 1690 522 1720 ocnlis
546 1690 782 1720 tormentorum

73 1732 220 1764 officinas
231 1755 239 1772 ,
250 1734 325 1772 fuge
337 1735 462 1765 scelera
477 1735 510 1765 et
521 1735 622 1772 vitia,
637 1744 694 1774 pro
710 1736 782 1774 qui-

73 1777 134 1807 bus
147 1780 299 1810 scelerati
322 1780 472 1810 homines
493 1780 526 1809 et
541 1781 651 1811 vitiosi
672 1782 782 1819 perie-

73 1824 162 1854 runt.
186 1825 276 1854 Habe
292 1825 366 1855 odio
387 1825 596 1863 iniquitatem
609 1847 618 1863 ,
635 1827 669 1856 et
683 1827 781 1865 dilige

74 1868 180 1907 legem
205 1870 356 1908 Domini,
380 1872 414 1900 et
427 1870 463 1900 in
477 1871 543 1900 tam
567 1870 782 1902 formidolosis

73 1914 227 1945 nundinis
255 1915 305 1945 tac
330 1915 491 1946 sarcinam
528 1917 620 1946 tuam
631 1939 641 1956 ,
670 1918 781 1948 odium

74 1959 212 1998 pcccati.

117 2006 146 2035 7.
170 2006 286 2043 Quinta
303 2006 393 2046 regio
419 2007 468 2038 est
482 2007 650 2046 paradisus
668 2017 781 2048 super-

74 2052 226 2083 coelestis
239 2053 263 2082 O
275 2053 370 2083 beata
384 2053 474 2092 regio
485 2062 701 2092 supernarum
714 2056 781 2085 vir-

73 2097 193 2136 tutum,
205 2098 263 2128 ubi
277 2099 372 2129 beata
383 2099 526 2130 Trinitas
541 2107 559 2129 a
573 2100 683 2131 Beatis
697 2101 780 2132 facie

73 2143 115 2173 ad
138 2143 256 2174 faciem
283 2144 436 2183 videtur,
462 2145 519 2175 ubi
545 2145 604 2176 illa
628 2147 780 2177 sublimia

73 2189 201 2226 agmina
231 2190 364 2220 sublimi
392 2199 573 2229 pennarum
602 2193 779 2232 applausu,

73 2236 223 2274 Sanctus,
260 2238 391 2267 Sanctus
403 2258 414 2274 ‚
454 2238 586 2269 Sanctus
629 2241 781 2271 Dominus

73 2281 156 2311 Deus
181 2282 318 2312 Sabaoth
332 2283 470 2313 clamare
484 2291 550 2313 non
564 2285 706 2315 cessant!
720 2287 782 2316 Lo-

75 2334 132 2355 cus
147 2327 197 2357 est
216 2327 412 2367 voluptatis,
431 2328 488 2358 ubi
504 2329 649 2360 torrente
664 2332 781 2370 volup-

75 2371 151 2401 tatis
175 2373 328 2410 potantur
345 2373 425 2410 justi
443 2383 450 2403 :
468 2375 558 2405 locus
580 2376 780 2415 splendoris,

76 2417 132 2447 ubi
155 2417 235 2454 justi
250 2418 374 2456 fulgent
394 2420 480 2449 sicut
500 2421 654 2458 splendor
674 2422 782 2452 firma-

74 2463 177 2493 menti
194 2472 202 2492 :
220 2464 309 2494 locus
328 2465 450 2495 laetitiae
463 2487 473 2503 ,
488 2466 545 2495 ubi
567 2466 681 2496 laetitia
696 2476 781 2498 sem-

76 2508 203 2546 piterna
215 2518 313 2547 super
324 2510 431 2548 capita
442 2518 571 2541 eorum:
582 2513 670 2542 locus
682 2513 783 2544 abun-

76 2553 193 2584 dantia„=
202 2577 211 2593 ,
222 2555 277 2585 ubi
289 2555 373 2585 nihil
383 2555 474 2587 deest
485 2556 675 2588 videntibus
686 2568 760 2589 eum
772 2568 779 2590 ε

77 2599 166 2630 locus
180 2601 369 2639 suavitatis,
397 2601 455 2631 ubi
471 2603 605 2640 apparet
624 2604 782 2636 Dominus

78 2644 187 2676 suavis
212 2647 374 2678 universis
398 2657 404 2676 :
431 2648 520 2678 locus
546 2649 646 2686 pacis,
675 2651 731 2681 ubi
749 2650 781 2681 in

1484 212 1520 242 91

819 271 900 303 pace
914 262 1019 295 factus
1034 264 1083 294 est
1097 261 1188 292 locus
1202 262 1273 299 ejus
1290 272 1297 292 :
1313 264 1401 296 locus
1421 265 1523 296 admi-

819 309 954 340 rationis
964 332 974 346 ,
988 309 1046 339 ubi
1057 308 1134 339 sunt
1145 307 1309 338 mirabilia
1324 318 1420 348 opera
1432 312 1521 349 ejus:

820 357 909 386 locus
921 355 1094 393 satietatis,
1106 355 1164 385 ubi
1176 354 1366 385 satiabimur
1380 365 1452 386 cum
1467 366 1525 397 ap-

819 402 966 440 paruerit
993 402 1095 440 gloria
1118 401 1189 439 ejus
1215 410 1223 430 :
1249 401 1341 431 locus
1367 402 1501 433 visionis
1513 426 1522 442 ,

814 448 875 478 ‚ubi
891 449 1057 479 videbitur
1072 456 1189 487 magna
1211 448 1308 479 visio.
1321 448 1345 477 Ο
1360 447 1449 485 regio
1473 457 1525 479 su-

820 494 944 533 blimis,
966 495 1064 534 plena
1089 494 1298 525 divitiarum!
1314 494 1354 524 de
1375 495 1460 523 valle
1476 495 1525 524 la-

819 549 1002 579 crymarum
1017 541 1215 579 suspiramus
1223 541 1263 570 ad
1272 542 1304 571 te
1314 563 1322 578 ,
1332 540 1389 570 ubi
1400 540 1526 578 sapien-

818 587 863 616 tia
877 587 948 618 sine
965 587 1143 626 ignorantia
1154 609 1163 626 ,
1178 586 1334 617 memoria
1359 587 1430 617 sine
1447 586 1527 616 obli—

818 633 934 672 vione,
960 634 1149 664 intellectus
1176 634 1246 663 sine
1281 641 1389 663 errore
1403 655 1412 671 ,
1444 632 1526 662 ratio

818 679 888 710 sine
916 679 1114 711 obscuritate
1142 679 1340 717 splendebit.
1368 677 1468 716 Regio
1491 678 1526 708 in

818 733 880 764 qua
921 727 1078 756 Dominus
1122 725 1282 756 transiens
1327 724 1527 755 ministrabit

818 772 932 802 electis
952 772 1037 810 suis,
1060 772 1095 802 id
1118 772 1168 802 est
1182 772 1282 802 talem
1304 780 1337 801 se
1353 771 1458 809 qualis
1474 771 1526 801 est

818 818 980 848 ostendet.
1004 818 1077 849 Illic
1100 818 1164 849 erit
1178 819 1265 848 Deus
1284 817 1392 847 omnia
1408 817 1441 847 in
1457 825 1526 846 om-

818 863 932 902 nibus,
946 864 1004 893 ubi
1016 871 1129 893 rerum
1144 863 1343 894 universitas
1363 862 1526 892 mirabili-

818 909 867 939 ter
898 910 1046 940 ordinata
1072 909 1163 940 dabit
1195 909 1340 939 Creatori
1368 909 1503 947 gloriam
1515 930 1525 947 ,

819 955 965 986 laetitiam
990 956 1160 986 creaturae.
1189 956 1289 986 Curre
1310 955 1409 993 igitur
1431 955 1526 993 spiri-

819 1002 915 1031 tualis
940 1002 1049 1031 anima
1072 1002 1176 1032 oculis
1202 1001 1439 1032 desideriorum
1466 1009 1526 1039 per

818 1047 983 1084 regionem
998 1048 1111 1086 istam,
1129 1049 1162 1078 et
1176 1048 1254 1078 vide
1278 1049 1399 1086 Regem
1414 1047 1525 1085 gloriae

819 1093 851 1123 in
859 1093 974 1124 decore
983 1102 1040 1124 suo
1052 1094 1227 1132 gloriosum
1238 1116 1247 1132 ,
1255 1094 1410 1132 stipatum
1425 1093 1524 1131 legio-

818 1139 914 1169 nibus
929 1140 1145 1178 Angelorum,
1170 1140 1360 1170 Sanctorum
1376 1139 1525 1168 ornatum

818 1185 1020 1224 agminibus,
1031 1186 1252 1224 deponentem
1272 1185 1446 1223 superbos,
1462 1185 1525 1214 hu-

818 1231 912 1261 miles
933 1232 1152 1268 exaltantem,
1176 1230 1387 1261 damnantem
1403 1231 1524 1260 daemo-

818 1276 1048 1314 nes,h01nines
1062 1277 1293 1314 redimentem,
1303 1277 1336 1306 et
1350 1277 1420 1306 dic:
1436 1277 1527 1305 Beati

817 1323 871 1360 qui
880 1322 1023 1359 habitant
1032 1324 1064 1353 ἱη
1076 1325 1165 1353 domo
1178 1325 1232 1353 tua
1240 1344 1250 1359 ,
1261 1322 1410 1352 Domine!
1422 1322 1453 1350 iu
1468 1330 1524 1351 ειε-

817 1368 887 1397 cula
898 1369 1082 1398 soeculorum
1100 1368 1273 1399 laudabunt
1294 1370 1332 1398 te.
1355 1367 1434 1397 Cum
1446 1374 1523 1404 ergo

818 1414 926 1444 mente
944 1415 1133 1454 perceperis
1156 1414 1222 1444 tam
1232 1413 1390 1453 pretiosas
1403 1412 1524 1443 nundi-

817 1464 1180 1501 nas,mercimoniatam
1188 1464 1361 1503 praeclara:
1374 1462 1523 1492 construe

817 1510 976 1540 sarcinam
1004 1510 1115 1550 tuam,
1137 1519 1283 1541 amorem
1305 1509 1379 1539 Dei.
1405 1507 1523 1538 Vidisti

816 1555 964 1594 regiones
973 1579 982 1595 ,
992 1556 1256 1588 animadvertisti
1263 1555 1425 1586 nundinas
1433 1576 1442 1592 ,
1459 1561 1523 1583 sar-

815 1602 921 1632 cinam
935 1604 1167 1642 construxisti,
1178 1604 1212 1634 et
1223 1603 1341 1634 beatus
1357 1610 1402 1632 es.
1419 1603 1524 1640 Nego-

816 1648 898 1678 tiare
926 1658 1001 1688 ergo
1028 1650 1107 1680 dum
1121 1649 1234 1680 veniat
1254 1648 1412 1679 Dominus
1436 1649 1523 1678 Deus

814 1694 906 1732 tuus,
922 1696 959 1725 ut
971 1695 1002 1726 ei
1012 1696 1123 1726 dicere
1145 1695 1249 1734 possis
1263 1704 1272 1725 ε
1288 1697 1420 1727 Domine
1432 1695 1524 1734 quin·

815 1749 871 1777 que
883 1741 999 1770 talenta
1015 1743 1168 1772 tradidisti
1177 1742 1254 1772 mihi
1261 1763 1272 1778 ,
1282 1750 1346 1771 ecce
1358 1741 1423 1771 ulia
1434 1741 1524 1779 quin-

815 1794 870 1822 que
884 1787 1113 1823 superlucratus
1123 1796 1192 1817 sum
1202 1797 1212 1825 ,-
1222 1786 1255 1816 et
1270 1786 1383 1816 audire
1395 1792 1523 1815 merea-

816 1830 877 1867 risg
894 1832 984 1861 Intra
999 1833 1029 1861 in
1040 1833 1187 1870 {satelliam
1197 1833 1327 1862 Domini
1339 1830 1522 1869 tui‚sponsi

815 1875 965 1906 Ecclesiae
978 1897 987 1915 ,
1003 1876 1060 1915 qui
1073 1876 1120 1907 est
1134 1876 1329 1908 benedictus
1342 1876 1378 1906 in
1393 1875 1521 1913 saecula,

815 1928 923 1951 amen.

992 2017 1163 2050 SERMO
1192 2016 1339 2050 XLIII.

830 2098 870 2122 De
883 2099 1131 2130 magnanimitate,
1150 2095 1379 2127 longanimitate,
1397 2095 1505 2120 unani-

1114 2134 1222 2158 mitate.

856 2195 886 2225 l.
915 2196 1108 2226 'rmpmcssm
1129 2193 1226 2225 nobis
1241 2193 1276 2224 in
1297 2192 1441 2223 Ecclesia
1455 2192 1521 2231 pri-

816 2240 928 2270 mitiva
958 2241 1115 2270 virtutem
1145 2240 1275 2270 sanctus
1302 2239 1404 2268 Lucas
1427 2237 1521 2268 brevi

815 2295 963 2317 sermone
980 2286 1206 2324 commendat,
1222 2285 1280 2315 ubi
1296 2285 1368 2323 post
1379 2284 1521 2314 domini-

815 2340 885 2361 cam
895 2331 1116 2362 ascensionem
1130 2330 1329 2361 unanimiter
1341 2338 1396 2360 eos
1407 2330 1440 2359 in
1453 2338 1521 2359 ora-

815 2377 904 2408 tione
932 2385 1160 2416 perseverasse
1182 2375 1359 2413 describit,
1385 2384 1521 2414 exspec-

816 2424 920 2454 tantes
949 2424 1116 2454 coelestem
1141 2422 1412 2458 consolationem,
1428 2422 1520 2459 euJus

816 2470 1007 2508 acceperant
1026 2469 1324 2508 repromissionem.
1351 2467 1519 2497 Laudabili

816 2515 977 2553 siquidem
990 2515 1259 2554 magnanimitate
1274 2513 1410 2554 pusillus
1421 2520 1499 2550 grex
1509 2534 1518 2549 ,

816 2561 953 2591 Pastoris
974 2562 1088 2592 solatio
1110 2561 1304 2596 destitutus,
1319 2558 1454 2588 minime
1470 2558 1519 2587 ta—

818 2614 891 2636 men
903 2607 1055 2637 dubitans
1065 2607 1218 2645 quoniam
1229 2605 1279 2635 illi
1295 2612 1371 2634 cura
1383 2603 1468 2634 essct
1479 2602 1518 2633 de

819 2652 878 2690 eis,
892 2652 948 2683 sed
966 2653 1134 2692 paternam
1150 2660 1207 2690 pro
1224 2651 1270 2681 cis
1285 2651 1412 2688 gereret
1432 2649 1517 2680 solli-
