1810 3073
272 235 330 263 ¹33³

269 291 378 320 contra
392 290 502 330 faciem
517 293 614 324 tuam.
630 293 715 324 Mera
731 302 808 324 vero
832 292 964 330 adjimxi

269 337 403 374 propter
417 338 601 377 hypocritas
614 362 623 378 ,
638 340 693 378 qui
708 341 812 370 Deum
834 338 966 376 quidem

271 379 310 409 de
325 381 418 413 bonis
432 385 515 422 suis,
538 385 595 415 sed
614 385 714 415 verbo
734 385 830 414 tenus
845 382 964 422 glorifi-

270 427 400 466 cantes,
422 430 517 460 corde
538 432 682 461 retinent
702 430 787 468 quod
806 437 860 458 ore
884 437 967 467 prae-

269 469 431 504 buerant:
451 476 484 505 et
504 476 658 514 quoniam
678 476 785 504 dolose
808 475 906 512 agunt
934 473 965 502 in

268 522 443 557 conspectu
480 522 549 558 ejus
561 544 570 559 ,
601 521 770 551 invenitur
810 519 966 558 iniquitas

268 569 379 593 eorum
402 566 442 595 ad
464 567 584 596 odium.
606 566 655 595 Illi
679 566 779 604 impie
802 565 885 594 mala
911 572 966 594 sua

267 607 336 638 Deo
348 631 357 647 ,
373 610 427 640 isti
443 612 503 641 Dei
527 612 609 641 hona
626 611 850 641 fraudulenter
865 611 967 640 intor-

267 656 368 690 quent
393 656 468 686 sibi.
494 658 533 687 Et
560 658 692 696 quidem
719 657 862 696 primum
887 656 967 686 illud

267 700 332 728 tam
345 702 479 732 stultum
490 725 499 741 ,
513 704 642 742 tamque
656 704 824 741 saeculare,
837 711 872 732 ac
887 710 968 741 quo-

267 743 341 774 dam
365 748 458 778 modo
473 749 572 779 etiam
593 749 729 779 bestiale
757 750 824 787 cst,
845 750 882 779 ut
908 756 968 777 ne-

267 796 357 821 cesse
368 800 433 822 non
451 793 589 824 habeam
601 795 640 824 de
656 795 724 833 ipso
737 803 869 824 monere
885 803 941 824 vos
958 803 966 823 :

265 837 424 868 caeterum
437 848 575 878 sequens
590 841 761 878 Religiosis
778 840 920 870 maxime
935 841 967 870 et

267 883 490 921 spiritualibus
498 886 577 915 viris
585 886 730 916 insidiari
739 886 831 915 solet.
840 887 967 916 MAGNA

268 930 302 959 et
324 938 394 959 rara
420 931 524 961 virtus
544 931 690 969 profecto
712 932 778 968 est,
803 931 839 961 ut
854 939 967 969 magna

265 975 345 1005 licet
361 977 550 1014 operantem
564 998 573 1014 ,
590 985 738 1015 magnum
766 978 797 1006 te
820 976 945 1005 nescias
957 998 966 1014 ,

266 1021 300 1050 et
314 1021 519 1052 manifestam
534 1022 695 1059 omnibus,
711 1023 800 1051 tuam
818 1022 849 1051 te
865 1022 966 1051 solum

265 1067 369 1098 latere
385 1069 602 1099 sanctitatem.
618 1069 798 1098 Mirabilem
820 1069 852 1098 te
869 1077 967 1106 appa-

265 1121 338 1143 rere
351 1135 360 1151 ,
373 1114 406 1144 et
420 1115 699 1152 contemptibilem
715 1116 867 1153 reputare
879 1123 887 1152 3
907 1115 966 1144 hoc

266 1167 325 1197 ego
346 1159 426 1198 ipsis
449 1160 628 1190 virtutibus
648 1160 831 1190 mirabilius
844 1160 965 1197 judico·

265 1205 386 1235 fidelis
398 1214 512 1235 revera
528 1206 670 1236 famulus
686 1215 720 1236 es
731 1229 740 1245 ,
756 1206 783 1236 si
803 1206 843 1236 de
866 1207 967 1236 multa

265 1252 366 1289 gloria
382 1252 512 1282 Domini
527 1253 575 1282 tui
590 1274 599 1290 ,
613 1253 673 1283 etsi
689 1261 752 1283 non
771 1253 914 1283 exeunte
927 1261 966 1283 ex

265 1301 312 1336 te,
325 1300 434 1329 tamen
447 1300 634 1329 transeunte
643 1301 757 1338 perte,
768 1300 813 1329 nil
827 1300 891 1329 tuis
902 1308 968 1329 ma—

265 1345 362 1375 nibus
388 1345 554 1376 adhaerere
575 1346 748 1383 contingat.
766 1346 855 1376 Tunc
874 1346 967 1384 juxta

264 1392 459 1429 Prophetam
470 1392 602 1430 projicis
612 1392 781 1421 avaritiam
792 1401 833 1422 ex
845 1393 967 1422 calum-

266 1436 340 1474 nia,
367 1437 401 1467 et
427 1437 555 1467 excutis
577 1445 690 1466 manus
719 1438 790 1466 tuas
816 1437 856 1466 ab
879 1439 965 1467 omni

265 1491 414 1513 munere.
423 1483 511 1513 Tunc
522 1483 616 1520 Juxta
628 1483 816 1513 mandatum
824 1485 966 1523 Domini,

264 1528 324 1558 lux
339 1529 394 1558 tua
409 1529 497 1558 lucet
511 1536 618 1558 coram
630 1529 832 1567 hominibus,
848 1529 888 1558 ad
903 1531 969 1568 glo-

265 1573 459 1604 rificandum
481 1582 547 1603 non
563 1575 617 1610 te,
636 1574 693 1603 sed
708 1575 836 1604 Patrem
861 1576 916 1613 qui
935 1576 966 1605 in

266 1619 358 1648 coelis
384 1620 443 1649 est.
472 1619 534 1648 Sed
561 1619 593 1648 et
608 1619 752 1648 imitator
776 1620 865 1649 Pauli
889 1621 969 1651 fide-

265 1665 413 1703 liumque
427 1665 675 1702 praedicatorum
686 1686 694 1702 ,
711 1673 773 1694 non
789 1665 969 1703 praedican-

266 1711 349 1741 tium
364 1711 572 1748 semetipsos,
587 1719 678 1748 aeque
699 1719 761 1740 nec
778 1712 813 1740 tu
829 1720 900 1749 quae
916 1714 968 1743 tua

265 1758 342 1787 sunt
371 1756 505 1794 quaeris,
541 1756 598 1785 sed
629 1764 700 1794 quae
733 1756 810 1786 Jesu
839 1757 967 1788 Christi.
984 1760 985 1764 ’

265 1802 482 1840 Quamobrem
506 1802 618 1832 audies
643 1802 677 1832 et
701 1802 739 1832 tu
757 1811 765 1831 t
781 1803 867 1841 Euqe
887 1791 988 1837 serve?

266 1849 343 1878 bone
364 1850 391 1877 et
414 1848 527 1885 fidelis,
549 1849 623 1886 quia
647 1857 739 1885 super
758 1858 861 1887 pauca
885 1850 972 1887 fuisti

263 1895 358 1933 fidelis
366 1916 376 1931 ,
391 1904 486 1932 supra
499 1894 595 1923 inidta
610 1896 637 1923 tc
651 1896 847 1924 constituam.

735 240 766 268 S.
789 238 1026 268 BERNARDI
1056 239 1249 268 ABBATIS

1001 291 1055 321 det
1071 293 1157 322 velle
1175 293 1324 325 fraudare
1340 295 1380 325 de
1392 305 1448 326 sua
1460 296 1552 335 quasi
1568 304 1629 325 non
1645 305 1698 326 zc-

1001 337 1121 367 lantem
1134 338 1146 367 ἓ
1161 339 1223 368 Sed
1238 341 1314 370 audi
1339 341 1394 379 qui
1411 342 1518 372 dicat:
1546 342 1698 380 Gloriam,

1002 383 1118 421 inquit,
1131 393 1232 414 meam
1247 387 1336 416 alteri
1351 396 1413 416 ‘non
1430 387 1610 424 siab0.Quid
1624 395 1697 425 ergo

1000 427 1259 466 dabis,Domine,
1269 431 1348 468 quid
1356 432 1446 462 dabis
1454 431 1697 469 nobis‘5'Paccm7

1001 472 1116 512 inquit,
1137 475 1174 504 do
1198 475 1294 512 vobis,
1318 486 1424 515 pacem
1447 478 1587 515 relinquo
1601 476 1698 507 vobis.

999 518 1124 550 Sufficit
1144 520 1226 550 mihi
1241 530 1248 549 :
1266 523 1431 559 gratanter
1455 522 1594 560 suscipio
1614 521 1699 560 quod

1000 564 1156 603 relinquis
1166 588 1175 603 ,
1189 567 1221 596 et
1236 567 1384 605 relinquo
1398 567 1484 606 quod
1498 567 1632 597 retines.
1645 566 1697 596 Sic

1001 610 1181 649 placet,sic
1199 621 1271 642 mea
1294 612 1451 644 interesse
1480 620 1544 642 non
1572 611 1697 642 dubito.

1001 656 1119 693 Abjuro
1144 658 1280 696 gloriam
1312 667 1459 697 prorsus,
1487 667 1529 689 ne
1558 658 1639 688 forte
1671 657 1699 693 si

1001 710 1196 740 usurpavero
1225 712 1291 733 non
1321 712 1508 734 concessum
1519 726 1528 742 ,
1566 702 1699 742 perdam

1001 747 1114 778 merito
1135 749 1168 778 et
1183 749 1338 778 oblatum.
1353 750 1469 779 Pacem
1485 750 1569 787 volo,
1584 755 1699 786 pacem

1000 794 1159 831 desidero,
1177 796 1210 824 et
1220 795 1304 824 nihil
1316 795 1467 833 amplius.
1480 795 1537 824 Cui
1552 802 1616 824 non
1633 792 1701 823 suf-

1001 839 1066 869 ficit
1090 848 1174 877 pax,
1196 848 1262 870 non
1284 840 1405 870 sufficis
1420 841 1468 870 tu.
1491 840 1539 869 Tu
1555 848 1589 869 es
1609 837 1698 868 enim

1001 893 1062 922 pax
1077 887 1201 923 nostra,
1223 886 1280 924 qui
1303 885 1409 916 fecisti
1432 886 1570 924 utraque
1585 893 1699 915 unum.

1000 931 1065 960 Hoc
1080 931 1161 960 mihi
1177 932 1416 970 necessarium,
1447 932 1507 962 hoc
1529 932 1606 962 satis
1632 931 1699 968 est,

1000 976 1285 1014 reconciliaritibi,
1300 978 1503 1007 reconciliari
1519 977 1699 1006 mihi.Nam

1000 1029 1042 1050 ex
1071 1030 1135 1060 quo
1159 1023 1296 1060 posuisti
1321 1031 1373 1052 me
1398 1023 1593 1052 contrarium
1617 1022 1699 1058 tibi,

1002 1067 1103 1097 factus
1118 1076 1189 1097 sum
1205 1068 1305 1097 etiam
1325 1068 1477 1097 mihimet
1499 1068 1561 1105 ipsi
1582 1067 1702 1105 gravis.>

999 1113 1117 1143 Cautus
1125 1121 1209 1151 sum,
1224 1121 1285 1143 nec
1302 1113 1447 1151 ingratus
1459 1112 1527 1142 fore
1543 1112 1700 1142 beneficio

1000 1159 1079 1188 ‹latae
1094 1159 1200 1197 pacis,
1215 1167 1275 1188 nec
1290 1159 1466 1197 sacrilegus
1489 1159 1618 1188 invasor
1632 1159 1700 1196 glo-

999 1205 1054 1234 riae
1070 1206 1145 1235 tuae.
1166 1205 1414 1242 Tibi2Domine,
1437 1204 1497 1235 tibi
1519 1204 1620 1242 gloria
1643 1205 1699 1234 tua

1000 1250 1129 1280 maneat
1153 1249 1280 1279 illibata
1301 1258 1309 1278 :
1327 1258 1456 1280 mecum
1481 1249 1566 1279 bene
1581 1248 1698 1288 agitur,

1000 1296 1025 1325 si
1037 1303 1150 1334 pacem
1166 1296 1324 1325 habuero.

1038 1342 1068 1372 5.
1081 1342 1171 1372 Golia
1183 1342 1341 1380 prostrato
1356 1341 1484 1371 iaetatus
1502 1341 1550 1371 est
1563 1340 1700 1379 populus

999 1396 1077 1426 pace
1089 1390 1232 1426 recepta,
1247 1388 1304 1418 sed
1316 1387 1418 1416 David
1430 1387 1638 1425 singulariter
1645 1394 1701 1416 ex-

999 1434 1255 1472 stititgloriosus.
1275 1433 1383 1470 Josue,
1405 1433 1535 1470 Jephte,
1557 1431 1699 1469 Gedeon,

999 1479 1146 1516 Samson,
1177 1478 1290 1508 -Judith
1325 1473 1479 1515 quoque,
1506 1484 1699 1515 quamquam

999 1525 1137 1561 femina,
1154 1525 1290 1562 gloriose
1312 1524 1347 1553 in
1368 1523 1484 1552 diebus
1503 1523 1568 1552 suis
1584 1522 1701 1552 trium-

999 1571 1137 1609 pharunt
1153 1571 1192 1600 de
1208 1570 1354 1600 hostibus
1365 1578 1373 1606 3
1383 1569 1440 1599 sed
1451 1577 1529 1607 pace
1540 1577 1612 1598 cum
1626 1576 1702 1606 gau-

999 1617 1050 1646 dio
1067 1616 1250 1646 fruentibus
1268 1616 1413 1653 caeteris,
1430 1623 1526 1644 nemo
1549 1614 1596 1644 eis
1612 1622 1701 1643 com-

998 1662 1176 1692 municavit
1192 1662 1226 1691 in
1241 1659 1700 1699 gloria.JudasMacchabaeus,

999 1708 1109 1737 multis
1134 1708 1167 1738 et
1189 1708 1258 1746 ipse
1287 1707 1429 1745 inclytus
1445 1705 1610 1743 victoriis,
1627 1713 1699 1734 cum

999 1752 1188 1791 frequenter
1200 1753 1375 1783 exsultanti
1386 1753 1504 1790 populo
1516 1759 1629 1789 pacem
1640 1751 1702 1780 for·

1000 1799 1077 1828 liter
1088 1799 1259 1837 pugnando
1272 1798 1456 1834 tribuisset,
1472 1795 1630 1834 numquid
1637 1796 1702 1834 glo-

999 1846 1080 1875 riam
1109 1845 1302 1884 quandoque
1333 1845 1381 1874 est
1408 1843 1546 1882 partitus
1574 1842 1670 1871 alicui
1689 1841 1702 1871 ἓ

984 1888 1136 1931 {Denique
1151 1894 1179 1921 ct
1193 1892 1277 1929 facta
1289 1892 1351 1926 est,
1366 1889 1489 1927 inquit,
1508 1896 1573 1918 non
1588 1887 1700 1925 gloria,

306 1940 337 1970 li.
350 1941 469 1978 Joseph
485 1948 558 1969 cum
572 1939 701 1969 domum
718 1940 750 1969 et
761 1940 868 1969 omnia
885 1940 967 1971 bona
983 1934 1048 1972 ised
1060 1940 1166 1969 laetitia
1180 1946 1295 1976 ”taqua
1310 1938 1342 1967 in
1355 1937 1477 1975 populo.
1494 1935 1578 1972 Quid
1595 1934 1702 1964 minus

266 1986 403 2024 ‚Egyptii
420 1985 542 2014 domini
559 1985 608 2015 sui
624 1985 687 2015 sibi
706 1985 828 2015 credita
846 1986 944 2017 sciret
960 2010 967 2023 ‚
982 1975 987 1995 ¹
1000 1987 1037 2014 ab
1054 1985 1106 2014 his
1120 1984 1270 2014 omnibus
1285 1983 1437 2012 Conditor
1449 1981 1593 2011 omnium
1609 1979 1698 2018 fecit,

267 2032 431 2061 dominam
448 2039 512 2060 non
534 2031 696 2069 ignoravit
720 2032 910 2070 exceptam3
938 2036 966 2062 ei
1000 2031 1171 2070 quominus
1188 2029 1300 2068 etipse
1318 2029 1435 2058 debeat
1450 2026 1578 2065 gloriari
1592 2026 1700 2063 singu-

267 2077 307 2106 (ὼ
335 2077 395 2106 hoc
421 2085 485 2105 non
501 2076 665 2114 acquievit
682 2077 882 2113 contingere.
899 2079 968 2107 Nou

267 2125 322 2158 est,
340 2123 456 2160 inquit,
473 2132 511 2152 ex
524 2122 664 2152 omuibus
680 2122 764 2152 bonis
778 2123 968 2161 clomz'm'mei,

269 2170 347 2205 quoti
363 2177 423 2197 mm
438 2170 467 2197 in
476 2177 546 2198 mea
559 2170 704 2206 potestate
712 2170 761 2204 sil,
774 2169 820 2198 rel
831 2178 893 2198 mm
905 2171 969 2200 lra-

267 2214 373 2242 diderit
391 2214 598 2251 milii,proeter
617 2215 656 2249 te,
670 2222 737 2251 qnae
753 2223 835 2243 uxor
850 2214 913 2251 ejas
928 2225 968 2245 es.

267 2258 435 2287 Mulierem
448 2261 582 2288 noverat
598 2259 730 2296 gloriam
755 2268 823 2289 esse
841 2260 921 2298 virI,
938 2263 971 2292 et

268 2304 416 2342 iniquum
438 2304 500 2332 sibi
519 2304 680 2340 ⁴iudicavit
706 2305 778 2335 vice
810 2307 969 2337 contraria

271 2349 444 2387 inglorium
462 2349 568 2378 facere
592 2358 686 2387 eum,
709 2351 764 2388 qui
790 2359 823 2381 se
850 2351 972 2382 fecerat

268 2396 453 2433 gloriosum.
470 2394 617 2423 Advertit
628 2395 724 2425 homo
736 2397 798 2425 Dei
811 2398 971 2434 sapientia

269 2441 432 2479 prudens,
446 2440 553 2469 virum
571 2448 705 2469 uxorem
727 2442 873 2480 sortiter,
891 2444 972 2473 tam-

270 2495 365 2525 quam
377 2485 540 2524 propriam
556 2485 660 2514 zelare
677 2485 828 2523 gloriam,
844 2487 970 2526 sibique

272 2533 334 2571 ipsi
345 2532 517 2562 retinuisse
533 2530 736 2567 servandam,
752 2539 818 2560 non
835 2532 889 2560 alii
905 2541 973 2562 crc-

271 2578 412 2615 didisse3
428 2578 461 2607 et
475 2585 605 2606 manum
631 2575 671 2604 ad
699 2583 763 2604 non
785 2584 970 2606 concessum

272 2624 450 2654 extendere
466 2631 530 2653 non
544 2622 761 2662 praesumpsit.
775 2621 860 2658 Quid
873 2622 972 2660 ergo?

272 2671 374 2708 Romo
391 2669 473 2700 zelat
484 2668 615 2707 gloriam
630 2676 734 2707 suam,
751 2667 783 2698 et
798 2667 901 2698 Deum
918 2675 971 2698 au-

1002 2076 1135 2107 lariter?
1151 2076 1244 2105 Solus
1260 2075 1377 2104 cuncta
1399 2073 1535 2110 creavit,
1557 2073 1643 2101 solus
1661 2072 1700 2102 de

1003 2123 1091 2152 hoste
1108 2119 1337 2158 triumphavit,
1357 2119 1443 2149 solus
1458 2117 1601 2155 captivos
1619 2117 1703 2146 libe-

1002 2168 1106 2198 ravit:
1123 2168 1156 2196 et
1170 2166 1291 2196 socium
1314 2164 1448 2194 habebit
1464 2164 1497 2193 in
1517 2163 1617 2200 gloria
1633 2161 1646 2192 ἓ
1662 2164 1705 2194 Et·

1004 2213 1174 2248 brachium,
1188 2211 1306 2249 inquit,
1329 2219 1432 2240 mcum
1456 2210 1644 2238 auxiliatum
1661 2209 1703 2239 cst

1003 2260 1087 2289 milii.
1100 2259 1194 2295 Item,
1213 2257 1363 2287 Tui-culm·
1383 2256 1498 2285 calcas-z·
1510 2255 1609 2292 solus,
1627 2255 1702 2284 etde

1002 2305 1211 2344 fla-izlibusuon
1227 2305 1269 2333 est
1285 2304 1331 2332 vir
1355 2310 1485 2331 mecum.
1507 2300 1593 2337 Quid
1621 2299 1702 2329 mihi

1004 2359 1077 2389 ergo
1093 2358 1165 2380 cum
1180 2348 1329 2386 victoria,
1345 2347 1372 2376 si
1384 2355 1445 2376 nec
1458 2346 1490 2375 in
1506 2346 1618 2384 praelio
1631 2344 1701 2374 fui?

1004 2395 1285 2435 impudentissime
1314 2393 1397 2423 mihi
1419 2400 1530 2429 arrogo
1560 2392 1613 2421 vel
1635 2391 1702 2428 glo-

1004 2444 1082 2471 riam
1099 2442 1218 2479 absque
1231 2440 1381 2477 victoria,
1393 2437 1621 2468 velvictoriam
1633 2437 1702 2466 sine

1005 2495 1123 2525 pugna.
1141 2486 1202 2516 Sed
1217 2485 1370 2523 suscipite
1383 2483 1510 2513 montes
1525 2490 1636 2520 pacem
1648 2489 1703 2520 po-

1004 2534 1091 2571 pulo,
1108 2541 1223 2570 pacem
1239 2530 1395 2568 suscipite
1412 2529 1525 2565 vobis,
1551 2536 1615 2558 non
1640 2529 1704 2565 glo-

1005 2579 1096 2616 rium,
1113 2578 1175 2616 ipsi
1190 2577 1250 2607 soli
1266 2585 1338 2606 eam
1356 2575 1535 2610 servantes,
1551 2573 1605 2612 qui
1620 2573 1704 2603 solus

1006 2624 1037 2651 et
1054 2623 1221 2660 pugnavit,
1238 2621 1372 2652 etvicit.
1386 2621 1445 2657 lta,
1457 2627 1577 2657 quaeso,
1589 2618 1632 2648 ila
1643 2617 1702 2647 sit:

1007 2669 1111 2698 Gloria
1135 2669 1166 2697 in
1181 2668 1305 2698 excelsis
1323 2668 1399 2702 Deo,
1424 2666 1452 2696 ct
1473 2666 1506 2698 in
1531 2666 1616 2695 terra
1639 2671 1709 2702 pax*
