1810 3073
511 207 556 235 IN
584 204 786 235 CANTICA
809 202 957 231 SERMO
978 202 1048 229 XV.

1441 200 1500 232 489

74 276 152 297 mnu
169 270 315 302 lacrymae
336 260 398 290 illae
417 267 515 299 panes
536 258 588 289 die
608 267 643 288 ac
658 256 763 287 nocte.
799 262 874 284 men
889 253 986 283 Israel
1002 251 1183 282 secundum
1196 260 1325 283 carnem
1336 276 1345 291 ,
1358 252 1413 283 sed
1429 254 1500 291 ejiis

73 311 230 349 Quidnam
261 305 362 344 istud,
387 304 450 335 nisi
479 304 555 334 odor
585 301 766 333 exhalantis
798 300 854 338 qui
883 299 1059 330 secundum
1081 297 1232 336 spiritum
1258 298 1317 328 est.
1344 300 1421 327 Nam
1438 299 1498 328 1100

73 355 248 390 unctionis,
261 360 323 389 qua
342 349 410 380 erat
430 350 485 379 ille
511 346 680 387 perfusus?
699 347 766 376 Non

72 402 160 432 enim
179 399 286 430 unctio
297 419 305 434 ,
321 405 393 435 ‹111ae
416 397 456 426 ad
470 404 521 425 me
536 395 690 425 nimirum
705 392 765 422 nisi

73 445 202 477 homine
224 442 387 472 mediante
408 449 470 470 non
495 438 711 479 pertingebat.
725 438 767 466 Ea

71 491 202 530 propter
214 489 273 519 etsi
287 488 462 526 gaudebam
476 486 513 515 de
527 492 661 514 munere
671 505 679 521 ,
693 491 767 512 con-

72 535 226 566 fundebar
251 534 360 563 tamen
386 533 418 562 et
442 530 654 566 humiliabar,
684 527 767 566 quod

71 582 137 611 sola
153 581 190 610 ad
202 589 253 610 me
264 579 372 609 tenuis
385 577 565 613 exhalatio,
579 576 611 605 et
623 582 685 604 non
697 573 768 611 pin-

70 627 140 664 guis
184 625 326 662 aspersio
369 621 581 661 pervenisset.
628 618 767 648 Odoratu

70 669 375 709 qnippedelectatus
385 690 393 705 ,
406 675 469 696 non
480 667 584 703 tactu,
598 664 767 702 indignum

70 724 123 745 me.
152 715 285 754 proinde
310 712 556 750 cognoscebam,
583 710 634 738 cni
655 717 714 746 per
733 716 767 737 se

72 762 173 799 ipsum
188 758 385 789 dulcesceret
406 758 502 785 Deus.
517 755 555 784 Et
572 761 659 783 nunc
682 753 768 790 idip-

70 814 140 836 sum
157 806 183 834 si
196 803 335 837 accidat,
350 801 464 830 avidus
481 799 613 838 quidem
629 798 766 836 suscipio

68 859 185 882 munus
213 849 392 884 indultum,
421 847 610 884 gratumque
639 844 743 873 haheo
757 851 765 872 :

68 897 126 928 sed
137 896 247 926 dolens
260 894 351 923 doleo
364 900 422 930 per
435 899 486 920 me
500 891 604 929 ipsum
622 897 685 918 non
700 897 768 918 me·

69 942 188 978 ruisse,
210 940 305 977 atque
324 937 380 977 (ut
405 935 545 975 dicitur)
564 936 603 965 de
622 943 720 964 manu
735 934 767 963 in

69 994 199 1017 manum
210 984 344 1014 minime
360 982 541 1020 accepisse,
558 989 631 1010 cum
646 979 767 1009 obnixe

68 1031 103 1062 id
124 1031 280 1069 peterem.
305 1027 408 1057 Pudet
428 1026 582 1055 nimirum
605 1024 705 1062 magis
729 1023 768 1053 ad

68 1076 230 1113 hominis,
243 1081 338 1113 quam
362 1072 401 1102 ad
422 1072 482 1101 Dei
503 1070 626 1100 moveri
649 1077 770 1099 memo-

69 1123 161 1152 riam.
192 1121 231 1150 Et
266 1121 342 1149 tunc
375 1126 448 1148 cum
483 1116 606 1154 gemitu
638 1116 740 1145 clamo
760 1123 767 1142 :

70 1168 198 1208 Quando
213 1167 335 1196 reniam
343 1186 353 1201 ,
369 1166 396 1194 et
408 1163 559 1202 apparebo
574 1163 644 1192 ante
659 1162 767 1199 faciem

69 1212 146 1245 Dei?
162 1211 319 1241 Existimo
332 1208 365 1238 et
381 1209 504 1246 aliquos
516 1207 658 1237 vestrum
682 1206 767 1234 idem

71 1266 139 1288 esse
169 1256 339 1295 expertos,
365 1254 398 1284 et
433 1252 577 1290 experiri
605 1251 769 1281 interdum

69 1304 187 1334 adhuc.
214 1303 281 1339 Qua
309 1302 342 1331 in
370 1308 404 1329 re
436 1299 516 1337 quid
543 1297 749 1328 sentiendum
760 1319 768 1335 ,

69 1348 132 1378 nisi
147 1347 232 1386 quod
244 1347 350 1375 nostra
365 1345 421 1375 aut
436 1343 587 1382 superbia
603 1342 769 1372 convinci-

69 1393 143 1430 tur,
162 1393 217 1422 aut
234 1391 402 1421 humilitas
417 1388 615 1425 custoditur,
634 1388 689 1417 aut
706 1387 769 1416 fra—

70 1438 160 1468 terna
185 1438 299 1467 caritas
316 1436 478 1472 nutritur,
495 1435 550 1464 aut
572 1433 768 1463 desiderium

70 1482 252 1513 excitatur?
264 1483 350 1512 Unus
361 1482 510 1519 idemque
524 1480 614 1509 cibus
627 1479 660 1509 et
671 1487 770 1517 aegro-

69 1529 112 1559 tis
127 1530 174 1559 est
190 1528 367 1565 medicina,
389 1527 422 1556 et
444 1525 639 1563 aegrotativis
656 1525 743 1554 dieta
760 1534 767 1553 :

70 1583 162 1614 porro
188 1575 220 1604 et
246 1574 369 1604 debiles
385 1572 561 1609 confortat,
579 1571 611 1600 et
631 1571 770 1600 delectat

71 1621 226 1650 valentes.
243 1620 329 1649 Unus
345 1619 496 1656 idemque
525 1617 617 1646 cibus
643 1617 676 1646 et
703 1617 771 1645 lan-

71 1675 202 1705 guorem
223 1665 333 1703 sanat,
350 1664 383 1694 et
398 1664 506 1694 servat
529 1662 703 1692 sanitatem
717 1670 724 1690 :
740 1663 771 1692 et

72 1719 185 1750 corpus
198 1711 316 1748 nutrit,
333 1711 366 1740 et
381 1710 486 1747 palato
499 1708 593 1746 sapit.

111 1758 141 1787 7.
158 1757 221 1787 Sed
246 1756 415 1786 redeamus
439 1755 479 1784 ad
500 1754 600 1784 verba
629 1762 771 1792 sponsae,

72 1803 105 1833 et
119 1804 164 1832 sic
177 1810 343 1832 curremus
359 1801 470 1830 audire
488 1808 559 1838 quae.
575 1799 638 1837 ait,
655 1800 691 1829 ut
707 1800 773 1829 stu-

71 1848 204 1878 deamus
220 1848 252 1877 et
279 1855 391 1884 sapere
418 1845 503 1884 quod
529 1844 623 1882 sapit.
651 1844 771 1882 Sponsa

74 1891 131 1932 (ut
146 1892 234 1931 dixi)
251 1892 393 1922 Ecclesia
409 1892 469 1922 est.
486 1892 555 1929 Ipsa
571 1890 619 1919 est
634 1890 685 1920 cui
701 1890 773 1927 plus

73 1939 239 1968 dimissum
255 1939 320 1975 est,
337 1938 370 1967 et
381 1946 451 1976 qua}
462 1937 534 1975 plus
547 1935 665 1974 diligit.
682 1935 771 1972 Quod

73 1985 187 2014 aemula
217 1983 413 2022 improperat
442 1982 472 2011 ei
501 1981 542 2010 ad
570 1981 772 2018 convicium,

72 2028 133 2058 hoc
150 2028 212 2058 sibi
237 2029 305 2067 ipsa
327 2027 466 2057 inssectit
489 2026 530 2056 ad
556 2026 772 2056 commodum.

72 2074 151 2103 Inde
164 2074 360 2103 mansuetior
372 2073 412 2103 ad
425 2072 663 2110 correptionem
672 2093 681 2109 ,
696 2071 771 2101 inde

72 2120 245 2159 patientior
253 2119 293 2149 ad
302 2119 443 2148 laborem
454 2126 462 2154 3
474 2118 550 2148 inde
559 2117 725 2147 ardentior
733 2118 773 2147 ad

73 2173 232 2202 amorem,
258 2165 332 2195 inde
355 2164 498 2203 sagacior
526 2164 565 2193 ad
595 2164 771 2201 cautelam3

74 2211 147 2240 inde
164 2211 316 2240 humilior
331 2218 388 2248 pro
404 2209 619 2247 conscienti33
633 2209 708 2239 inde
723 2217 774 2239 ac—

74 2257 196 2295 ceptior
204 2265 262 2294 pro
271 2255 564 2293 verecundia3inde
573 2255 612 2285 ad
620 2255 774 2285 obedien-

75 2301 149 2331 dum
165 2302 321 2339 paratior,
338 2301 412 2331 inde
427 2302 467 2331 ad
484 2301 658 2339 gratiarum
674 2301 774 2331 actio-

74 2355 148 2377 nem
161 2346 305 2375 devotior
317 2354 352 2375 ac
367 2346 546 2376 sollicitior.
557 2347 705 2384 Denique
717 2347 772 2376 illa

75 2390 131 2430 {ut
146 2391 267 2421 dictum
280 2390 346 2429 est)
364 2393 587 2422 murmurante
604 2392 637 2422 et
651 2401 774 2422 memo-

75 2437 164 2466 rante
178 2436 292 2465 merita
307 2444 361 2466 sua
372 2458 380 2473 ,
397 2437 429 2466 et
444 2437 587 2474 labores,
605 2439 637 2467 et
651 2437 774 2475 pondus

75 2482 140 2512 diei
156 2483 188 2512 et
204 2483 319 2518 aestus,
343 2482 483 2511 Ecclesia
506 2481 702 2511 beneficium
722 2491 774 2513 re-

75 2528 152 2557 colit
164 2527 291 2557 dicens:
306 2528 410 2557 Oleum
422 2527 513 2563 effusa
519 2536 546 2556 m
556 2536 666 2557 nomen
676 2530 727 2558 tun
733 2538 772 2558 m.

113 2573 144 2603 8.
170 2574 235 2603 Hoc
256 2573 352 2612 plane
375 2573 595 2602 testimonium
612 2573 708 2603 Israel
735 2575 773 2604 ad

77 2618 289 2650 confitendum
322 2617 444 2648 nomini
469 2619 597 2648 Domini
614 2627 702 2649 :non
729 2620 775 2650 ta-

801 345 854 374 ille
866 352 929 383 quo
943 343 1035 381 pacto
1051 341 1156 372 dicat?
1170 342 1237 370 Non
1252 342 1336 379 quod
1352 351 1415 371 11011
1440 343 1499 372 ha—

798 390 874 419 beat
898 390 1024 426 oleum,
1052 388 1109 418 sed
1136 396 1200 417 11011
1224 387 1323 416 habet
1349 388 1500 418 effusum.

800 436 921 474 Habet,
933 435 989 465 sed
1015 433 1218 464 reconditum
1231 441 1239 470 3
1254 432 1352 461 habet
1366 432 1399 460 in
1415 432 1502 461 codi-

799 481 889 510 cibus
901 503 910 519 ,
924 480 980 511 sed
996 488 1059 509 non
1075 479 1109 508 111
1126 478 1287 508 cordibus.
1300 477 1388 506 Foris
1400 477 1502 506 haeret

800 526 833 556 in
848 527 957 556 littera
973 534 981 555 :
998 525 1177 556 contrectat
1194 524 1344 553 manibus
1356 531 1412 553 vas
1432 523 1503 560 ple-

799 581 895 610 num,
926 572 983 602 sed
1013 572 1046 601 et
1070 571 1234 607 clausum,
1251 578 1311 599 nec
1336 568 1441 606 aperit
1466 568 1503 597 ut

800 619 950 656 ungatur.
980 618 1086 654 Intus,
1103 617 1190 646 intus
1205 616 1254 646 est
1273 615 1385 645 unctio
1406 613 1504 652 spiri-

800 664 850 692 tus
868 663 980 701 :aperi
1004 663 1036 692 et
1055 670 1197 700 ungere,
1216 662 1249 691 et
1269 661 1337 698 jam
1352 669 1417 690 11011
1438 659 1504 689 eris

799 709 911 738 domus
927 716 1133 746 exasperans.
1149 707 1233 745 Quid
1249 707 1328 737 facit
1343 707 1451 736 oleum
1469 705 1504 734 111

800 754 901 791 vasis,
918 754 945 783 si
974 763 1039 784 non
1069 754 1191 783 sentias
1216 754 1249 783 et
1271 753 1305 782 in
1327 749 1504 782 membris?

799 800 883 836 Quid
897 800 957 829 tibi
984 800 1115 838 prodest
1128 797 1227 838 {pium
1249 798 1424 829 SalvatorIS
1445 804 1505 826 no-

800 853 874 874 men
903 846 1051 875 lectitare
1081 845 1115 874 in
1144 845 1260 881 libris,
1289 852 1351 873 nec
1379 842 1503 872 habere

801 891 956 929 pietatem
984 891 1018 921 in
1047 890 1210 920 moribus?
1232 891 1346 920 Oleum
1364 889 1413 919 est
1429 897 1437 918 :
1455 887 1504 918 es-

801 937 917 976 funde,
934 939 967 967 et
996 938 1118 967 senties
1143 937 1299 967 virtutem
1325 936 1414 973 ejus,
1431 942 1503 973 quae

802 984 922 1021 triplex
946 984 1005 1014 est.
1032 983 1096 1013 Sed
1120 983 1247 1013 Judaeus
1276 982 1335 1012 ista
1362 980 1504 1017 fastidit,

802 1037 857 1059 vos
883 1029 1007 1059 audite.
1037 1030 1115 1059 Volo
1158 1029 1267 1059 dicere
1301 1036 1358 1058 0111·
1385 1035 1504 1057 nomeu

801 1075 908 1112 sponsi
929 1075 1000 1105 oleo
1024 1074 1243 1113 comparetur,
1260 1074 1347 1112 quod
1361 1073 1505 1103 nondum

802 1121 961 1150 dixeram.
988 1122 1027 1151 Et
1054 1122 1119 1151 tres
1141 1120 1237 1157 hujus
1253 1120 1302 1149 rei
1330 1118 1505 1150 occurrunt

802 1174 916 1196 causae.
932 1167 970 1196 At
986 1166 1137 1205 quoniam
1166 1166 1315 1204 pluribus
1337 1165 1506 1195 vocabulis

803 1213 1004 1250 appellatur,
1026 1220 1064 1242 eo
1089 1212 1175 1250 quod
1199 1212 1326 1241 nullum
1351 1219 1413 1249 quo
1429 1219 1507 1249 prou

802 1258 873 1295 prie
913 1258 1041 1288 dicatur
1080 1257 1274 1295 invenitur,
1303 1255 1506 1296 (ineffabilis

802 1304 923 1341 quippe
951 1305 999 1334 est
1015 1301 1043 1342 :)
1069 1303 1160 1341 prius
1188 1303 1282 1333 1101115
1306 1302 1507 1332 invocandus

803 1350 851 1379 est
862 1350 1000 1387 Spiritus
1013 1350 1140 1380 sanctus
1149 1371 1158 1387 ,
1170 1350 1206 1379 ut
1219 1350 1258 1379 de
1270 1349 1381 1379 multis
1390 1356 1506 1384 unum,

802 1396 887 1433 quod
900 1397 971 1426 vult
990 1396 1050 1426 hoc
1070 1397 1140 1426 loco
1157 1395 1313 1433 intelligi,
1332 1393 1505 1433 (quoniam

802 1440 921 1478 scripto
948 1441 1117 1479 designare
1145 1448 1210 1469 11011
1235 1437 1379 1478 placuit)
1396 1447 1455 1477 per
1470 1447 1505 1468 se

802 1486 894 1516 nobis
919 1487 1047 1524 aperire
1073 1486 1233 1524 dignetur.
1251 1485 1313 1515 Sed
1342 1485 1403 1515 hoc
1425 1493 1508 1523 quo-

802 1540 865 1570 que
891 1532 980 1562 alias,
997 1533 1075 1561 Nam
1101 1532 1161 1562 etsi
1186 1532 1219 1561 in
1246 1532 1397 1570 promptu
1417 1538 1506 1560 nunc

804 1578 912 1607 essent
941 1578 1068 1615 omnia,
1092 1578 1126 1608 et
1148 1586 1254 1616 neque
1279 1586 1336 1607 vos
1362 1577 1506 1615 onerati,

803 1630 863 1652 nec
879 1631 937 1661 ego
966 1623 1118 1662 fatigatus
1143 1631 1265 1660 essem,
1291 1623 1371 1652 liora
1395 1622 1506 1652 tamen

804 1668 901 1697 finem
923 1668 1052 1699 indicit.
1077 1669 1199 1699 Tenete
1220 1668 1254 1697 in
1276 1676 1339 1706 quo
1365 1668 1507 1698 attentos

804 1722 860 1743 vos
875 1714 1022 1751 reddidi,
1038 1715 1074 1745 ut
1089 1723 1154 1744 11011
1169 1715 1211 1744 sit
1225 1722 1294 1744 cras
1305 1722 1438 1744 necesse
1454 1722 1507 1743 re-

804 1760 930 1797 petere.
945 1761 1012 1789 Hoc
1028 1760 1203 1797 incumbit,
1219 1760 1281 1789 1100
1302 1759 1336 1789 111
1357 1759 1507 1789 manibus

805 1806 870 1843 est,
886 1806 1001 1835 docere
1018 1805 1158 1843 scilicet,
1175 1814 1232 1835 cur
1255 1813 1373 1834 nomen
1398 1805 1508 1842 sponsi

806 1850 876 1880 oleo
901 1851 1107 1888 comparetur
1123 1859 1130 1879 :
1150 1852 1182 1880 et
1196 1850 1282 1888 quod
1297 1851 1337 1880 de
1364 1849 1508 1879 nomini-

806 1895 876 1925 bus.
894 1896 932 1926 Et
945 1896 1097 1934 quoniam
1118 1903 1182 1925 non
1203 1903 1331 1933 possum
1347 1903 1405 1933 ego
1421 1902 1439 1923 a
1454 1902 1507 1923 me

805 1941 914 1971 dicere
929 1941 1102 1979 quicquam
1113 1963 1122 1979 ,
1140 1941 1262 1971 indicta
1274 1940 1375 1970 oratio
1388 1940 1454 1978 est,
1471 1941 1508 1970 ut

806 1987 899 2018 nobis
922 1996 1057 2026 sponsus
1080 1988 1149 2026 ipse
1178 1988 1303 2017 revelet
1324 1995 1383 2025 per
1403 1986 1509 2024 Spiri-

807 2035 874 2063 tum
890 2043 983 2064 suum
998 2034 1090 2064 Jesus
1104 2034 1247 2064 Christus
1262 2033 1419 2063 Dominus
1433 2041 1509 2062 nos-

806 2082 873 2118 ter,
890 2080 941 2110 cui
958 2081 1006 2110 est
1035 2080 1136 2110 honor
1150 2081 1184 2110 et
1207 2080 1310 2119 gloria
1332 2079 1369 2109 in
1390 2079 1508 2111 saecula

805 2127 1014 2165 saeculorum,
1031 2134 1138 2156 amen.

1111 2193 1214 2204 —-=

1014 2234 1184 2267 SERMO
1217 2233 1305 2268 XV.

807 2303 935 2337 Qualiter
954 2311 1057 2328 nomen
1078 2304 1153 2328 Jesus
1172 2306 1209 2328 est
1229 2304 1369 2327 medicina
1389 2302 1510 2328 salubris

835 2341 967 2364 fidelihus
978 2340 1142 2365 Christianis
1153 2340 1183 2364 in
1197 2340 1330 2363 omnibus
1341 2339 1468 2363 adversis.

846 2395 876 2425 1.
891 2395 1065 2425 BENIGNUS
1085 2394 1134 2424 est
1157 2393 1297 2432 Spiritus
1321 2392 1508 2431 sapientiae,

807 2439 839 2471 et
853 2449 918 2470 11011
931 2440 1100 2470 consucvit
1116 2448 1184 2470 esse
1211 2439 1352 2469 difficilis
1366 2447 1400 2468 se
1417 2439 1509 2467 invo-

807 2487 972 2524 cantibus,
988 2487 1044 2525 qui
1066 2494 1150 2525 saepe
1173 2486 1207 2516 et
1221 2484 1393 2523 antequam
1416 2484 1509 2512 invo-

808 2533 916 2572 cetur,
934 2533 1031 2571 dicit,
1048 2535 1125 2563 Ecce
1148 2533 1267 2562 adsum.
1297 2530 1412 2559 Audite
1440 2528 1507 2564 jam

807 2579 893 2618 quod
908 2579 1074 2609 orantibus
1100 2579 1192 2608 vobis
1212 2584 1272 2615 per
1285 2584 1338 2605 me
1363 2574 1506 2604 indicare

809 2625 957 2664 dignatur
969 2624 1009 2655 de
1023 2633 1077 2665 eo,
1090 2623 1176 2663 quod
1190 2622 1261 2653 heri
1276 2620 1385 2651 adhoc
1402 2620 1506 2658 ipsum
