1830 3073
298 223 338 254 8¹⁴

752 226 781 254 S.
802 222 1035 255 BERNARDI
1055 223 1251 253 ABBATIS

336 278 368 310 2.
384 276 446 310 Sed
454 278 616 310 taceamus
628 277 761 310 interim
773 279 813 310 de
824 279 912 309 illius
924 276 1013 308 ohe-³
1034 277 1135 307 molet
1148 299 1158 316 ,
1170 278 1258 308 Isaac
1279 277 1460 317 percutiat?
1474 275 1610 308 Multum
1624 276 1734 308 tenta-

296 323 432 364 dientia,
441 333 512 364 quae
521 324 677 364 singulari
686 325 901 363 praerogativa
913 324 999 353 clau·
1032 322 1098 359 tus,
1113 322 1254 353 multum
1265 324 1429 362 probatus,
1446 324 1578 354 adustus
1592 323 1642 354 est
1655 324 1737 353 mul-

294 370 382 402 ditur
395 371 430 402 et
442 370 601 410 signatur.
621 370 780 400 Procedat
794 370 829 399 in
852 368 998 399 medium
1032 367 1102 397 tum
1118 376 1126 397 :
1145 368 1249 399 dulcis
1260 369 1375 399 relatio
1390 369 1450 399 filii
1465 368 1505 400 ad
1519 369 1646 407 patrem
1657 390 1667 406 ,
1679 375 1736 407 pa-

293 424 429 455 magnus
451 416 510 446 ille
528 414 717 446 Patriarclia
730 435 740 451 ,
764 413 842 444 fidei
866 413 997 451 lumen,
1031 412 1092 443 tris
1121 413 1162 443 ad
1190 413 1308 444 filium.
1342 414 1431 445 Hanc
1467 414 1675 445 dulcedinem
1702 414 1738 443 et

294 461 490 493 obedientiae
504 459 766 498 forma,justitiae
780 458 996 497 principatus.
1031 457 1177 489 omnium
1198 459 1330 489 affectus
1350 460 1630 490 necessitudinum
1651 459 1737 489 obli-

293 507 393 538 Audit
420 508 461 538 ab
489 505 719 544 omnipotente
748 513 756 533 =
782 505 935 543 Eqredcre
963 504 998 534 de

294 556 379 584 terra
387 555 454 590 tua,
467 554 495 583 et
506 554 541 582 de
554 552 733 590 cognatione
746 551 816 586 tua,
824 551 852 580 et
865 550 899 579 de
910 550 998 579 domo

291 601 390 639 patris
403 600 467 638 tui3
483 600 510 628 et
522 598 592 628 veni
605 598 637 626 in
650 598 778 632 terram,
788 604 881 634 quam
894 604 999 626 mons-

294 648 414 676 travero
433 644 488 675 tibi
501 654 512 673 .·
529 643 564 672 et
578 642 619 672 ad
645 641 744 671 unius
762 640 916 678 jussionis
939 649 998 671 vo-

294 699 364 721 cem
374 712 383 728 ,
399 689 538 728 patriam
553 687 648 725 fugit,
661 686 820 725 relinquit
834 687 996 725 parentes,

293 735 415 766 deserit
433 733 680 770 haereditatem,
697 732 730 762 et
755 732 893 761 aliorum
918 731 997 762 fines

293 783 409 820 hospes
434 779 618 817 ingreditur
647 785 762 807 novus·
790 778 903 815 Magna
925 786 976 807 res
986 799 996 814 ,

293 827 326 857 et
358 825 538 865 primitivae
566 823 734 863 dignitatis
759 823 932 862 privilegio
963 825 997 853 in

291 873 384 912 patre
412 873 591 902 multarum
620 870 766 909 gentium
794 869 995 900 consecrata!

290 919 417 949 Primus
427 918 570 957 primum
581 916 645 947 suis
654 916 863 946 facultatibus
876 924 998 946 renun-

291 965 353 996 tiat
366 987 376 1003 ,
393 965 426 996 et
441 964 638 995 obedientiae
654 963 740 993 viam
762 962 923 992 indefessa
939 971 997 992 ve-

292 1011 423 1042 locitate
447 1009 623 1050 percurrit.
639 1008 790 1047 Denique
813 1016 886 1038 cum
902 1016 997 1038 acce-

291 1057 394 1097 pisset
407 1056 511 1086 filium
533 1055 567 1085 in
591 1055 760 1084 senectute
779 1062 857 1091 sua,
883 1053 917 1082 in
933 1062 996 1091 quo

292 1103 392 1134 totius
406 1100 521 1131 mundi
545 1099 733 1129 benedictio
760 1097 867 1127 fuerat
882 1105 997 1127 cumu-

291 1149 406 1186 landa,
421 1147 504 1178 dicit
518 1145 550 1176 ei
564 1147 651 1176 Deus
671 1153 678 1173 :
702 1145 784 1174 Tolle
798 1145 897 1182 filium
909 1146 995 1175 tuum

291 1196 501 1234 um'qcnilum,
517 1201 606 1232 quem
628 1192 726 1230 diliqis
741 1192 852 1228 Isaac,
874 1193 902 1221 et
924 1193 997 1228 osser

291 1243 379 1272 illum
392 1239 470 1270 mihi
484 1239 517 1268 in
529 1238 754 1268 holocaustum.
778 1235 802 1264 Ο
824 1236 945 1274 quanta
963 1236 995 1266 in

292 1287 402 1318 verbis
423 1286 494 1316 istis
514 1283 694 1314 amaritudo
706 1304 715 1320 ,
731 1283 851 1320 quanta
867 1290 885 1311 a
900 1283 996 1313 corde

291 1334 394 1374 patris
408 1331 569 1371 separatio
582 1328 732 1368 pietatis!
750 1329 890 1358 Jubetur
905 1337 997 1358 nam-

291 1388 355 1420 que
370 1378 474 1409 filium
490 1376 702 1412 occidere,os
719 1383 762 1404 ex
777 1374 903 1404 ossibus
918 1375 995 1413 suis,

293 1426 326 1457 et
341 1433 474 1456 carnem
489 1424 529 1454 de
542 1429 638 1453 carne
654 1429 711 1451 sua
729 1429 736 1450 :
754 1420 857 1450 filium
871 1428 996 1459 magnae

292 1470 528 1514 promissionis,
544 1469 699 1499 extremae
711 1467 906 1505 senectutis,
923 1476 998 1506 pro-

291 1521 372 1560 priae
387 1516 536 1549 mulieris
552 1524 561 1544 z
579 1514 684 1544 filium
705 1513 902 1544 mirabiliter
924 1523 999 1552 pro-

292 1567 445 1602 missum,
457 1561 600 1593 feliciter
611 1561 736 1598 natum,
754 1559 931 1590 educatum
947 1560 999 1590 in-

293 1612 463 1644 nocenter.
478 1609 519 1639 Et
533 1616 574 1638 ne
589 1606 669 1646 quid
685 1606 872 1643 deesset,ut
887 1606 999 1636 tener-

293 1660 414 1690 rimum
447 1656 535 1686 intra
564 1654 700 1693 paterna
727 1652 855 1682 viscera
880 1652 999 1683 doloris

293 1704 486 1736 incendium
508 1699 711 1737 exundaret,
727 1698 878 1737 additur,
894 1700 998 1738 um'qe-

294 1753 406 1782 nilum.
420 1748 501 1778 Sunt
512 1753 654 1784 namque
667 1744 763 1775 multi
776 1744 849 1782 filii,
865 1745 923 1775 sed
936 1754 999 1775 non

294 1795 470 1835 unigeniti.
486 1794 550 1822 Iste
565 1792 612 1822 sic
628 1792 676 1820 est
695 1790 802 1828 filius,
818 1790 856 1820 ut
879 1792 911 1821 et
926 1791 1000 1820 uni-

295 1843 435 1883 genitus.
462 1840 525 1870 Iste
547 1837 665 1868 unicus
680 1836 789 1875 patri,
810 1837 1000 1875 unigenitus

294 1887 409 1924 matri,
421 1882 607 1916 haereditati
622 1882 820 1912 reservatus.
836 1882 881 1912 Ne
898 1883 1001 1920 respi-

294 1934 361 1964 cias
375 1932 416 1963 ad
431 1929 563 1967 IsmaeI,
579 1928 656 1967 quia
674 1927 730 1966 qui
745 1927 779 1957 in
793 1928 952 1958 servitute
969 1929 1002 1959 et

296 1988 339 2010 ex
349 1978 468 2010 ancilla
483 1975 611 2014 genitus
626 1973 745 2011 fuerat,
759 1973 799 2003 ad
814 1973 1001 2005 libertatem

296 2026 330 2056 et
371 2022 597 2054 haereditatem
626 2019 765 2049 minime
799 2019 999 2057 pertinebat.

296 2070 378 2108 Quia
391 2077 470 2100 vero
485 2066 582 2097 multi
598 2066 674 2096 sunt
695 2065 755 2095 filii
772 2066 805 2095 et
820 2065 1001 2105 unigeniti,

297 2117 354 2147 sed
369 2123 435 2146 non
459 2113 592 2150 dilecti3
616 2111 656 2141 ad
682 2111 940 2149 exaggerandam
967 2112 1001 2142 in

300 2162 393 2192 corde
414 2160 514 2199 patris
526 2157 773 2188 tribulationem
783 2179 792 2194 ,
806 2158 839 2188 et
855 2166 1002 2196 compro—

298 2206 436 2237 bandam
460 2205 496 2235 in
517 2205 629 2234 mente
655 2202 735 2239 justi
757 2202 1001 2243 obedientiam,

296 2252 453 2282 Dominus
468 2249 648 2288 subjungit,
663 2257 752 2288 quem
766 2250 876 2288 diligis.
895 2250 937 2280 Ut
947 2259 1003 2280 ve-

295 2306 333 2329 ro
347 2295 532 2328 teneritudo
547 2295 648 2333 patris
664 2303 706 2324 ex
716 2295 874 2325 memoria
890 2295 1002 2326 dilecti

296 2342 438 2374 nominis
452 2340 713 2378 recrudesceret,
730 2340 763 2370 et
778 2340 916 2370 interior
930 2342 1004 2380 pie-

298 2390 348 2420 tas
363 2388 405 2418 ad
421 2387 551 2417 dilectae
566 2385 654 2415 vocis
668 2394 784 2415 sonum
802 2385 871 2416 tota
892 2385 1003 2417 ferve-

298 2435 372 2473 ret,
395 2442 472 2473 puer
486 2431 674 2463 nominatur
692 2439 734 2461 ex
748 2432 881 2462 nomine
892 2454 901 2471 ,
917 2433 1003 2471 quod

298 2480 450 2511 vocatum
465 2478 535 2508 erat
549 2484 568 2506 a
580 2475 736 2514 Domino,
759 2477 948 2515 priusquam
969 2478 1003 2507 in

298 2527 393 2557 utero
409 2522 647 2561 conciperetur.
668 2521 768 2552 Vides
789 2523 920 2560 quantis
942 2523 1004 2553 tri-

298 2570 504 2602 bulationum
523 2566 651 2598 malleis
665 2566 802 2597 Abrahae
825 2567 932 2606 pietas
954 2568 1004 2598 fe-

300 2616 405 2647 riatur
415 2636 425 2652 ,
439 2615 492 2645 cui
506 2612 696 2654 praecipitur
710 2613 748 2643 ut
766 2612 872 2643 fillum
887 2613 979 2643 tollat
992 2636 1002 2653 ‚

302 2660 428 2693 occidat
452 2661 658 2698 unigenitum
671 2682 680 2698 ,
703 2667 802 2699 quem
818 2658 926 2699 diligit
941 2659 1023 2695 im-,

1011 525 1014 569 l

1029 502 1165 533 viscitur
1172 504 1332 534 Abraham
1343 513 1351 542 ;
1361 505 1477 535 sternit
1489 505 1614 535 asinum
1626 513 1736 540 suum,

1030 547 1118 586 ligna
1129 549 1306 587 componit,
1320 550 1429 588 ignem
1443 550 1603 588 accendit,
1616 550 1737 580 eximit

1031 593 1185 632 gladium.
1198 595 1267 625 Non
1282 603 1298 625 a
1314 595 1452 625 Domino
1465 596 1594 633 quaerit,
1609 603 1708 635 quare
1722 603 1734 633 3

1030 648 1095 670 non
1110 642 1293 672 murmurat
1307 663 1316 680 ,
1331 649 1396 671 non
1413 642 1622 680 conqueritur
1632 663 1642 679 ,
1667 650 1734 672 non

1030 686 1145 716 saltem
1160 688 1293 725 ¹vultum
1314 687 1454 717 dolentis
1475 687 1620 718 ostendit
1640 695 1649 716 t
1673 687 1736 717 sed

1030 733 1175 763 omnium
1190 742 1262 771 quae
1276 733 1514 773 praecipiuntur
1529 733 1672 772 ignarus,
1697 733 1734 762 in

1030 780 1168 809 mortem
1192 780 1252 809 filii
1281 779 1335 818 pia
1361 779 1554 810 crudelitate
1585 779 1733 809 festinat.

1031 824 1106 854 Ideo
1121 834 1254 855 summae
1271 826 1305 855 et
1319 825 1521 856 admirabilis
1537 824 1734 855 obedientiae

1029 871 1134 902 virtus
1149 871 1184 901 in
1195 872 1368 909 Abraham,
1385 872 1418 901 et
1436 871 1608 909 singularis
1623 871 1734 901 excel-

1030 916 1140 947 lentiae
1156 917 1307 947 laudibus
1318 917 1535 956 praedicanda.

1068 963 1099 992 5.
1116 963 1301 994 Fortissima
1315 972 1367 993 res
1382 964 1431 993 est
1442 962 1629 995 obedientia
1641 971 1733 998 vera,

1030 1009 1063 1038 et
1076 1017 1148 1047 quae
1164 1008 1198 1038 in
1219 1009 1363 1038 animum
1380 1008 1578 1038 descendere
1592 1017 1656 1038 non
1674 1017 1732 1047 po—

1029 1055 1105 1091 test,
1121 1055 1185 1085 nisi
1195 1063 1212 1084 a
1224 1055 1338 1084 mundi
1355 1054 1451 1091 hujus
1465 1055 1635 1093 aspergine
1648 1063 1730 1093 pure

1030 1108 1208 1138 presseque
1220 1100 1396 1130 detersum.
1413 1100 1455 1129 Ut
1470 1100 1581 1129 autem
1592 1099 1646 1130 via
1662 1100 1733 1137 ejus

1030 1146 1216 1176 evidentius
1227 1146 1401 1184 elucescat,
1413 1146 1620 1176 ostendamus
1632 1154 1734 1184 quan·

1029 1191 1099 1220 tum
1114 1200 1295 1230 possumus,
1311 1200 1383 1229 quae
1399 1190 1440 1220 sit
1455 1189 1643 1221 obedientia
1657 1199 1733 1230 spe-

1030 1237 1121 1266 cialis
1135 1238 1176 1267 ad
1190 1239 1294 1267 Deum
1305 1259 1315 1275 ,
1340 1237 1470 1276 propria
1493 1237 1534 1267 ad
1549 1236 1712 1267 hominem
1723 1260 1733 1275 ,

1030 1283 1212 1313 communis
1242 1284 1329 1313 inter
1359 1283 1464 1312 Deum
1492 1283 1525 1313 et
1552 1282 1732 1313 hominem.

1030 1329 1111 1360 Sunt
1138 1330 1287 1368 quaedam
1309 1337 1434 1359 summa
1456 1329 1564 1366 mala,
1587 1330 1734 1367 quaedam

1030 1383 1154 1405 summa
1176 1375 1272 1405 bona.
1294 1375 1426 1405 Summa
1448 1373 1531 1404 bona
1547 1376 1638 1412 sunt,
1659 1375 1736 1404 dili-

1031 1429 1106 1458 gere
1122 1421 1246 1459 Deum,
1263 1429 1372 1450 amare
1388 1420 1573 1458 proximum
1585 1441 1594 1458 ,
1611 1421 1734 1450 verita-

1031 1467 1098 1496 tem
1114 1467 1222 1505 loqui,
1238 1475 1303 1496 non
1318 1466 1441 1496 furtum
1458 1465 1583 1504 facere,
1596 1473 1660 1496 non
1675 1466 1735 1496 fal-

1031 1521 1102 1543 sum
1127 1512 1353 1543 testimonium
1374 1512 1502 1550 dicere,
1520 1520 1585 1542 non
1607 1512 1736 1543 adulte-

1032 1568 1116 1598 rare,
1133 1560 1167 1589 et
1181 1560 1244 1589 alia
1259 1560 1362 1589 multa
1373 1581 1381 1597 ,
1399 1567 1470 1597 quae
1485 1558 1643 1589 sermonis
1659 1558 1735 1589 bre-

1033 1606 1116 1636 vitas
1130 1613 1303 1635 numerare
1318 1604 1485 1643 prohibet.
1500 1604 1631 1634 Summa
1649 1605 1736 1635 mala

1022 1652 1107 1681 'sunt
1132 1659 1243 1681 eorum
1259 1650 1438 1688 contraria,
1455 1650 1490 1680 et
1511 1649 1631 1680 similia
1655 1650 1734 1680 illis.

1032 1698 1117 1727 Bona
1129 1696 1279 1735 praecipit
1300 1697 1387 1726 Deus
1401 1697 1437 1725 ut
1452 1695 1627 1732 saciamu53
1641 1703 1659 1725 a
1670 1704 1738 1725 ma-

1032 1741 1174 1780 lisjubet
1184 1743 1221 1772 ut
1233 1741 1465 1771 abstineamus.
1473 1741 1630 1779 Praecepti
1639 1741 1738 1778 hujus

1033 1790 1143 1820 sancta
1156 1788 1189 1818 et
1201 1786 1478 1818 incommutabilis
1489 1787 1664 1816 auctoritas
1673 1795 1738 1817 non

1034 1835 1121 1865 valet
1145 1841 1274 1873 quoquo
1290 1832 1384 1862 modo
1399 1832 1508 1862 refelli
1528 1842 1539 1862 .-
1555 1831 1633 1870 quia
1648 1831 1739 1862 illius

1034 1882 1083 1912 est
1103 1880 1291 1911 charactere
1317 1879 1522 1916 consignata,
1545 1878 1603 1915 qui
1626 1877 1706 1908 dicit
1729 1887 1737 1906 :

1037 1929 1098 1966 qu
1107 1927 1272 1962 Dominus,
1280 1926 1308 1955 et
1316 1933 1378 1954 non
1390 1926 1503 1953 mutor.
1515 1922 1548 1952 Si
1557 1931 1632 1961 ergo
1641 1923 1738 1953 homo

1034 1973 1109 2010 ille,
1129 1979 1227 2011 quem
1242 1970 1399 2009 imposuit
1414 1969 1502 1999 Deus
1516 1977 1614 2007 super
1630 1969 1737 2006 capita

1034 2019 1141 2049 nostra
1161 2018 1258 2048 aliter
1283 2016 1406 2046 sentire,
1429 2015 1593 2051 voluerit,
1615 2022 1739 2052 ponens

1036 2064 1184 2094 tenebras
1199 2063 1306 2092 lucem
1318 2083 1328 2100 ‚
1343 2062 1376 2091 et
1389 2061 1499 2090 lucem
1515 2060 1685 2097 tenebras,
1703 2060 1739 2089 ut

1034 2109 1202 2149 praecipIat
1212 2108 1366 2146 praedicta
1375 2107 1458 2136 bona
1470 2106 1657 2143 relinquere
1665 2127 1674 2143 ,
1683 2105 1738 2135 vel

1036 2156 1127 2186 malis
1148 2154 1290 2194 praefatis
1307 2153 1474 2183 adhaerere
1488 2158 1498 2189 ς
1513 2150 1668 2180 audacter
1688 2159 1740 2180 re-

1035 2201 1207 2232 futandum
1219 2199 1266 2230 est
1279 2197 1499 2237 praecipientis
1509 2196 1696 2234 imperium,
1706 2196 1739 2226 et

1035 2248 1139 2278 libera
1153 2254 1232 2278 voce
1248 2244 1423 2275 dicendum
1446 2252 1454 2273 ε
1475 2243 1602 2274 Obedire
1622 2243 1740 2280 oportet

1035 2294 1133 2333 maqz‘s
1143 2295 1207 2324 Deo
1220 2300 1314 2330 quam
1326 2289 1510 2320 hominibus.
1524 2288 1599 2318 Haec
1607 2288 1655 2317 est
1667 2296 1740 2326 spe-

1036 2341 1128 2371 cialis
1139 2336 1326 2370 obedientia
1339 2336 1380 2366 ad
1395 2336 1499 2366 Deum
1511 2356 1520 2372 ‚
1533 2342 1606 2372 quae
1617 2341 1742 2372 nequa-

1036 2394 1132 2425 quam
1148 2385 1198 2415 est
1211 2382 1354 2413 hominis
1365 2380 1500 2411 arbitrio
1515 2378 1740 2417 temperanda,

1036 2432 1094 2463 sed
1108 2429 1309 2461 immutabili
1330 2425 1547 2458 conservanda
1562 2424 1738 2463 proposito.

1036 2477 1162 2507 Certam
1175 2475 1275 2514 igitur
1288 2474 1433 2513 regulam
1448 2472 1538 2509 tene,
1553 2471 1591 2500 ut
1604 2478 1664 2500 nec
1676 2469 1740 2498 iin-

1036 2523 1128 2562 perio
1142 2517 1530 2557 Praelatorum'praedicta
1545 2516 1629 2545 hona
1639 2514 1741 2543 relin-

1036 2567 1189 2607 quas,ve1
1202 2566 1300 2596 facias
1311 2565 1407 2595 mala.
1423 2562 1511 2593 Inter
1522 2567 1740 2603 summa-vero

1037 2614 1122 2643 mala
1143 2613 1178 2643 et
1197 2619 1324 2643 summa
1343 2610 1446 2650 bona,
1462 2606 1611 2646 quaedam
1631 2605 1740 2635 media

1038 2659 1132 2698 sunt,
1147 2667 1219 2698 ‹111ae
1234 2657 1273 2688 ad
1295 2655 1488 2687 alterutrum
1508 2652 1541 2684 s'e
1564 2649 1738 2690 babentia,
