1830 3073
288 217 329 247 53

763 221 792 249 S.
819 219 1051 248 BERNARDI
1076 222 1269 251 ADBATlS

288 275 435 312 tempus,
452 272 490 304 ut
503 273 543 304 de
557 274 700 305 moribus
716 275 748 305 et
766 275 988 304 affectionibus
1020 273 1054 303 in
1066 275 1127 304 hac
1139 276 1231 313 parte
1247 277 1437 308 subtrahere
1453 279 1718 317 misericordiam,

290 318 357 348 suis
370 319 429 350 vix
442 320 558 350 ultima
572 321 658 360 apud
674 321 759 358 ipsos
774 321 896 350 mentio
911 320 984 350 fiat!

288 363 372 401 Quid
400 364 478 395 istos
501 365 592 395 aliud
617 373 712 404 agere
740 366 906 402 dixerim,
930 365 986 403 qui

287 409 499 441 scurrilitates
514 410 547 440 et
567 410 782 441 detractiones
793 432 802 448 ,
821 410 986 448 jactantiae

285 455 319 485 et
333 455 547 494 impatientiae
561 457 661 486 verba
675 465 740 486 non
754 456 927 494 reputant,
940 455 986 484 fa—

286 500 348 531 cile
365 502 556 532 contristant
570 502 736 540 proximos
747 523 756 539 ,
772 501 871 530 immo
886 501 986 539 Spiri-

286 547 353 575 tum
364 547 424 576 Dei
436 548 492 585 qui
504 547 539 576 in
550 548 597 576 eis
611 548 676 584 est3
692 547 882 585 pusillorum
894 555 986 576 sean-

284 590 356 620 dala
380 592 642 630 parvipendunt,
665 592 706 621 ad
726 592 984 630 increpationem

283 637 419 667 aliorum
434 639 490 667 aut
504 638 702 676 negligentia
713 638 851 676 quadam
865 638 985 669 dormi—

281 684 349 713 tare
374 684 545 721 ridentur,
572 685 629 713 aut
653 684 831 714 iracundiae
859 684 984 716 facibus

281 729 543 767 inflammantur3
564 730 598 759 et
618 738 692 760 611111
713 731 765 760 1115
786 733 877 770 quasi
904 741 983 771 gens

280 782 351 810 quae
367 773 483 803 fecerit
501 774 680 812 justitiam,
697 776 857 806 accedunt
877 777 981 807 libere

279 819 320 847 ad
341 819 531 857 ecclesiam3
556 821 701 858 psallunt
718 830 792 852 cum
813 823 886 853 aliis
899 845 908 860 ,
925 824 981 854 sed

278 872 341 893 non
350 865 466 902 spiritu
477 874 585 904 neque
595 868 703 897 mente
715 877 723 906 3
737 869 889 899 orationis
901 870 982 899 tem-

278 917 356 946 pore
379 909 488 940 nescio
502 920 581 949 quas
602 912 744 950 ineptias
758 914 978 954 meditantur;

279 955 311 983 ct
336 963 377 984 ne
403 956 465 994 ipsi
494 957 627 994 quidem
653 959 822 990 tremendo
848 961 979 998 Angelis

276 1000 473 1039 participare
487 1004 644 1032 verentur
657 1004 820 1036 Dominici
837 1009 979 1045 corporis

278 1046 499 1076 sacramento?
512 1048 597 1084 Quid
610 1069 619 1085 ,
634 1048 782 1087 inquam,
799 1051 876 1081 istos
891 1052 979 1083 aliud

278 1099 375 1127 agere
396 1091 554 1132 dixerim,
579 1102 679 1132 quam
705 1103 835 1126 securos
855 1098 921 1134 jam
939 1099 978 1128 de

276 1136 378 1172 gratia
401 1137 532 1167 Domini
555 1139 630 1177 sui,
645 1139 842 1171 fiducialiter
858 1143 897 1173 de
920 1152 977 1182 ea,

275 1189 372 1219 quam
385 1182 478 1220 longo
490 1185 637 1222 tempore
652 1189 914 1227 promeruerunt,
931 1189 979 1219 fa-

276 1227 464 1259 miliaritate
481 1231 698 1268 praesumere?
712 1232 779 1262 Hoc
793 1242 912 1271 nempe
931 1236 979 1265 est

275 1273 361 1310 quod
373 1275 498 1312 vulgari
512 1277 686 1314 proverbio
709 1277 828 1308 dicitur
845 1288 853 1307 :
870 1280 978 1310 Fami-

276 1319 365 1349 liaris
387 1320 536 1351 dominus
562 1322 688 1352 fatuum
707 1324 812 1353 nutrit
833 1333 975 1355 servum.

276 1365 339 1395 Sed
355 1366 411 1395 ubi
439 1369 506 1405 est,
522 1367 744 1405 dilectissimi,
770 1370 857 1407 quod
882 1371 978 1401 toties

278 1411 415 1441 canitis:
429 1414 583 1451 Quoniam
601 1415 719 1443 advena
735 1424 789 1453 eqo
803 1424 872 1444 sum
897 1418 978 1454 capud

276 1458 302 1485 lc
324 1459 558 1496 ctpereqrz'nus,
573 1461 650 1489 slcut
667 1468 770 1490 omnes
785 1462 887 1498 patres
898 1462 978 1491 vici?

276 1503 359 1540 11611,
373 1503 454 1533 heu!
470 1512 535 1533 non
552 1505 720 1535 invenitur
731 1506 787 1543 qui
802 1507 928 1545 redeat,
945 1509 977 1538 et

276 1550 348 1585 agat
367 1551 486 1586 gratias
500 1551 568 1581 Deo
582 1573 591 1589 ,
614 1551 678 1580 nisi
702 1551 756 1581 hic
779 1552 974 1590 alienigena.

274 1595 383 1624 lt'omw
408 1597 506 1626 elecem
534 1598 677 1627 mundati
699 1597 794 1628 sunt?
820 1600 848 1628 et
871 1607 976 1628 nocem

273 1640 327 1669 ubi
343 1641 654 1679 311111911611111115115,
671 1643 780 1680 credo,
797 1644 894 1673 verba
911 1644 978 1674 Sal—

275 1686 393 1716 vatoris
406 1687 476 1717 haec
491 1696 559 1718 esse
569 1711 577 1723 ,
592 1696 710 1718 novem
723 1688 853 1718 illorum
870 1689 977 1728 ingra-

276 1731 452 1763 titudinem
482 1734 659 1772 arguentis.
698 1735 785 1764 Bene
815 1735 976 1773 siquidem

275 1785 394 1814 orasse,
407 1778 603 1816 obsecrasse,
618 1780 796 1817 postulasse
813 1780 975 1819 leguntur,

273 1823 328 1859 11111
343 1823 535 1854 levaverunt
555 1832 667 1854 vocem
681 1847 691 1861 ,
713 1825 861 1854 dicentes
877 1835 884 1854 t
905 1828 977 1857 lesu

270 1869 316 1904 ,ili
330 1870 443 1907 David,
458 1871 600 1900 miserere
615 1870 714 1901 nobis.
731 1871 794 1900 Sed
809 1871 915 1901 deruit
929 1873 976 1902 eis

272 1917 397 1951 quarta,
413 1924 509 1953 quam
524 1915 644 1952 adjecit
658 1917 843 1954 Apostolus,
856 1918 975 1954 gratia-

273 1969 343 1989 rum
356 1961 456 1998 actio,
469 1961 622 1999 quoniam
636 1969 703 1991 non
717 1961 899 2000 redierunt,
914 1971 975 1992 nec

273 2006 410 2042 egerunt
425 2006 542 2044 gratias
557 2006 638 2035 Deo.

313 2050 343 2079 6.
361 2051 474 2081 Multos
485 2059 614 2089 quoque
626 2051 776 2082 videmus
794 2061 897 2091 usque
915 2054 975 2083 ho-

273 2095 326 2125 die
341 2096 419 2125 satis
436 2096 623 2134 importune
638 2097 791 2135 petentes
810 2098 897 2135 quod
911 2099 974 2128 sibi

273 2140 385 2170 deesse
402 2142 612 2179 cognoverint
629 2150 636 2170 :
655 2142 712 2172 sed
727 2151 846 2180 paucos
867 2149 976 2174 admo-

271 2186 350 2216 dum
365 2187 525 2224 novimus,
535 2189 590 2226 qui
598 2189 710 2227 dignas
725 2197 823 2226 super
834 2191 976 2228 acceptis

272 2231 441 2262 beneficiis
462 2234 579 2269 gratias
600 2242 695 2271 agere
711 2235 895 2265 videantur.
911 2237 975 2267 Nec

271 2277 532 2314 reprehensibile
553 2280 602 2309 est
614 2279 701 2317 quod
716 2279 875 2310 instanter
889 2281 976 2318 peti-

271 2330 363 2352 mus:
381 2323 437 2352 sed
462 2324 557 2361 plane
578 2324 732 2362 petitioni
756 2326 853 2363 negat
875 2326 976 2356 effec—

272 2371 341 2399 tum
352 2390 361 2406 ,
383 2368 467 2406 quod
483 2367 671 2399 invenimur
693 2370 823 2407 ingrati.
839 2371 877 2399 Et
893 2370 974 2401 sorte

272 2414 334 2443 1106
349 2414 449 2443 etiam
468 2414 650 2444 clementiae
665 2423 734 2444 esse
750 2415 901 2454 videtur,
924 2417 975 2446 in—

274 2459 371 2496 gratis
385 2467 503 2498 negare
524 2460 610 2497 quod
628 2461 814 2498 postulant:
838 2469 879 2490 ne
901 2470 975 2492 con·

272 2506 377 2543 tingat
390 2506 495 2544 nobis,
510 2507 548 2536 ut
560 2506 647 2536 tanto
666 2507 796 2544 gravius
811 2507 851 2536 de
867 2507 974 2545 ingra-

273 2551 416 2580 titudine
433 2551 636 2589 judicemur,
652 2552 771 2589 quanto
797 2553 898 2589 magis
920 2561 974 2582 ac-

273 2597 446 2626 cumulatis
459 2597 627 2627 beneficiis
640 2597 973 2635 ingratiprobabimur

276 2642 450 2673 exstitisse.
472 2644 551 2683 Ergo
573 2650 833 2674 Mtsfifflconmffi
856 2652 908 2673 res
924 2645 971 2675 cst

1020 321 1290 356 quemadmodum
1303 323 1358 354 irae
1368 326 1400 355 et
1408 324 1720 363 indignationis,mi—

1019 366 1229 395 sericordiam
1242 369 1412 409 exhibere,
1421 378 1493 400 eam
1507 380 1597 409 sane,
1607 371 1646 401 de
1656 379 1717 408 qua

1017 419 1077 449 per
1103 413 1297 450 Prophetam
1321 415 1390 453 ipse
1414 417 1509 447 Pater
1535 418 1718 447 misericor-

1018 456 1144 487 diarum
1168 459 1323 498 loquitur,
1348 460 1458 491 dicens
1481 471 1490 490 :
1516 464 1720 493 Mssereamur

1018 504 1122 541 impio,
1132 506 1160 534 et
1171 514 1233 534 non
1241 506 1332 536 discet
1343 507 1717 546 facerejustitiam.Quam

1018 549 1136 580 multos
1161 551 1248 580 enim
1277 551 1427 581 videmus
1461 554 1494 582 et
1520 553 1716 592 plangimus,

1016 595 1154 633 Fratres,
1168 596 1237 634 qui,
1253 596 1428 627 dummodo
1442 601 1572 628 maneat
1587 598 1718 628 habitus

1017 641 1050 670 et
1064 641 1207 679 tonsura,
1233 642 1322 671 salva
1343 642 1407 672 sibi
1431 644 1539 672 omnia
1561 644 1718 673 arbitran-

1016 685 1091 715 tur?
1105 695 1170 716 non
1183 687 1424 718 considerantes
1431 688 1554 726 miseri,
1565 688 1718 727 quemad·

1015 731 1146 761 modum
1162 733 1407 771 ingratitudinis
1428 734 1550 764 vermis
1563 734 1717 764 interiora

1015 778 1204 816 corrodens,
1236 779 1276 809 ob
1305 779 1365 809 hoc
1389 780 1516 810 tantum
1543 780 1715 818 corticem,

1013 831 1111 861 quem
1122 824 1246 863 vident,
1261 824 1454 855 transforare
1470 825 1662 862 dissimulet,
1673 832 1716 855 ne

1014 867 1096 898 forte
1120 869 1301 906 recogitent
1329 870 1364 899 et
1389 870 1599 906 erubescant,
1629 869 1716 907 ipsa-

1013 923 1076 952 que
1105 915 1303 946 verecundia
1332 915 1557 945 emendentur.
1584 915 1645 952 Qui
1670 915 1716 945 sic

1013 960 1178 990 interdum
1197 961 1232 990 in
1255 961 1421 992 nonnullis
1441 961 1630 999 consumpta
1646 968 1715 990 esse

1013 1005 1169 1035 interlora
1196 1007 1349 1036 universa
1376 1007 1557 1044 praesumit,
1587 1006 1624 1035 ut
1649 1014 1714 1036 non

1012 1052 1164 1081 vereatur
1178 1051 1219 1080 ad
1234 1059 1272 1081 ea
1285 1060 1426 1090 quoque,
1440 1060 1511 1089 quae
1526 1051 1604 1081 soris
1615 1059 1714 1089 appa-

1012 1097 1098 1134 rent,
1111 1098 1311 1127 venenatum
1325 1097 1506 1135 producere
1522 1097 1619 1135 caput
1631 1105 1638 1125 :
1650 1097 1714 1127 nisi

1012 1142 1095 1172 forte
1111 1151 1191 1181 (11105
1211 1143 1362 1174 videmus
1387 1141 1561 1172 manifeste
1590 1142 1713 1180 aposta-

1013 1189 1080 1218 tare
1093 1196 1111 1217 a
1122 1189 1204 1226 Deo,
1219 1189 1358 1227 repente
1373 1187 1445 1217 fieri
1461 1187 1618 1225 pessimos
1628 1187 1714 1216 arbi-

1012 1234 1152 1271 tramur,
1169 1235 1202 1263 et
1229 1242 1295 1263 non
1320 1233 1423 1271 magis
1447 1232 1604 1270 paulatim
1625 1231 1713 1262 defe-

1011 1279 1093 1309 cisse
1103 1301 1112 1317 ,
1127 1287 1202 1308 cum
1219 1279 1421 1309 comederint
1435 1278 1536 1308 alieni
1550 1278 1648 1308 robur
1661 1286 1714 1307 eo-

1010 1332 1094 1361 rum,
1111 1325 1145 1354 et
1158 1325 1358 1354 nescierunt.

1051 1369 1081 1398 7.
1098 1369 1196 1399 Vides
1213 1378 1287 1407 ergo
1302 1377 1367 1398 non
1383 1368 1533 1398 omnibus
1549 1365 1713 1406 prodesse,

1010 1414 1095 1452 quod
1111 1423 1128 1444 a
1146 1415 1236 1453 lepra
1258 1415 1422 1445 saecularis
1441 1413 1713 1451 conversationis,

1010 1460 1100 1497 cujus
1128 1461 1262 1499 peccata
1286 1460 1457 1490 manifesta
1484 1460 1570 1496 sunt,
1599 1467 1713 1489 emun-

1011 1506 1129 1536 dantur
1146 1516 1153 1536 ε
1171 1507 1228 1536 sed
1243 1506 1410 1536 nonnulliS
1428 1505 1521 1544 pejus
1534 1505 1568 1534 in
1587 1505 1714 1534 occulto

1009 1552 1252 1589 ingratitudinis
1279 1553 1371 1582 ulcus
1397 1551 1488 1588 oriri,
1515 1550 1601 1588 quod
1624 1550 1714 1579 tanto

1009 1598 1223 1635 periculosius
1231 1599 1285 1634 sit,
1294 1598 1414 1637 quanto
1423 1597 1572 1626 interius.
1581 1596 1619 1625 Et
1630 1595 1712 1625 bene

1009 1644 1153 1674 Salvator
1168 1644 1244 1674 hinc
1261 1645 1297 1673 in
1312 1643 1486 1681 Evangelio
1502 1650 1620 1672 novem
1641 1641 1713 1671 illos

1009 1689 1065 1718 ubi
1081 1690 1156 1720 sunt
1171 1690 1298 1727 quaerit,
1315 1689 1467 1726 quoniam
1488 1688 1583 1725 longe
1603 1695 1620 1716 a
1636 1694 1712 1724 pec-

1009 1736 1171 1765 catoribus
1187 1736 1283 1765 salus.
1313 1734 1366 1764 Sic
1395 1734 1483 1763 enim
1510 1734 1543 1762 et
1570 1733 1711 1770 primum

1008 1781 1173 1810 hominem
1198 1781 1270 1818 post
1289 1779 1460 1817 peccatum
1474 1779 1531 1808 ubi
1547 1778 1589 1808 sit
1610 1778 1711 1807 inter-

1008 1827 1114 1863 rogat3
1129 1827 1161 1855 et
1176 1826 1209 1855 in
1220 1825 1343 1862 judicio
1358 1824 1484 1853 nescire
1497 1831 1566 1853 sese
1581 1822 1712 1860 profite-

1008 1872 1096 1902 bitur
1103 1871 1268 1910 operarios
1277 1870 1471 1908 iniquitatis,
1482 1877 1555 1898 cum
1567 1870 1711 1906 legamus

1007 1917 1042 1946 in
1066 1917 1189 1954 psalmo
1219 1925 1227 1944 :
1255 1916 1409 1954 Quoniam
1445 1916 1528 1943 norit
1560 1916 1712 1944 Dominus

1006 1964 1089 1992 viam
1099 1962 1276 1999 justorum,
1293 1962 1321 1990 et
1335 1962 1392 1990 iter
1407 1961 1570 1998 impiorum
1587 1960 1709 1998 peribit.

1006 2008 1069 2038 Nec
1094 2008 1163 2037 sine
1193 2014 1290 2036 causa
1316 2007 1350 2035 in
1374 2006 1552 2035 novenario
1584 2006 1708 2035 inventi

1007 2054 1099 2091 sunt,
1120 2053 1253 2091 quinon
1270 2052 1409 2081 redeunt
1432 2051 1471 2080 ad
1486 2051 1683 2080 Salvatorem
1701 2060 1708 2079 :

1007 2099 1041 2129 in
1068 2108 1131 2137 quo
1159 2098 1315 2128 nimitum
1341 2105 1476 2127 numero
1503 2097 1710 2135 quaternario

1007 2144 1176 2183 quinarius
1185 2143 1348 2182 jungitur,
1357 2143 1390 2172 et
1402 2142 1450 2172 est
1461 2150 1524 2171 non
1533 2142 1615 2172 bona
1626 2150 1710 2171 com-

1007 2190 1123 2221 mixtio
1139 2197 1300 2227 corporeae
1316 2187 1547 2224 sensualitatis,
1563 2188 1596 2217 et
1611 2195 1710 2217 evan-

1007 2236 1117 2273 gelicae
1126 2234 1319 2266 traditionis.
1333 2233 1424 2270 Quod
1440 2234 1515 2262 tunc
1527 2232 1598 2261 fieri
1614 2234 1707 2271 solet,

1007 2291 1081 2312 cum
1113 2281 1159 2311 516
1181 2281 1330 2310 volumus
1358 2278 1498 2317 quatuor
1526 2278 1708 2316 Evangeliis

1007 2327 1151 2364 obedire,
1166 2328 1203 2357 ut
1215 2327 1358 2364 quinque
1373 2325 1514 2363 corporis
1529 2332 1640 2354 sensus
1653 2333 1710 2363 pa-

1006 2374 1087 2403 riter
1103 2373 1266 2402 oblectare
1281 2371 1431 2400 velimus.

1045 2419 1075 2448 8.
1092 2418 1185 2447 Felix
1200 2418 1310 2446 autem
1325 2416 1543 2445 Samaritanus
1561 2415 1636 2452 ille,
1652 2415 1707 2452 qui

1006 2464 1155 2501 cognovit
1169 2472 1202 2493 se
1218 2462 1302 2491 nihil
1318 2462 1438 2491 babere
1463 2461 1547 2499 quod
1569 2469 1632 2490 non
1653 2468 1707 2489 ac-

1006 2510 1164 2547 cepisset:
1179 2507 1343 2538 etidcirco
1354 2508 1497 2537 servavit
1511 2505 1706 2543 depositum,

1006 2555 1123 2584 etcum
1137 2554 1311 2591 gratiarum
1329 2553 1455 2583 actione
1475 2551 1512 2581 ad
1533 2550 1705 2581 Dominum

1006 2601 1055 2629 est
1069 2599 1345 2636 1·eversus.Felix,
1361 2597 1417 2636 qui
1432 2596 1472 2626 ad
1483 2596 1607 2633 singula
1623 2596 1705 2625 dona

1006 2645 1117 2684 gra'iae
1133 2644 1217 2674 redit
1235 2644 1274 2674 ad
1292 2651 1384 2681 eum,
1409 2642 1441 2670 izi
1461 2650 1522 2680 (1110
1540 2641 1706 2680 6511116οκ
