1810 3073
297 231 359 262 258

297 286 364 325 est,
386 285 456 326 ipse
479 293 610 326 prorsus
625 284 774 316 extendit
789 284 822 314 et
842 283 997 313 condidit.

297 333 392 363 Istius
410 333 591 372 siquidem,
621 334 654 363 et
677 340 741 361 non
764 331 850 360 illius
865 330 920 358 illa
935 336 1000 357 vox

297 379 347 409 est
361 386 370 408 :
381 380 509 418 Quando
517 378 717 418 prceparabat
729 378 815 406 coelos
826 373 837 413 (
848 373 934 403 haud
943 373 1001 402 du-

295 422 387 453 bium
414 424 493 462 quin
523 424 609 453 Deus
633 420 747 461 Pater)
775 429 827 458 eqo
860 420 998 448 aderam.

295 468 413 498 Aderat
425 469 495 499 sine
509 468 606 498 dubio
622 465 815 506 praeparanti
832 465 928 494 coelos
944 471 1000 493 sua

296 513 418 553 virtus,
434 522 555 552 suaque
573 512 744 551 sapientIa.
760 512 823 540 Nec
836 512 931 548 putes
946 509 999 538 ad-

295 558 415 589 stitisse
428 561 561 589 otiosam
572 581 581 596 ,
595 560 628 588 et
636 558 725 595 quasi
736 556 775 586 ad
787 554 998 594 spectandum

295 605 513 641 solummodo,
540 604 616 641 quia
641 603 743 639 dixit,
771 603 914 638 aderam,
935 608 999 629 non

295 650 412 687 etiam⁷
426 650 657 688 praeparabam.
682 649 819 686 Respice
835 647 1000 686 paulisper

295 694 432 724 inferius
443 717 452 731 ‚
467 696 499 724 et
512 695 662 724 invenies
677 695 787 732 aperte
801 693 999 730 subjungen-

294 739 362 768 tem
372 762 380 775 ,
394 740 468 777 quia
477 749 561 769 eram
571 748 640 769 cum
651 748 683 768 eo
692 747 873 777 componens
881 739 996 767 omnia.

293 784 444 823 Denique
473 785 518 814 ait
541 794 548 814 ε
568 787 770 824 Qnoecumque
795 785 874 814 enim
905 785 999 813 Pater

297 829 386 868 facit,
401 831 464 860 liceo
479 833 506 859 et
519 832 614 860 Pilius
628 832 767 860 simililer
781 830 866 867 fucit.
877 829 912 858 Et
930 828 998 865 ipse

295 874 406 913 itaque
439 876 590 905 extendit
613 876 732 904 coelum
754 875 838 905 sicut
865 874 995 912 pellem.

294 920 517 949 Pulcherrima
557 920 670 957 pellis,
697 929 769 957 quae
798 921 833 948 in
867 919 998 948 modum

293 965 401 1002 magni
441 963 611 1000 cujusdam
652 965 786 994 tentorii
813 965 998 993 universam

293 1010 444 1047 operiens
472 1011 589 1039 faciem
624 1011 738 1047 terrae,
769 1011 862 1047 solis,
893 1010 997 1045 lunae,

292 1056 389 1092 atque
403 1055 569 1084 stellarum
580 1055 739 1084 varietate
751 1056 816 1085 tam
829 1054 998 1092 spectabili

293 1099 450 1130 humanos
481 1101 622 1130 oblectat
647 1102 808 1138 aspectus.
836 1100 919 1137 Quid
938 1100 997 1129 hac

292 1147 379 1183 pelle
407 1146 598 1176 formosius?
625 1147 704 1184 quid
727 1147 871 1176 ornatius
900 1145 1000 1175 coelo?

293 1191 425 1220 Minime
438 1193 546 1221 tamen
563 1192 614 1221 vel
627 1191 733 1229 ipsum
750 1192 910 1220 ullatenus
923 1198 999 1220 con-

293 1235 465 1265 ferendum
488 1237 596 1275 gioriae
620 1239 653 1267 et
676 1237 784 1267 decori
802 1246 943 1275 sponsae,
960 1246 998 1267 eo

293 1281 362 1319 ipso
375 1283 607 1321 succumbens,
624 1283 709 1321 quod
721 1283 866 1321 praeterit
883 1284 915 1313 et
930 1284 998 1313 haec

292 1326 394 1364 figura
419 1328 540 1366 ipsius,
564 1330 674 1367 utpote
691 1337 863 1366 corporea,
881 1330 913 1359 et
929 1337 999 1358 cor-

293 1373 402 1411 poreis
418 1374 587 1410 subjacens
603 1375 762 1404 sensibus.
775 1376 847 1413 Quce
859 1376 940 1404 enim
956 1376 998 1405 υί-

294 1419 416 1455 denlur,
434 1421 615 1458 temporalia
627 1422 715 1450 sunt:
730 1429 797 1458 (μαῖ’
813 1422 915 1450 (tutem
936 1429 998 1450 ‘non

294 1465 455 1502 videntur,
472 1468 599 1494 oelerna.

332 1509 363 1538 5.
379 1509 442 1538 Sed
468 1511 516 1539 est
531 1510 699 1539 rationalis
713 1510 861 1548 quaedam
874 1518 998 1547 sponsae

291 1555 436 1593 species,
453 1556 486 1584 et
501 1555 676 1593 spiritualis
704 1556 847 1594 effigies3
865 1556 997 1594 ipsaque

293 1601 431 1638 aeterna,
448 1601 523 1638 quia
550 1602 653 1639 imago
670 1602 873 1631 aeternitatis.
896 1603 999 1632 Decor

293 1644 362 1681 ejus
371 1667 380 1682 ,
394 1646 486 1675 verbi
499 1647 599 1683 gratia
611 1669 620 1684 ‚
637 1647 751 1676 caritas
762 1649 809 1676 est
820 1669 827 1684 ‚
837 1649 996 1684 eccm-itas,

292 1690 378 1720 sicut
393 1691 500 1728 legitis
509 1714 518 1729 ‚
530 1701 698 1730 numquam
712 1694 834 1722 excidii.
844 1694 900 1734 Est?
911 1695 997 1723 certe

292 1736 326 1765 et
338 1736 482 1774 justitia;
493 1738 525 1766 et
535 1738 658 1775 justitia
668 1739 749 1775 ejus,
761 1738 865 1776 inquit
876 1761 885 1776 ,
896 1742 998 1768 mane!

291 1782 323 1811 in
345 1784 488 1812 saeculum
509 1784 623 1813 soecitle'.
640 1785 691 1812 Est
707 1784 804 1813 etiam
821 1785 996 1822 patientiag

293 1827 327 1857 et
350 1829 458 1865 legitis
487 1829 718 1867 nihilominus,
745 1829 820 1868 quia
847 1833 996 1868 patientia

291 1882 460 1911 pauperum
478 1884 537 1903 non
546 1874 656 1913 peribit
675 1877 706 1905 in
719 1876 824 1912 finem.
841 1876 926 1912 Quid
942 1886 998 1906 vo-

293 1919 433 1948 luntaria
467 1920 665 1958 paupertas?
695 1921 774 1959 quid
812 1922 998 1952 humilitas?

291 1963 402 1993 Nonne
429 1965 530 1993 altera
552 1973 688 2003 regnum
704 1967 880 2004 aeternum,
897 1967 997 1997 altera

293 2017 385 2047 aeque
411 2011 646 2040 exaltationem
673 2013 877 2049 promeretur
904 2014 997 2043 aeter-

292 2054 388 2083 nam?
401 2056 443 2084 Eo
461 2064 588 2094 quoque
611 2058 753 2094 spectat,
777 2059 809 2086 et
832 2059 924 2088 timor
936 2061 998 2089 Do-

292 2100 372 2129 mini
389 2103 513 2130 sanctus
530 2111 713 2139 permanens
735 2103 921 2132 insta-ulum
941 2113 998 2134 sce-

292 2145 363 2173 culi.
381 2145 433 2174 Sic
448 2145 694 2184 prudentia‚sic
710 2147 937 2186 temperantia,
953 2150 997 2178 sic

293 2187 464 2229 fortitudo,
482 2193 515 2221 et
539 2192 565 2221 si
582 2201 652 2230 quae
667 2194 743 2222 sunt
756 2193 893 2222 virtutes
907 2194 978 2224 aliae
989 2217 997 2231 2

293 2234 372 2271 quid
389 2235 450 2264 nisi
475 2237 655 2273 margaritae
685 2239 760 2267 sunt
791 2238 937 2276 quaedam
965 2239 999 2268 in

293 2288 417 2318 sponsae
438 2283 553 2311 ornatu
564 2304 573 2319 ,
590 2283 761 2320 splendore
774 2285 932 2321 perpetuo
947 2293 1000 2314 co-

293 2327 478 2356 ruscantes?
497 2328 655 2365 Perpetuo
666 2350 674 2366 ‚
692 2328 843 2366 inquam,
859 2330 933 2367 quia
949 2339 1000 2360 se-

294 2371 350 2401 des
366 2373 398 2401 et
411 2371 655 2402 fundamentum
680 2374 920 2411 perpetuitatis.
936 2376 999 2405 Nee

295 2417 383 2446 enim
404 2418 571 2455 perpetuae
586 2418 756 2457 beataeque
779 2419 854 2450 vitae
870 2421 999 2451 omnino

294 2462 382 2492 locus
397 2463 430 2492 in
445 2463 552 2492 anima
570 2465 634 2501 est,
651 2465 714 2494 nisi
731 2465 849 2495 mediis
869 2467 999 2505 quidem

296 2508 541 2547 interjectisque
577 2511 766 2540 virtutibus.
799 2511 890 2541 Unde
923 2514 1000 2543 Pro-

294 2553 394 2592 pheta
415 2554 500 2593 Deo,
518 2555 573 2593 qui
599 2556 711 2594 utique
727 2556 796 2586 vita
822 2558 916 2588 beata
932 2560 998 2597 est,

291 2598 430 2636 iustitia,
456 2599 581 2638 inquit,
606 2600 795 2638 etjudicium
810 2606 999 2642 proeparatio

295 2644 371 2675 scriis
392 2646 461 2675 tttoe.
489 2645 526 2676 Et
546 2646 712 2685 Apostolus
740 2647 819 2678 dicit
845 2649 999 2680 Christum

772 222 1060 258 sesamum
1087 227 1281 257 Ananis

1034 282 1191 319 habitare,
1214 291 1279 313 non
1295 282 1383 313 omni
1398 283 1491 314 modo
1513 284 1660 323 quidem,
1675 283 1731 316 sed

1034 326 1199 363 signanter
1222 338 1278 366 per
1289 330 1377 366 fidem
1395 331 1428 359 in
1451 331 1590 360 cordibus
1609 333 1729 368 nostris.

1034 371 1170 401 Domino
1186 381 1312 411 quoque
1327 382 1450 404 sessuro
1465 383 1562 412 super
1584 375 1730 412 asellum,

1034 417 1140 447 vestes
1178 426 1251 448 suas
1277 418 1425 457 discipuli
1465 421 1728 451 substraverunt:

1033 463 1246 500 significantes
1275 465 1473 496 Salvatorem
1501 475 1559 496 seu
1594 467 1729 497 salutern

1034 517 1234 547 nequaquam
1242 510 1382 540 insidere
1391 511 1484 542 nudae
1494 512 1608 541 animae
1619 533 1628 548 ‚
1637 520 1730 550 quam

1033 562 1095 583 non
1122 555 1277 585 videlicet
1302 557 1453 586 vestitam
1480 557 1643 587 invenerit
1657 557 1732 588 doc-

1035 599 1117 629 trina
1140 601 1172 631 et
1200 601 1344 631 moribus
1361 603 1593 640 Apostolorum.
1609 603 1646 632 Et
1660 602 1733 632 ideo

1034 646 1171 675 Ecclesia
1200 648 1445 684 promissionem
1470 648 1592 678 habeus
1617 648 1732 679 futurae

1034 690 1216 729 felicitatis,
1239 694 1330 722 curat
1353 693 1486 723 interim
1505 702 1684 732 praeparare
1699 693 1732 723 et

1033 744 1211 772 praeornare
1228 746 1262 767 se
1288 738 1322 767 in
1344 740 1465 769 vestitu
1482 739 1653 776 deauram,
1669 738 1732 769 cir-

1032 782 1178 811 cumdata
1191 784 1349 814 varietate
1366 785 1540 822 gratiarum
1558 786 1654 823 atque
1669 785 1733 815 vir-

1033 828 1135 857 tutum
1147 851 1155 866 ,
1170 838 1231 866 quo
1244 829 1340 867 digna
1353 832 1385 860 et
1402 839 1504 869 capax
1518 831 1733 869 plenitudinis

1032 873 1140 909 gratiae
1154 874 1348 905 inveniatur.
1566 890 1576 894 -

1070 918 1100 947 [ι.
1110 919 1265 949 Caeterum
1278 921 1438 958 spirituali
1449 921 1524 951 huic
1534 921 1600 952 tam
1611 921 1733 960 pulcrae

1033 964 1199 1002 varietati.
1215 974 1312 1003 quam
1328 966 1367 996 de
1383 967 1488 1005 prima
1503 968 1635 997 interim
1651 968 1732 998 stola

1033 1009 1064 1037 in
1095 1010 1233 1046 quadam
1260 1012 1351 1041 veste
1377 1020 1442 1041 suae
1469 1012 1733 1042 sanctificationis

1032 1055 1173 1092 accepit,
1191 1056 1280 1085 nullo
1295 1057 1388 1093 pacto
1404 1065 1462 1093 ego
1479 1057 1732 1094 comparaverim
1779 1080 1782 1082 .

1034 1099 1064 1127 in
1080 1099 1194 1129 decore
1210 1101 1325 1130 coelum
1338 1102 1398 1131 hoc
1410 1102 1540 1132 visibile
1554 1103 1650 1140 atque
1663 1111 1732 1133 cor-

1034 1153 1162 1181 poreum
1173 1167 1182 1182 ‚
1198 1147 1346 1183 quamvis
1356 1148 1389 1177 in
1404 1156 1460 1177 suo
1473 1156 1591 1186 genere
1603 1149 1731 1186 quidem

1033 1190 1156 1220 siderea
1168 1191 1326 1222 varietate
1336 1194 1602 1229 pulcherrimum.
1615 1195 1675 1224 Sed
1683 1196 1731 1226 est

1032 1237 1149 1265 coelum
1163 1237 1236 1266 coeli
1246 1259 1255 1273 ,
1269 1237 1308 1267 de
1323 1247 1384 1276 quo
1396 1240 1574 1276 Propheta:
1587 1241 1729 1279 PsalHte,

1032 1282 1136 1319 inquit
1144 1304 1153 1318 ‚
1161 1284 1295 1313 Domino
1304 1306 1313 1318 ‚
1323 1285 1375 1322 qui
1386 1286 1519 1314 ascendit
1530 1286 1731 1323 supercoelum

1031 1328 1096 1357 coeli
1119 1329 1159 1357 ad
1188 1329 1351 1359 Orientem.
1370 1330 1406 1358 Et
1428 1330 1486 1359 hoc
1505 1331 1620 1360 coelum
1636 1332 1731 1362 intel-

1032 1373 1168 1403 lectuale
1197 1382 1233 1403 ac
1250 1375 1418 1411 spirituale
1434 1384 1442 1403 :
1459 1376 1492 1405 et
1507 1376 1562 1414 qui
1580 1375 1659 1407 fecit
1669 1386 1731 1407 οω-

1033 1419 1076 1447 los
1092 1419 1123 1447 in
1134 1419 1322 1458 intellectu,
1340 1421 1464 1450 creavit
1479 1421 1560 1451 illud
1572 1423 1604 1451 et
1619 1423 1732 1454 statuit

1033 1464 1062 1492 in
1084 1465 1317 1501 sempiternum
1330 1488 1339 1503 ‚
1366 1467 1536 1505 ipsumque
1559 1468 1729 1500 inhabitat.

1031 1510 1074 1538 Ne
1090 1518 1166 1539 vero
1183 1512 1278 1547 putes
1293 1520 1417 1549 sponsae
1433 1512 1639 1543 devotionem
1654 1515 1731 1545 citra

1032 1555 1110 1583 illud
1126 1563 1294 1585 remanere
1308 1558 1423 1586 coelum
1435 1580 1443 1594 ‚
1457 1557 1489 1586 in
1505 1567 1568 1595 quo
1583 1559 1625 1588 sit
1641 1558 1733 1590 habi—

1032 1603 1098 1630 tare
1112 1601 1284 1631 dilectum:
1299 1603 1353 1631 ubi
1366 1603 1451 1631 enim
1467 1603 1638 1634 thesaurus
1650 1606 1730 1644 ejus,

1032 1647 1075 1676 ibi
1092 1648 1124 1677 et
1139 1656 1192 1676 coi·
1205 1648 1285 1684 ejus.
1298 1649 1477 1678 AEmulatur
1491 1657 1567 1678 sane
1583 1652 1733 1681 assisten-

1033 1694 1078 1722 tes
1092 1694 1197 1722 vultui
1221 1693 1261 1722 ad
1276 1702 1370 1731 quem
1393 1695 1552 1731 suspirat:
1571 1696 1603 1725 et
1615 1697 1732 1734 quibus

1030 1746 1063 1767 se
1080 1738 1211 1767 iuterim
1222 1746 1284 1767 non
1301 1740 1389 1768 valet
1403 1739 1541 1769 videndo
1554 1741 1728 1779 associare,

1031 1783 1136 1812 studet
1169 1783 1368 1812 conformare
1403 1784 1543 1814 vivendo
1553 1806 1562 1822 ‚
1592 1786 1731 1816 moribus

1031 1829 1147 1866 magis,
1163 1837 1257 1866 quam
1276 1828 1409 1858 vocibus
1423 1830 1729 1868 clamansmomine,

1030 1874 1123 1903 dilexi
1138 1875 1275 1903 decorem
1291 1875 1397 1904 domus
1424 1876 1484 1904 tuoe
1495 1895 1506 1912 ,
1522 1877 1549 1905 et
1563 1876 1660 1906 Iocum
1674 1877 1730 1907 ,ἰα-

1031 1919 1184 1949 hilarionis
1200 1920 1303 1957 qloriae
1317 1922 1387 1949 tuae.

1069 1964 1098 1995 5.
1113 1967 1244 1994 Prorsus
1253 1965 1293 1995 de
1306 1966 1365 1995 hoc
1374 1966 1453 1995 coelo
1466 1967 1598 1996 minime
1612 1967 1672 1996 sibi
1682 1968 1731 1997 in-

1029 2011 1161 2050 dignum
1172 2011 1260 2041 (lucit
1270 2012 1388 2042 ducere
1397 2012 1655 2042 similitudinem.
1663 2013 1730 2044 Hoc

1030 2058 1197 2087 extentum
1214 2058 1296 2086 sicut
1309 2057 1404 2094 pellis
1415 2079 1423 2095 ,
1433 2066 1496 2086 non
1505 2057 1616 2095 spatiis
1624 2058 1730 2088 tamen

1031 2104 1190 2139 locorum,
1207 2103 1437 2133 sedaffectibus
1456 2104 1655 2142 animorum3
1672 2104 1730 2133 hoc

1031 2148 1119 2177 miris
1134 2148 1296 2185 variisque
1311 2148 1441 2177 artificis
1455 2147 1644 2177 distinctum
1654 2156 1731 2186 ope-

1032 2193 1322 2222 ribus.Divisiones
1338 2195 1446 2222 autem
1461 2194 1548 2230 sunt,
1559 2202 1624 2223 non
1639 2194 1732 2223 coelo-

1031 2247 1118 2276 rum,
1132 2238 1188 2267 sed
1200 2238 1450 2268 beatitudinum.
1466 2239 1544 2267 Nam
1561 2239 1640 2268 alios
1659 2239 1731 2277 qui-

1031 2284 1104 2313 dem
1114 2283 1381 2321 posuitAngelos,
1391 2284 1469 2313 alios
1477 2285 1585 2313 autem
1593 2284 1730 2314 Archan-

1031 2330 1116 2367 gelos
1127 2350 1135 2366 ,
1145 2329 1224 2358 alios
1239 2337 1316 2358 vero
1325 2329 1469 2359 Virtutes
1479 2351 1488 2367 ,
1496 2329 1575 2359 alios
1583 2330 1729 2359 Domina-

1033 2375 1153 2412 tiones,
1169 2375 1249 2404 alios
1262 2374 1481 2413 Principatus,
1497 2375 1577 2404 alios
1590 2376 1729 2405 Potesta-

1033 2421 1099 2457 tes,
1112 2421 1191 2450 alios
1206 2421 1367 2458 Thronos,
1391 2421 1471 2450 alios
1487 2420 1669 2457 Cherubin,
1684 2421 1730 2450 at-

1033 2475 1093 2504 que
1104 2466 1183 2497 alios
1195 2466 1365 2504 Seraphin.
1375 2466 1427 2496 Sic
1438 2466 1601 2496 stellatum
1614 2466 1729 2495 coelum

1033 2513 1109 2550 hoc3
1141 2513 1188 2543 sic
1215 2512 1343 2550 depicta
1369 2513 1438 2543 haee
1452 2512 1558 2552 pellis.
1580 2513 1652 2540 Haec
1667 2520 1729 2541 una

1034 2558 1072 2588 de
1087 2558 1229 2597 pellibus
1243 2558 1308 2588 mei
1323 2558 1517 2595 Salomonis,
1527 2557 1632 2595 ethaeo
1647 2564 1729 2593 prae-

1035 2605 1129 2642 cipua
1143 2604 1176 2633 in
1189 2604 1399 2634 omniornatu
1412 2600 1728 2639 multiformisgloriae

1035 2651 1116 2687 cjiis.
1145 2649 1249 2680 Habet
1274 2650 1380 2681 autem
1406 2647 1531 2689 grandis
1556 2647 1615 2677 ista
1635 2646 1729 2685 pellis
