1810 3073
507 204 552 231 ΙΝ
575 199 773 231 CANTICA
794 199 943 227 SERMO
968 200 1094 229 XXVI.

87 263 240 302 plangere
255 260 395 293 mortuos
406 265 495 288 suos:
508 255 620 287 fletum
633 254 783 290 multum,

85 311 119 338 et
131 308 271 338 fructum
282 305 420 337 nullum.
433 304 499 332 Non
513 303 680 339 culpamus
692 300 785 330 affec-

85 356 173 392 tum,
198 353 262 383 nisi
288 357 361 381 cum
388 347 519 378 excedit
548 346 680 376 modum
694 353 703 382 ς
729 344 785 374 sed

87 406 228 428 causam.
255 396 313 425 Ille
339 393 495 424 nimirum
517 392 641 422 naturae
664 391 731 428 est,
753 390 785 419 et

86 444 154 479 ejus
163 441 302 472 turbatio
314 448 407 478 poena
420 438 562 477 peccati:
576 437 646 466 haec
660 435 785 466 vanitas

86 488 120 517 ct
133 488 314 525 peccatum.
331 484 459 515 Etenim
473 484 519 513 ibi
536 483 601 513 sola
615 479 627 520 (
642 481 704 510 nisi
728 480 784 509 fal-

85 533 134 562 lor
158 530 169 572 )
198 532 364 570 plorantur
389 530 504 559 damna
529 529 639 566 gloriae
662 525 783 562 carnis,

84 577 159 608 vitae
174 577 343 616 praesentis
361 574 574 605 incommoda.
588 575 625 603 Et
637 573 784 612 plorandi

83 623 140 661 qui
157 624 201 653 ita
216 623 353 661 plorant.
370 620 529 658 Numquid
540 628 597 657 ego
612 619 786 650 5162811111-

83 668 123 698 lis
139 669 218 698 mihi
235 669 387 705 affectus,
404 667 460 696 sed
475 666 577 696 altera
592 673 705 702 causa,
720 664 786 695 dis-

85 714 264 752 similisque
300 712 450 743 intentio.
477 711 571 741 Nulla
601 711 683 740 mihi
707 718 784 741 sane

83 759 217 796 querela
232 759 271 789 de
297 758 445 788 omnibus
459 765 530 795 quae
556 756 632 787 sunt
658 757 783 786 mundi.

83 804 119 833 In
134 805 184 834 his
199 804 343 842 profecto
368 812 439 841 quae
462 803 536 832 sunt
555 802 633 839 Dei,
650 803 785 841 ademp-

82 850 152 878 tum
165 848 257 878 doleo
268 848 361 877 fidele
372 847 545 884 auxilium,
559 847 698 877 salutare
709 856 785 877 con-

80 894 201 924 silium.
219 894 391 923 Girardum
417 894 535 930 lugeo:
559 893 715 922 Girardus
737 894 786 923 est

83 939 121 968 in
145 946 238 968 causa
251 960 261 977 ,
284 938 387 969 frater
409 946 525 976 carne,
545 937 600 968 sed
616 938 785 976 proximus

82 984 216 1022 spiritu,
232 984 339 1014 socius
356 983 531 1022 proposito.

122 1029 152 1059 9.
170 1030 312 1059 Adhaesit
330 1029 436 1058 anima
449 1037 521 1058 mea
533 1028 648 1058 animae
674 1028 784 1066 illius;

82 1074 219 1104 ctunam
230 1074 308 1104 fecit
323 1074 363 1103 de
376 1074 512 1110 duabus,
526 1082 590 1103 non
599 1074 786 1111 consangui-

84 1120 191 1157 nitas,
214 1120 271 1150 sed
292 1120 499 1149 unanimitas.
521 1120 631 1149 Carnis
653 1120 783 1157 quidem

82 1165 287 1194 necessitudo
302 1173 368 1194 non
383 1164 507 1194 defuit:
524 1165 579 1194 sed
590 1165 663 1202 plus
676 1165 785 1201 junxit

82 1210 219 1239 societas
235 1209 370 1247 spiritus
381 1229 389 1244 ‚
406 1216 578 1237 consensus
590 1209 783 1245 animorum,

81 1262 208 1284 morum
222 1254 441 1283 conformitas.
458 1253 536 1282 Cum
552 1262 627 1290 ergo
644 1261 784 1284 essemus

83 1308 136 1330 cor
155 1308 256 1329 unum
280 1301 314 1328 et
339 1299 445 1328 anima
461 1306 544 1336 una,
572 1298 654 1328 hane
678 1307 782 1328 meam

81 1346 203 1383 pariter
219 1346 316 1384 atque
339 1344 440 1382 ipsius
455 1344 595 1373 animam
607 1344 784 1381 pertransi—

82 1392 131 1420 vit
154 1391 298 1430 gladius,
314 1392 349 1420 et
372 1390 540 1426 scindens,
556 1389 698 1419 mediam
713 1398 782 1428 par-

81 1439 149 1466 tem
175 1437 294 1466 locavit
309 1437 343 1465 in
366 1436 465 1472 coelo,
481 1435 608 1472 partem
632 1435 667 1464 in
692 1443 783 1464 coeno

83 1483 239 1513 deseruit.
252 1484 332 1521 Ego,
347 1490 404 1519 ego
419 1481 474 1511 illa
489 1481 594 1518 portio
615 1480 734 1510 misera
749 1481 780 1510 in

82 1528 150 1558 luto
163 1527 440 1565 Jacens,truncata
455 1528 547 1565 parte
564 1527 634 1564 sui,
649 1526 681 1556 et
692 1528 780 1565 parte

82 1574 222 1612 potiori3
248 1575 282 1603 et
305 1573 426 1602 dicitur
448 1573 548 1610 mihi,
564 1573 608 1602 Ne
625 1572 783 1602 fleveris?

83 1620 199 1649 Avulsa
219 1619 293 1649 sunt
308 1619 434 1648 viscera
447 1626 519 1647 mea
532 1627 549 1647 a
564 1627 635 1656 me;
652 1618 686 1648 et
701 1619 783 1648 11161-

82 1666 135 1694 tur
160 1665 242 1694 mihi
253 1687 262 1702 ,
276 1665 323 1694 Ne
343 1663 507 1693 senseris?
522 1663 651 1700 Sentio,
679 1664 781 1694 sentio

82 1709 136 1738 vel
160 1709 281 1739 invitus
299 1730 308 1746 ,
336 1708 411 1746 quia
435 1716 495 1737 nec
521 1707 675 1737 fortitudo
704 1708 782 1746 lapi-

82 1755 159 1784 dum
176 1754 330 1784 fortitudo
341 1761 414 1783 mea
424 1775 434 1790 ,
444 1761 505 1782 nec
521 1761 594 1782 caro
608 1761 680 1782 mea
695 1762 781 1783 aenea

83 1803 152 1830 cst:
170 1801 275 1830 sentio
292 1808 423 1838 prorsus
445 1799 478 1828 et
502 1799 615 1836 doleo,
638 1799 671 1829 61
696 1800 783 1829 dolor

82 1854 175 1875 meus
195 1847 228 1875 in
253 1846 428 1884 conspectu
455 1853 528 1874 11160
552 1853 691 1883 semper.
716 1847 782 1875 Non

83 1900 159 1922 sane
169 1900 226 1922 nos
238 1892 358 1930 poterit
369 1891 499 1921 duritiae
510 1892 542 1920 et
554 1891 781 1921 insensibilita-

81 1938 124 1966 tis
139 1945 273 1975 arguere
290 1937 345 1966 ille
360 1936 416 1974 qui
432 1936 583 1965 verberat
600 1958 609 1973 ,
624 1937 782 1973 quomodo

81 1983 171 2020 11105,
185 1983 224 2012 de
236 1982 353 2020 1111111115
368 1982 413 2011 311
429 1989 437 2010 :
455 1983 667 2018 Percussieos,
680 1984 707 2012 et
721 1991 780 2012 non

83 2029 257 2058 doluerunt.
286 2028 442 2057 Arrectum
474 2035 585 2056 meum
618 2027 781 2057 confessus

82 2081 164 2111 511111,
174 2074 206 2102 61
217 2081 280 2102 11011
293 2073 420 2111 negavi.
431 2072 595 2101 Carnalem
607 2073 679 2110 quis
692 2072 782 2103 dixe-

83 2119 127 2149 rit
143 2128 150 2147 :
168 2127 225 2156 ego
242 2119 418 2148 humanum
433 2125 497 2147 11011
513 2126 610 2156 nego,
623 2117 708 2148 sicut
721 2126 780 2148 1166

82 2173 134 2194 1116
157 2165 334 2194 hominem.
351 2163 384 2193 Si
404 2171 464 2193 nec
485 2163 545 2193 hoc
561 2163 698 2201 sufficit,
720 2172 780 2194 nec

83 2211 242 2240 carnalem
255 2210 452 2248 negaverim.
465 2210 544 2239 Nam
556 2210 589 2239 et
600 2217 658 2248 ego
671 2217 781 2240 carna-

81 2257 211 2294 lissum,
220 2257 434 2286 venumdatus
446 2256 506 2285 sub
519 2257 665 2294 11666310,
674 2256 779 2286 3111116-

81 2304 134 2331 tus
148 2302 263 2339 morti,
277 2302 383 2339 poenis
397 2303 431 2332 et
444 2303 597 2332 aerumnis
609 2303 777 2334 obnoxius.

82 2347 151 2377 Non
162 2355 232 2376 sum
242 2369 250 2384 ,
267 2347 379 2384 fateor,
395 2347 594 2377 insensibilis
605 2347 645 2377 ad
655 2357 778 2387 poenas,

83 2393 218 2422 mortem
233 2393 347 2422 horreo
363 2400 467 2421 meam
479 2393 511 2422 61
525 2401 682 2423 meorum.
692 2394 780 2425 Meus

82 2437 236 2467 eirardus
247 2438 327 2474 erat,
336 2445 427 2466 meus
439 2437 545 2475 plane.
554 2439 665 2467 Annon
674 2446 778 2477 meus,

83 2483 138 2521 qui
168 2482 267 2512 frater
294 2482 447 2520 sanguine
476 2482 556 2521 fuit,
581 2483 779 2521 professione

84 2528 166 2558 lilius
177 2550 186 2566 ‚
201 2528 419 2558 sollicitudine
440 2528 549 2566 pater,
565 2537 692 2559 consors
713 2531 779 2568 spi-

84 2573 147 2602 ritu
157 2595 165 2610 ‚
180 2573 314 2603 intimus
328 2573 445 2603 affectu
459 2573 471 2602 ἓ
485 2574 514 2603 Is
528 2575 664 2606 recessit
674 2583 692 2606 3
704 2584 776 2607 me:

85 2619 188 2649 sentio
222 2619 314 2650 lausus
329 2628 418 2657 sum,
436 2621 465 2650 et
483 2620 635 2658 graviter.

1463 204 1525 234 253

858 252 908 282 10.
926 253 1103 290 Ignoscite,
1116 252 1195 283 filii:
1212 253 1310 284 immo
1327 255 1354 286 si
1372 255 1430 286 filii
1445 279 1454 295 ,
1469 258 1521 288 vi-

818 307 888 328 cem
904 298 1010 328 dolete
1026 299 1207 336 paternam.
1223 299 1421 331 Miseremini
1437 303 1520 339 mei,

817 343 1018 372 miseremini
1027 343 1092 372 mei
1104 365 1113 380 ,
1129 344 1245 372 saltem
1262 351 1319 373 vos
1331 345 1427 374 amici
1442 347 1520 383 mei,

817 388 873 426 qui
899 388 989 418 certe
1018 388 1247 426 consideratis,
1276 397 1372 426 quam
1406 391 1517 426 gravia

817 442 872 471 pro
897 434 1041 472 peccatis
1066 434 1178 472 recepi
1194 434 1234 463 de
1255 442 1355 463 manu
1377 434 1519 463 Domini.

816 480 851 509 ln
859 480 950 517 virga
965 479 1195 518 indignationis
1212 488 1277 509 suae
1286 478 1444 517 percussit
1455 487 1521 515 1116,

816 526 911 562 digne
927 534 983 564 pro
1000 526 1145 562 meritis,
1159 525 1241 555 dure
1256 533 1314 563 pro
1323 524 1459 554 viribus.
1473 523 1521 553 An

817 572 888 600 leve
908 571 981 609 quis
993 571 1115 600 dixerit
1130 571 1244 600 vivere
1260 578 1313 599 me
1330 569 1450 606 absque
1465 568 1523 597 Gi-

816 617 926 655 131110,
942 616 1005 646 11151
1031 617 1086 655 (1111
1100 616 1225 655 ignorat
1243 615 1322 654 quid
1347 614 1429 644 mihi
1446 621 1520 643 eum

816 663 948 692 Girardo
961 663 974 692 ἓ
993 664 1056 692 Ν66
1072 663 1182 692 13111611
1198 660 1383 691 contradico
1398 667 1520 689 sermo-

816 709 910 738 nibus
918 708 1026 738 Sancti
1041 716 1118 738 :nec
1129 707 1334 746 reprehendo
1344 704 1521 743 judicium,

816 762 878 791 quo
894 753 1165 791 recepitquisque
1182 760 1245 790 quo
1258 752 1374 790 dignus
1390 751 1451 788 est,
1463 750 1522 780 ille

815 807 964 829 coronam
979 807 1075 837 qnam
1091 798 1224 836 meruit,
1238 806 1295 836 ego
1309 805 1406 836 quam
1419 795 1520 826 debui

816 853 956 883 poenam.
972 845 1134 883 Numquid
1149 845 1226 882 quia
1248 843 1352 873 sentio
1366 850 1496 881 poenam
1509 863 1520 879 ‚

816 891 1018 928 reprehendo
1037 889 1255 920 sententiam?
1270 890 1455 918 Humanum
1468 887 1517 917 est

816 935 898 965 illud
910 957 919 973 ,
936 936 996 965 hoc
1005 936 1153 974 impium.
1164 936 1361 971 Humanum,
1374 934 1520 971 inquam,

817 981 850 1010 et
864 990 997 1011 11666556
1012 981 1097 1011 attici
1112 989 1188 1019 erga
1201 989 1311 1018 caros,
1327 980 1396 1010 sive
1412 979 1522 1008 delec—

817 1027 960 1057 tabiliter
987 1036 1060 1057 cum
1088 1027 1203 1065 praesto
1229 1026 1323 1063 sunt,
1351 1024 1419 1054 sive
1446 1032 1520 1054 611111

816 1073 932 1103 absunt
941 1072 1106 1110 ,moleste
1122 1073 1190 1101 Non
1206 1072 1270 1102 erit
1281 1071 1382 1101 otiosa
1394 1069 1521 1099 socialis

817 1118 1036 1155 conversatio,
1052 1118 1234 1155 praesertim
1259 1117 1349 1146 inter
1376 1115 1519 1145 amicos:

817 1163 939 1201 etquid
958 1163 1104 1193 effecerit
1127 1163 1259 1192 mutuus
1284 1169 1373 1191 amor
1399 1161 1433 1190 in
1459 1160 1520 1190 sibi

816 1208 1029 1246 praesentibus
1042 1229 1051 1245 ,
1067 1208 1180 1238 horror
1195 1208 1318 1237 indicat
1342 1206 1520 1244 separatio-

815 1253 883 1291 nis3
902 1254 935 1283 et
952 1253 1042 1283 dolor
1060 1253 1100 1283 de
1117 1253 1259 1283 invicem
1275 1251 1443 1290 separatis.
1456 1251 1521 1280 Do-

815 1299 866 1329 leo
889 1307 988 1337 super
1011 1299 1062 1337 te,
1088 1298 1222 1328 Girarde
1247 1298 1432 1333 carissime,
1454 1304 1518 1325 non

815 1345 890 1382 quia
901 1345 1058 1374 dolendus
1067 1366 1076 1381 ,
1089 1344 1145 1373 sed
1156 1344 1233 1382 quia
1245 1343 1383 1372 ablatus.
1396 1342 1433 1371 Et
1446 1341 1518 1370 ideo

816 1390 957 1420 fortassis
980 1390 1156 1420 dolendum
1179 1388 1262 1418 mihi
1286 1388 1394 1426 potius
1423 1394 1521 1424 super

815 1444 886 1474 me,
902 1437 957 1474 qui
974 1437 1050 1465 bibo
1074 1436 1211 1465 calicem
1227 1432 1466 1463 amaritudinis.
1482 1433 1520 1462 Et

815 1481 900 1511 solus
925 1481 1101 1518 dolendus,
1125 1480 1202 1518 quia
1224 1480 1312 1509 solus
1336 1479 1432 1508 bibo:
1455 1485 1518 1507 non

815 1527 903 1556 enim
916 1528 949 1557 et
964 1528 1012 1556 tu.
1030 1527 1123 1556 Solus
1134 1534 1193 1563 ego
1202 1526 1308 1563 patior
1316 1524 1401 1563 quod
1416 1525 1519 1554 solent

815 1572 937 1609 pariter
961 1572 1028 1610 pati
1051 1572 1108 1610 11111
1134 1579 1168 1602 56
1191 1571 1355 1609 diligunt,
1380 1579 1453 1600 cum
1484 1578 1517 1601 56

815 1618 981 1647 amittunt.

857 1663 907 1692 11.
938 1663 1067 1692 Utinam
1092 1670 1157 1692 non
1183 1662 1217 1692 te
1246 1661 1430 1698 amiserim,
1459 1661 1518 1691 sed

815 1708 1028 1746 praemiserim
1046 1708 1053 1737 !
1083 1708 1209 1737 utinam
1240 1708 1295 1737 vel
1330 1707 1421 1736 tarde
1458 1707 1519 1736 ali-

815 1753 942 1792 quando
956 1762 1071 1791 sequar
1082 1754 1113 1783 16
1127 1761 1333 1791 quocumque
1347 1752 1440 1782 ieris!
1451 1753 1518 1782 Non

817 1800 903 1829 enim
919 1799 1053 1828 dubium
1064 1821 1073 1837 ,
1088 1800 1170 1837 quin
1186 1799 1227 1828 ad
1243 1799 1315 1828 illos
1330 1798 1424 1836 ieris,
1437 1806 1516 1836 quos

816 1846 900 1875 circa
916 1845 1058 1874 inedium
1087 1846 1242 1874 extremae
1259 1844 1363 1874 noctis
1386 1844 1447 1874 tuae
1470 1844 1519 1873 in—

816 1890 940 1920 vitabas
955 1890 995 1919 ad
1006 1890 1149 1926 laudem,
1163 1898 1237 1919 cum
1247 1889 1280 1918 in
1292 1889 1388 1919 vultu
1397 1890 1430 1918 et
1438 1897 1517 1919 voce

816 1937 1040 1967 exsultationis
1052 1936 1158 1965 subito
1170 1935 1307 1973 erupisti
1321 1935 1354 1964 in
1369 1935 1448 1964 illud
1457 1936 1520 1965 Da-

815 1982 974 2019 vidicum,
992 1981 1199 2019 stupentibus
1224 1981 1280 2019 qui
1296 1980 1491 2010 assistebant
1506 1990 1515 2010 τ

813 2029 952 2058 Laudate
966 2029 1134 2057 Dominum
1150 2028 1184 2057 de
1196 2028 1276 2057 coelis
1288 2047 1298 2064 ,
1311 2027 1434 2057 laudate
1448 2035 1518 2057 eum

814 2075 845 2104 ιή
867 2075 1002 2104 excelsis.
1030 2074 1100 2103 Jam
1116 2073 1196 2111 tibi,
1222 2073 1323 2103 frater
1337 2072 1401 2110 mi,
1418 2073 1515 2103 nocte

814 2118 919 2148 adhuc
944 2119 1052 2148 media
1073 2118 1258 2156 diescebat,
1286 2118 1319 2148 et
1343 2126 1410 2147 nox
1431 2118 1517 2149 sicut

813 2164 882 2194 dies
897 2164 1155 2194 illuminabatur.
1171 2165 1302 2193 Prorsus
1321 2164 1377 2193 illa
1392 2171 1458 2193 nox
1474 2163 1516 2193 il-

812 2210 982 2239 luminatio
1003 2211 1058 2239 tua
1078 2210 1111 2239 in
1134 2209 1263 2239 deliciis
1285 2210 1361 2240 tuis.
1388 2209 1517 2240 Accitus

812 2264 882 2285 sum
899 2263 956 2293 ego
973 2255 1012 2285 ad
1036 2255 1071 2285 id
1085 2255 1256 2292 miraculi,
1273 2255 1384 2285 videre
1409 2256 1517 2285 exsul⁴

812 2301 934 2331 tantem
944 2301 976 2331 in
992 2302 1096 2331 morte
1112 2301 1295 2338 hominem,
1308 2301 1342 2330 et
1357 2300 1516 2330 insultan-

812 2347 877 2376 tem
892 2347 1000 2377 morti.
1015 2346 1079 2376 Ubi
1097 2347 1146 2376 est
1168 2354 1255 2375 mors
1272 2344 1409 2376 victoria
1432 2344 1489 2374 tua
1502 2344 1516 2373 ἓ

813 2392 874 2421 Ubi
899 2393 948 2422 est
969 2401 1055 2422 mors
1084 2392 1235 2422 stimulus
1252 2390 1351 2422 tuus?
1365 2391 1435 2419 Jam
1451 2397 1515 2419 non

811 2437 979 2476 stimulus,
1006 2438 1063 2468 sed
1089 2437 1226 2475 jubilus.
1256 2437 1326 2465 Ι13111
1353 2434 1515 2465 cantando

812 2484 947 2514 moritur
974 2484 1069 2513 hoino
1080 2505 1090 2521 ,
1123 2484 1156 2513 et
1183 2482 1353 2512 moriendo
1388 2480 1511 2511 cantat.

813 2529 979 2568 Usurparis
1003 2529 1044 2559 ad
1065 2529 1213 2560 laetitiam
1228 2528 1332 2557 mater
1346 2526 1493 2555 moeroris
1503 2546 1517 2561 ,⁷

812 2576 977 2614 usurparis
998 2576 1037 2605 ad
1063 2575 1198 2613 gloriam
1226 2572 1335 2612 gloriae
1357 2570 1488 2600 inimica
1502 2591 1511 2605 ,

811 2622 975 2661 usurparis
994 2622 1033 2651 ad
1054 2621 1221 2651 introitum
1244 2617 1333 2656 regni
1357 2616 1446 2656 porta
1461 2615 1515 2659 ina
