1846 3078
550 212 594 239 IN
620 211 706 239 CAN
717 210 824 238 '1'ch

123 267 196 297 dem
208 265 348 297 dixerim
359 265 526 304 pertinere
539 287 548 304 ,
563 265 621 295 sed
639 265 679 294 ad
693 265 818 295 vineas.

119 313 191 342 Jam
204 313 259 351 qui
273 312 378 341 vineae
393 310 490 349 sunt,
513 311 697 341 severiores
708 310 819 347 1101113,

118 365 217 395 quarn
229 356 394 386 suaviores
408 364 442 385 se
458 355 638 393 exhibent,
655 355 689 385 in
703 354 819 393 spiritu

118 401 310 432 vehementi
325 402 474 439 agentes,
490 401 632 431 zelantes
646 409 705 440 pro
721 400 820 430 disci—

117 448 225 485 plina,
263 447 347 477 vitia
391 448 550 478 acerrime
586 447 818 486 corripientes,

116 492 266 530 aptantes
290 492 354 523 sibi
380 493 672 532 congruentissime
703 500 817 523 vocem

115 538 206 568 illam
223 547 232 568 τ
248 541 358 570 Nonne
373 541 427 578 que*
449 541 577 570 oderunt
596 541 641 576 te,
666 540 816 575 Domine,

115 586 260 623 oderam,
285 588 313 616 et
326 595 417 624 super
431 587 569 616 inimicos
594 587 661 615 tuos
685 584 818 614 tabesce-

115 630 208 660 bam?
221 632 312 670 item,
325 633 416 662 Zetus
427 633 534 661 domus
546 633 606 661 tuce
618 631 745 660 comedit
756 639 815 660 me.

114 675 151 704 Et
162 676 245 706 mihi
261 677 393 714 quidem
409 676 459 706 illi
475 676 510 705 in
519 676 696 706 dilectione
707 674 816 713 proxi-

113 720 177 759 mi,
193 721 247 752 isti
276 723 312 751 in
328 722 505 752 dilectione
521 721 582 751 Dei
598 721 743 750 eminere
765 720 816 750 vi-

113 769 243 800 dentur.
261 771 322 800 Sed
347 771 430 800 libet
451 777 587 808 pausare
600 769 659 800 sub
676 769 735 799 hac
747 769 814 799 vite

114 815 149 844 et
173 815 234 844 sub
256 815 316 844 hac
332 815 417 852 ficu,
444 814 502 844 uhi
527 814 586 844 Dei
607 814 814 852 proximique

113 858 283 889 obumbrat
293 859 436 888 dilectio.
446 859 624 897 Utramque
634 860 731 889 teneo
741 867 814 889 cum

111 903 143 933 te
153 904 382 942 amo,Domine
395 904 473 934 Jesu
494 904 619 934 Christe
629 926 637 942 ,
650 904 705 943 qui
722 912 815 934 meus

109 950 280 986 proximus
295 959 329 980 es
340 972 349 988 ,
364 950 517 988 quoniam
532 951 628 980 homo
645 958 698 989 eS‚
715 951 750 980 et
766 950 815 980 fe-

111 996 185 1027 cisti
200 1005 330 1027 mecum
345 997 621 1035 misericordiam,
639 997 672 1027 et
692 997 814 1026 nihilo-

110 1042 219 1072 minus
234 1051 268 1072 es
286 1051 385 1080 super
397 1042 505 1073 onmia
519 1043 607 1073 Deus
621 1043 814 1073 bened1ctus

113 1089 146 1117 in
159 1089 274 1120 saecula
283 1110 293 1126 ,
302 1096 409 1119 amen.

409 1156 501 1163 -—-

314 1209 484 1242 SERMO
517 1209 621 1242 LXI.

110 1284 261 1316 Quomodo
290 1284 411 1309 Ecclesia
438 1284 543 1315 reperit
571 1284 681 1307 divitias
709 1283 813 1306 divinae

149 1320 352 1344 misericordiae
382 1321 412 1343 in
436 1320 626 1344 foraminibus
654 1319 812 1342 vulnerum

149 1356 267 1382 Christi:
278 1359 304 1380 et
316 1356 349 1379 de
361 1356 530 1379 fortitudine
541 1355 812 1386 Martyrum,quam

149 1399 164 1416 a
176 1392 286 1417 Christo
301 1394 480 1422 receperunt.

149 1454 179 1483 1.
194 1455 291 1492 Surge
301 1475 310 1490 ‚
324 1455 427 1483 amica
440 1461 510 1483 mea
521 1474 532 1489 ,
555 1461 668 1491 sponsa
683 1461 769 1490 mea,
785 1454 813 1482 et

108 1500 188 1528 veni.
210 1498 420 1528 Commendat
442 1499 581 1536 Sponsus
605 1498 740 1528 multam
762 1498 813 1527 di-

108 1544 282 1574 lectionem
298 1552 388 1574 suam
410 1544 558 1574 iterando
573 1544 691 1573 amoris
703 1552 810 1574 voces.

106 1590 185 1619 Nam
206 1590 337 1620 iteratio
352 1590 532 1620 affectionis
553 1590 719 1628 expressio
737 1591 810 1621 est:

108 1635 142 1664 et
166 1635 252 1673 quod
267 1643 395 1664 rursum
416 1634 458 1664 ad
472 1635 617 1664 laborem
638 1634 810 1664 vincarum

108 1681 262 1710 sollicitat
273 1680 439 1717 dilectam,
454 1680 596 1710 ostendit
607 1689 704 1718 quam
716 1681 758 1711 sit
771 1681 810 1711 de

107 1726 289 1756 animarum
304 1726 408 1755 salute
424 1726 595 1756 sollicitus.
608 1727 687 1755 Nam
698 1727 811 1757 vineas

107 1772 231 1802 animas
248 1780 316 1802 esse
330 1771 396 1809 jam
412 1772 558 1802 audistis.
575 1772 643 1801 Non
660 1772 811 1804 immore-

107 1826 181 1847 mur
194 1826 396 1856 supervacue
411 1818 445 1847 in
462 1818 512 1847 his
527 1827 598 1856 quae
613 1818 699 1849 dicta
721 1821 807 1850 sunt.

107 1863 223 1894 Videte
238 1864 421 1902 sequentia.
435 1863 589 1903 Sponsam
603 1866 714 1895 tamen
734 1874 811 1896 nus-

106 1917 201 1947 quam
217 1931 226 1948 ,
250 1910 287 1939 ut
302 1910 457 1947 memini,
482 1910 515 1939 111
542 1911 608 1940 1010
624 1911 684 1941 1100
710 1919 807 1950 opere

107 1956 219 1992 aperte
231 1956 336 1985 adhuc
347 1956 542 1994 nominarat,
552 1957 614 1986 nisi
629 1957 724 1987 modo
736 1967 808 1988 cum

107 2001 147 2030 ad
162 2003 273 2031 vineas
288 2002 354 2031 itur
365 2023 374 2038 ,
391 2010 465 2031 cum
489 2003 566 2032 vino
591 2003 736 2033 caritatis
751 2012 809 2042 ap-

106 2047 351 2084 propinquatur.
368 2048 445 2084 Quae
461 2055 536 2077 cum
548 2049 676 2078 venerit
692 2050 810 2087 011101-

105 2092 192 2122 fecta
221 2092 338 2131 fuerit,
367 2093 464 2123 faciet
494 2094 663 2132 spirituale
695 2095 808 2132 conju-

105 2137 214 2175 gium3
229 2139 265 2168 et
278 2139 374 2168 erunt
389 2139 471 2176 duo,
487 2147 551 2168 non
565 2139 598 2168 in
615 2148 710 2170 carne
725 2150 805 2180 una,

105 2182 163 2212 sed
184 2183 218 2212 111
238 2191 303 2214 11110
319 2184 456 2222 spiritu,
481 2183 612 2214 dicente
629 2186 778 2223 Apostolo
796 2196 804 2216 :

106 2229 167 2267 Qui
180 2229 315 2260 adhoeret
336 2231 400 2260 Deo
412 2251 422 2266 ,
438 2239 519 2260 unus
531 2231 655 2269 spiritus
669 2234 724 2262 est.

144 2274 176 2303 2.
187 2274 338 2312 Sequitur
353 2284 360 2304 :
379 2276 528 2306 Columba
542 2286 611 2306 ‘mea
627 2278 658 2306 ίη
672 2278 806 2315 forami-

104 2318 193 2348 nibus
205 2321 298 2356 petrae
307 2340 317 2355 ,
333 2321 365 2348 in
380 2322 515 2350 cavernis
534 2324 692 2359 maceriae,
709 2327 806 2354 oslen-

105 2365 141 2394 de
166 2364 244 2393 milii
256 2364 366 2402 faciem
389 2367 492 2402 tuam,
507 2368 592 2396 sonet
616 2376 679 2397 vox
695 2370 750 2399 tua
773 2372 806 2400 in

105 2409 232 2440 auribus
247 2411 331 2440 meis.
352 2410 444 2440 Amat
465 2412 498 2440 et
519 2411 627 2450 pergit
650 2414 805 2445 amatoria

104 2454 204 2494 loqui.
220 2455 407 2486 Columbam
421 2456 527 2487 denuo
542 2457 738 2490 blandiendo
750 2469 806 2491 vo-

105 2503 174 2539 cat,
200 2509 292 2531 suam
317 2501 414 2540 dicit,
440 2503 473 2532 et
500 2503 563 2533 sibi
588 2504 703 2534 asserit
731 2514 806 2544 pro-

104 2546 208 2585 priam
223 2555 232 2576 :
248 2547 396 2586 quodque
431 2547 500 2586 ipse
523 2549 629 2587 rogari
655 2550 806 2583 obnixius

105 2591 145 2621 ab
162 2591 216 2621 illa
231 2593 372 2632 solebat,
389 2593 490 2631 ipsius
511 2602 600 2625 nunc
624 2604 717 2626 versa
732 2597 804 2629 vice

106 2638 139 2669 01
155 2639 360 2680 conspectum
376 2639 533 2679 postulat,
548 2641 580 2671 et
595 2641 803 2681 colloquium.
823 2674 826 2682 Δ

852 209 1002 238 SERMO
1027 211 1114 238 LXI.
1491 216 1547 245 5¹17

853 261 929 302 Agit
952 265 989 295 ut
1006 263 1147 302 Sponsus
1163 272 1171 293 :
1187 264 1244 294 sed
1268 265 1305 295 ut
1328 268 1547 307 verecundus,

853 310 1021 348 publicum
1041 310 1224 349 erubescit,
1249 310 1459 350 decernitque
1485 315 1547 345 frui

853 354 979 384 deliciis
998 355 1065 385 suis
1085 355 1119 385 in
1139 356 1209 385 1000
1230 356 1407 394 sequestri,
1436 359 1548 396 utique

854 400 887 429 in
911 400 1122 431 foraminibus
1149 401 1270 439 petrae,
1292 401 1325 430 et
1349 401 1384 429 in
1406 405 1550 433 cavernis

852 445 1013 475 maceriae.
1025 446 1104 476 Puta
1116 454 1191 484 ergo
1202 445 1247 476 sic
1260 445 1370 475 dicere
1382 453 1549 483 sponsum:

851 490 895 519 Ne
910 491 1024 522 timeas
1047 492 1169 530 amica,
1185 492 1277 530 quasi
1293 491 1380 529 haec,
1399 491 1440 520 ad
1457 500 1551 529 quam

851 535 883 565 te
901 536 1068 568 hortamur
1076 560 1085 576 ,
1095 546 1192 576 opera
1203 538 1374 568 vinearum
1384 538 1551 575 negotium

850 582 969 612 amoris
990 583 1151 621 impedire
1167 592 1225 614 seu
1239 584 1478 622 interrumpere
1497 584 1553 613 ha-

850 628 936 658 beat.
953 630 1021 659 Erit
1044 631 1133 660 certe
1147 631 1180 660 et
1191 630 1310 669 aliquis
1320 639 1398 660 usus
1414 629 1446 659 in
1462 637 1500 659 ea
1512 630 1552 659 ad

849 672 884 702 id
908 675 994 712 quod
1018 676 1141 713 pariter
1162 677 1321 713 optamus.
1341 676 1452 705 Vineae
1475 683 1552 705 sane

848 719 1004 749 macerias
1020 720 1158 758 habent,
1172 723 1204 751 et
1215 721 1264 751 hae
1276 720 1451 750 diversoria
1463 721 1553 758 grata

849 764 1053 795 verecundis.
1074 766 1134 796 Hic
1149 766 1300 796 litteralis
1315 766 1414 795 lusus.
1432 766 1552 803 Quidni

849 809 990 840 dixerim
1001 811 1128 842 lusum?
1145 812 1229 850 Quid
1245 813 1334 842 enim
1357 812 1478 841 serium
1493 812 1553 841 ba-

849 855 904 885 bet
918 856 987 886 haec
1010 857 1129 887 litterae
1145 856 1266 887 series?
1281 857 1326 887 Ne
1342 856 1456 886 auditu
1479 857 1553 895 qui-

849 901 922 932 dem
950 903 1087 942 dignum
1111 904 1199 943 quod
1214 904 1292 933 foris
1320 903 1430 940 sonat,
1446 902 1472 932 si
1487 911 1551 932 11011

849 948 937 979 intus
956 949 1088 987 adjuvet
1103 950 1242 989 Spiritus
1264 949 1485 979 infirmitatem
1500 948 1552 978 in-

848 994 1037 1033 telligentiae
1044 997 1173 1027 nostrae.
1183 997 1228 1026 Ne
1238 1003 1313 1033 ergo
1325 1003 1551 1025 remaneamus

848 1039 925 1071 foris
936 1063 945 1079 ,
961 1050 1002 1072 110
1019 1043 1052 1072 et
1066 1043 1230 1081 turpium,
1243 1042 1328 1080 quod
1345 1041 1447 1077 absit,
1463 1049 1552 1070 amo-

848 1094 919 1115 rum
935 1087 1106 1118 videamur
1124 1088 1285 1118 lenocinia
1301 1096 1471 1117 recensere
1482 1109 1491 1125 ,
1503 1087 1553 1116 af-

849 1131 931 1162 ferte
955 1133 1091 1171 pudicas
1116 1142 1211 1164 aures
1226 1134 1267 1164 ad
1291 1141 1473 1164 sermonem
1495 1132 1550 1171 qui

848 1177 881 1206 in
897 1179 1047 1209 manibus
1066 1180 1114 1209 est
1130 1180 1170 1210 de
1186 1188 1293 1209 amore
1308 1188 1315 1208 ε
1334 1179 1450 1208 etcum
1466 1178 1551 1216 ipsos

849 1223 996 1260 cogitatis
1021 1224 1182 1261 amantes,
1202 1232 1267 1254 non
1280 1224 1387 1253 virum
1403 1224 1437 1252 01
1457 1223 1551 1252 femi-

848 1276 938 1305 nam,
965 1269 1022 1299 sed
1037 1270 1178 1299 Verbum
1192 1271 1225 1299 et
1239 1270 1381 1299 animam
1402 1268 1550 1299 sentiatis

847 1315 985 1350 oportet.
1013 1315 1050 1345 Et
1074 1316 1101 1345 si
1126 1316 1287 1345 Christum
1315 1315 1348 1344 et
1372 1315 1549 1344 Ecclesiam

847 1359 980 1398 dixero,
1008 1360 1096 1390 idem
1122 1362 1189 1399 est,
1208 1361 1271 1390 nisi
1286 1360 1373 1399 quod
1397 1360 1549 1390 Ecclesiae

847 1405 978 1435 nomine
999 1414 1064 1436 non
1080 1415 1143 1436 una
1160 1406 1284 1443 anima,
1301 1405 1358 1435 sed
1373 1406 1549 1434 multarum

847 1452 971 1490 unitas,
987 1453 1041 1482 vel
1063 1453 1171 1490 potius
1183 1451 1383 1481 unanimitas
1399 1451 1549 1489 designa-

846 1496 909 1525 tur.
926 1497 990 1527 Nec
1006 1506 1083 1528 sane
1108 1498 1266 1527 foramina
1292 1498 1392 1536 petrae
1404 1518 1412 1534 ,
1426 1499 1481 1526 aut
1496 1505 1549 1526 ca-

846 1550 962 1573 vernas
982 1544 1152 1581 maceriae,
1169 1544 1309 1573 latebras
1327 1543 1450 1581 putetis
1471 1552 1549 1581 ope-

845 1589 987 1618 rantium
1019 1590 1226 1628 iniquitatem
1243 1598 1251 1618 :
1268 1598 1309 1619 110
1328 1598 1389 1627 qua
1419 1597 1548 1627 prorsus

844 1634 985 1671 suspicio
1016 1635 1132 1665 subeat
1159 1635 1199 1665 de
1220 1634 1373 1673 operibus
1398 1634 1548 1663 tenebra-

844 1688 927 1708 rum.

889 1726 922 1755 5.
948 1725 1035 1756 Alius
1063 1726 1150 1755 hunc
1175 1726 1281 1755 locum
1307 1725 1352 1754 ita
1379 1726 1546 1763 exposuit,

845 1770 999 1800 foramina
1022 1772 1122 1809 petrae
1141 1773 1278 1801 vulnera
1303 1771 1417 1801 Christi
1445 1772 1548 1801 inter-

843 1819 983 1856 pretans.
993 1819 1092 1848 Recte
1105 1817 1247 1855 omnino,
1257 1825 1330 1846 nam
1340 1819 1432 1855 petra
1443 1817 1549 1847 Chris-

843 1865 905 1893 tus.
941 1865 1029 1894 Bona
1061 1863 1238 1902 foramina,
1266 1871 1337 1901 quae
1367 1863 1465 1892 {idem
1491 1864 1547 1893 ad-

842 1909 971 1939 struunt
982 1909 1241 1947 resurrectionis,
1258 1910 1291 1938 et
1299 1908 1547 1938 Christidivini-

842 1955 954 1985 tatem.
984 1955 1136 1985 Dominus
1160 1964 1264 1991 meus,
1282 1954 1404 1992 inquit,
1421 1957 1448 1984 ct
1463 1957 1546 1985 Deus

844 2010 938 2031 mens.
955 2001 1046 2031 Unde
1062 2001 1122 2031 hoe
1135 2000 1339 2038 reportatum
1358 2001 1524 2029 oraculum
1535 2024 1543 2039 ,

841 2046 903 2076 nisi
920 2055 962 2076 ex
984 2046 1195 2076 foraminibus
1217 2044 1338 2083 petrae?
1353 2046 1387 2074 111
1403 2044 1456 2075 his
1471 2055 1545 2084 pas-

841 2100 893 2121 ser
916 2092 1043 2122 invenit
1067 2092 1130 2122 sibi
1159 2091 1307 2129 domum,
1326 2091 1358 2121 et
1373 2092 1478 2120 turtur
1494 2091 1545 2121 ni-

842 2137 935 2175 dum,
950 2138 1006 2167 ubi
1020 2138 1155 2175 reponat
1170 2137 1274 2175 pullos
1292 2145 1383 2167 suos:
1398 2137 1430 2166 in
1449 2137 1498 2167 his
1510 2146 1544 2168 se

841 2183 988 2212 columba
1010 2183 1154 2220 tutatur,
1171 2184 1203 2212 et
1223 2183 1544 2212 circumvolitantem

842 2228 1001 2267 intrepida
1023 2229 1169 2259 intuetur
1185 2228 1388 2267 accipitrem.
1410 2230 1447 2259 Et
1470 2229 1543 2260 111οο

840 2276 885 2305 ait
900 2284 908 2305 ε
925 2275 1074 2306 Columba
1088 2284 1158 2305 mea
1171 2276 1204 2305 in
1219 2275 1423 2314 soramt'nlbus
1436 2278 1541 2313 petroe.

842 2322 909 2351 Vox
924 2321 1080 2352 columbae
1096 2332 1104 2350 ε
1121 2323 1158 2351 In
1169 2323 1258 2359 petra
1273 2321 1420 2351 exaltari!
1434 2331 1494 2359 11η),-
1511 2324 1544 2351 ct

840 2367 936 2405 item,
953 2369 1085 2404 Statm't,
1103 2367 1228 2405 inquit,
1242 2376 1337 2405 snpra
1350 2368 1470 2405 pelo-am
1492 2376 1542 2404 pe-

839 2414 888 2443 des
903 2422 997 2444 meos.
1012 2412 1070 2443 Vir
1093 2413 1222 2451 sapiens
1247 2412 1384 2442 aedificat
1407 2412 1538 2440 domum

839 2467 928 2489 suam
943 2468 1038 2497 supra
1053 2460 1198 2497 petram,
1216 2459 1300 2498 quod
1318 2458 1363 2486 ibi
1381 2465 1440 2486 1100
1461 2465 1541 2485 ven-

841 2506 945 2535 torum
955 2504 1106 2535 formidet
1117 2505 1252 2542 injurias
1262 2526 1270 2541 ,
1283 2512 1344 2533 1100
1357 2502 1541 2531 inundatio*

839 2559 929 2582 num.
943 2552 1028 2590 Quid
1049 2560 1113 2581 non
1128 2551 1204 2580 boni
1223 2551 1256 2579 in
1272 2548 1381 2586 petra?
1396 2548 1430 2576 In
1447 2548 1535 2584 petra

840 2597 1020 2635 exaltatus,
1038 2597 1071 2627 in
1098 2596 1189 2635 petra
1214 2602 1366 2630 securus,
1388 2592 1421 2622 111
1446 2592 1536 2630 petra

841 2643 977 2674 1111111101·
998 2644 1057 2673 sto.
1075 2643 1211 2673 Securus
1227 2640 1265 2670 ab
1291 2637 1400 2679 hoste,
1416 2637 1504 2667 sortis
1521 2646 1537 2667 a
