1810 3073
520 219 565 246 IN
587 215 784 247 CANTICA
808 216 957 244 SERMO
983 216 1043 244 XI.

69 276 209 316 taretur,
233 274 317 307 sicut
347 273 382 304 in
404 273 555 304 omnibus
579 271 716 303 divitiis.
731 270 769 301 Et

68 331 125 354 vos
140 322 236 361 igitur
250 319 400 358 exemplo
412 318 492 357 ¹iusti
502 341 511 356 ,
528 319 554 349 si
571 318 611 348 de
626 316 719 348 vobis
734 316 768 345 in

68 368 253 398 humilitate
267 366 414 403 sentitis,
438 365 557 395 sentite
583 364 617 394 et
641 363 681 393 de
705 363 769 391 Do-

67 414 153 443 mino
169 413 202 442 in
217 411 375 441 bonitate.
390 410 443 440 Sic
458 410 546 439 enim
562 407 669 447 legitis
683 406 767 444 apud

66 457 249 495 Sapientem
266 465 274 486 τ
292 458 404 486 Scntite
425 457 459 485 de
480 456 613 486 Domino
627 455 660 483 in
682 452 768 482 boni-

65 504 127 533 tate
134 524 144 539 ,
151 505 177 533 et
190 504 200 532 i
203 512 220 532 η
229 504 419 541 simplicitate
431 503 529 532 cordis
537 501 661 539 quaerite
669 499 766 528 illum.

64 549 131 578 {loc
152 549 260 578 autem
283 548 378 577 facile
402 547 502 577 menti
526 543 700 584 persuadet
720 543 768 572 di—

64 593 150 623 vinae
184 594 416 623 munificentiae
452 592 603 629 frequens
622 611 630 626 ‚
669 589 766 617 immo

64 639 216 668 continua
233 639 422 669 recordatio.
436 636 587 674 Alioquin
607 633 766 673 quomodo

63 684 254 722 implebitur
269 684 478 722 apostolicum
500 681 598 718 illud,
614 682 651 711 Ιη
667 681 767 710 omni-

64 729 119 760 bus
135 733 251 769 qratias
262 732 399 769 aqentcs,
409 729 435 758 si
445 737 483 758 ea
494 736 551 766 pro
565 726 682 764 quibus
697 734 765 764 gra—

63 776 116 805 tiae
129 776 304 813 debentur,
320 783 338 804 a
353 775 447 804 corde
459 771 674 803 recesserint?
688 773 764 802 Nolo

61 829 118 850 vos
128 821 260 850 Judaico
274 820 377 850 notari
390 819 562 858 opprobrio
572 840 581 856 ,
594 818 634 848 de
649 818 765 857 quibus

62 865 224 904 Scriptura
252 867 406 904 testatur,
437 865 522 904 quod
546 873 612 895 non
642 864 765 895 fuerint

60 919 220 941 memores
242 911 485 942 benefactorum
508 911 597 949 ejus,
619 911 652 941 et
666 910 765 941 mira—

61 956 177 986 bilium
193 957 262 994 ejus
277 966 348 996 quae
365 957 506 987 ostendit
522 957 581 987 eis.

100 1004 130 1032 5.
147 1004 267 1033 Verum
283 1003 435 1041 quoniam
450 1003 552 1040 bona,
568 1011 640 1041 quae
654 1001 764 1040 largiri

59 1049 251 1079 mortalibus
261 1057 325 1079 non
341 1050 443 1079 cessat
458 1048 640 1078 misericors
656 1048 689 1078 et
703 1048 765 1077 mi—

59 1095 182 1124 serator
193 1095 361 1133 Dominus,
374 1095 516 1124 recolere
530 1094 563 1124 et
574 1094 764 1131 recolligere

59 1141 186 1178 omnia,
207 1141 296 1170 omni
321 1141 446 1170 homini
471 1140 669 1178 impossibile
696 1141 763 1177 est3

60 1185 162 1224 (Quis
178 1187 265 1216 enim
281 1187 432 1225 loquetur
445 1186 608 1225 potentias
621 1186 763 1223 Domini,

59 1232 185 1262 auditas
209 1232 308 1262 faciet
330 1236 441 1262 omnes
463 1232 576 1261 laudes
601 1231 713 1269 ejus?)
731 1231 763 1260 id

58 1278 191 1316 saitem,
215 1278 303 1316 quod
326 1277 527 1316 praecipuum
543 1277 592 1306 est
614 1277 647 1306 et
661 1277 763 1306 maxi-

58 1331 148 1353 mum
157 1346 166 1361 ,
180 1332 258 1362 opus
272 1323 428 1354 videlicet
439 1323 555 1352 nostrae
567 1322 764 1359 redemptio—

57 1369 132 1407 nis,
155 1377 173 1399 a
199 1369 355 1399 memoria
380 1368 620 1407 redemptorum
643 1368 762 1406 aliqua-

59 1415 154 1445 tenus
174 1423 238 1445 non
263 1414 405 1445 recedat.
426 1415 463 1443 In
488 1422 551 1452 quo
577 1421 674 1451 opere
700 1414 762 1443 duo

57 1461 279 1498 potissimum,
295 1469 367 1498 quae
381 1467 466 1489 nunc
481 1459 672 1496 occurrunt,
688 1468 762 1489 ves—

56 1505 115 1537 tris
146 1507 261 1536 studiis
295 1506 448 1536 intimare
480 1505 611 1535 curabo.
638 1505 676 1535 Et
702 1506 760 1536 hoc

57 1559 153 1589 quam
177 1551 290 1589 paucis
311 1551 351 1580 ad
377 1550 606 1588 compendium
632 1550 760 1588 potero,

57 1604 180 1626 memor
196 1597 283 1626 illius
298 1596 488 1626 sententiae:
505 1598 556 1626 Da
575 1598 758 1627 occasionem

56 1643 201 1681 sapienti,
215 1644 243 1672 et
258 1643 425 1680 sapientior
439 1642 508 1671 erit.
524 1642 592 1671 Duo
609 1650 684 1679 ergo
706 1643 761 1672 illa

57 1689 146 1725 sunt,
163 1688 273 1717 Modus
294 1688 327 1717 et
346 1688 490 1717 Fructus.
507 1687 545 1716 Et
561 1688 674 1717 modus
688 1689 762 1726 qui—

56 1733 130 1763 dem
156 1734 217 1763 Dei
242 1732 423 1763 exinanitio
448 1734 515 1770 est3
534 1732 658 1763 fructus
683 1742 760 1763 vero

55 1779 157 1809 nostri
181 1780 221 1809 de
246 1780 302 1808 illo
327 1778 478 1816 repletio.
506 1779 573 1808 Hoc
590 1779 759 1817 meditari,

57 1826 174 1854 sanctae
189 1824 258 1862 spei
273 1823 482 1853 seminarium
497 1824 564 1861 est3
579 1823 660 1854 iilud
673 1833 758 1855 sum-

54 1870 99 1899 mi
115 1871 231 1900 amoris
254 1869 468 1899 incentivum.
486 1870 664 1908 Utrumque
687 1879 761 1909 pro-

53 1916 193 1945 fectibus
215 1916 331 1945 nostris
365 1916 602 1954 necessarium,
628 1924 670 1946 ne
705 1918 760 1947 aut

54 1969 126 1999 spes
139 1961 337 1991 mercenaria
350 1961 410 1998 sit,
425 1960 451 1990 si
464 1969 572 1991 amore
585 1970 648 1991 non
662 1963 759 1992 comi-

53 2007 159 2045 tetur3
178 2009 233 2037 aut
248 2015 335 2036 amor
351 2007 514 2046 tepescat,
536 2008 563 2037 si
579 2007 759 2038 infructuo—

52 2061 106 2084 sus
120 2054 263 2092 putetur.

92 2097 122 2129 li.
140 2101 234 2129 Porro
256 2099 395 2129 fructum
411 2098 510 2129 talem
532 2100 758 2137 exspectamus

50 2146 152 2177 nostri
168 2145 303 2182 amoris,
320 2146 449 2184 qualem
470 2146 540 2184 ipse
557 2154 653 2183 quem
669 2155 757 2176 ama-

51 2198 141 2228 mus,
166 2191 315 2228 promisit
337 2193 561 2227 :Mcnsuram‚
584 2192 755 2230 inquiens,

46 2237 189 2275 plenam,
202 2238 229 2266 ct
250 2237 437 2274 confertam,
460 2238 487 2266 et
508 2239 712 2275 coaqztatam,
729 2241 756 2269 ct

49 2282 312 2319 supereffluentem
323 2282 438 2312 dabunt
450 2284 482 2312 in
492 2284 594 2313 sinum
609 2285 754 2315 vestrum.

50 2327 197 2357 Mensura
213 2328 289 2364 ista,
306 2328 343 2357 ut
363 2329 478 2366 audio,
495 2329 555 2358 erit
577 2330 646 2359 sine
661 2339 756 2361 men-

49 2381 135 2402 sura.
152 2373 213 2402 Sed
230 2373 329 2402 velim
345 2374 425 2404 scire
437 2396 445 2411 ,
462 2374 553 2412 cujus
575 2375 623 2405 rei
650 2375 755 2407 futura

48 2419 91 2448 sit
108 2419 162 2447 illa
178 2427 347 2455 mensura,
360 2421 410 2449 vel
428 2422 535 2458 potins
547 2421 603 2450 illa
619 2422 755 2453 immen-

48 2464 125 2494 sitas
139 2473 209 2501 quae
220 2465 465 2502 repromittitur.
476 2467 585 2497 Oculus
594 2476 656 2497 non
668 2470 754 2511 vidit,

48 2512 142 2546 Deus,
156 2509 268 2548 absque
284 2512 321 2546 te,
332 2520 398 2549 quoe
409 2513 593 2550 proeparasti
605 2514 755 2552 diliqenti-

49 2555 102 2586 bus
114 2557 151 2585 te.
169 2555 225 2584 Dic
242 2555 335 2585 nohis
352 2558 386 2586 tu
403 2557 460 2595 qui
480 2566 660 2597 praeparas,
677 2560 754 2598 quid

47 2599 225 2637 praeparas?
235 2601 413 2639 Credimus,
423 2602 626 2641 confidimus,
637 2612 753 2636 revera

48 2645 129 2675 sicut
153 2645 316 2684 promittis
341 2655 349 2675 z
383 2647 575 2686 Replebimur
601 2650 631 2678 in
665 2649 752 2682 bonis

198 2702 224 2717 δ.

1448 214 1506 248 {77

802 271 908 300 domus
924 271 995 300 tuoe.
1012 268 1075 299 Sed
1095 268 1215 307 quibus
1224 291 1234 307 ,
1249 278 1375 310 quaeso,
1395 272 1506 310 bonis,

802 315 854 345 vel
869 314 1044 353 qualibus?
1058 314 1151 344 Forte
1167 314 1349 352 frumento,
1362 317 1456 355 vino,
1473 320 1507 348 et

801 359 891 396 oleo,
906 367 1001 397 auro,
1019 360 1116 397 atque
1139 360 1288 397 argento,
1303 360 1508 398 lapidibusve

801 405 971 442 pretiosis?
983 405 1046 435 Sed
1059 406 1127 436 haec
1139 405 1290 435 novimus
1303 405 1336 435 et
1348 406 1507 446 vidimu53

802 451 835 480 et
859 451 1028 488 videmus,
1055 451 1089 480 et
1113 450 1305 480 fastidimus.
1328 450 1364 479 ld
1388 453 1510 489 quaeri—

801 504 888 534 mus,
910 497 998 535 quod
1013 497 1125 527 oculus
1140 505 1205 526 non
1229 496 1330 535 vidit,
1346 504 1408 526 nec
1422 497 1509 526 auris

801 541 945 578 audivit,
961 550 1022 571 nec
1048 541 1083 571 in
1107 549 1162 571 cor
1184 541 1324 570 hominis
1350 540 1508 572 ascendit.

801 586 866 616 Hoc
881 587 1006 624 placet,
1022 587 1083 616 hoc
1098 587 1200 624 sapit,
1217 586 1278 615 hoc
1303 586 1441 615 delectat
1457 585 1509 614 in-

800 632 948 670 quirere,
964 632 1190 671 quodcumque
1213 633 1261 661 est
1278 631 1370 661 illud.
1387 633 1508 667 Erunt,

800 677 924 716 inquit,
940 688 1043 709 omnes
1064 678 1204 708 docibiles
1224 679 1298 715 Dei,
1314 679 1341 707 et
1363 678 1424 714 ipsc
1449 678 1509 706 erit.

799 726 903 759 omnia
917 726 950 754 in
971 724 1125 755 omnibus.
1141 724 1183 754 Ut
1208 724 1322 760 audio,
1337 723 1508 761 plenitudo

797 778 895 807 quam
911 771 1136 809 exspectamus
1150 778 1169 800 a
1182 771 1267 808 Deo,
1287 778 1352 800 non
1368 768 1429 799 erit
1442 768 1507 798 nisi

798 815 837 845 de
853 817 932 846 Deo.

838 863 868 891 5.
896 862 975 899 Quis
999 871 1077 893 vero
1112 861 1383 901 comprehendat,
1407 869 1506 899 quam

797 916 912 947 magna
940 909 1116 939 multitudo
1142 908 1326 939 dulcedinis
1350 908 1385 937 in
1411 906 1506 936 brevi

798 954 858 984 isto
891 962 1041 985 sermone
1075 954 1119 985 sit
1153 954 1403 992 comprehensa,
1435 954 1507 982 Eric

796 1002 880 1030 Deus
900 1002 1006 1031 omnia
1020 1002 1053 1030 in
1074 1001 1215 1031 omnibus
1227 1000 1240 1029 ἒ
1254 1001 1295 1031 Ut
1310 1000 1350 1030 de
1372 1006 1505 1037 corpore

797 1048 940 1084 taceam,
956 1047 990 1076 in
1015 1046 1125 1076 anima
1147 1046 1209 1076 tria
1226 1047 1355 1076 intueor
1370 1054 1378 1075 ε
1396 1045 1505 1075 Ratio-

798 1100 889 1130 nem,
904 1092 1129 1130 Voluntatem,
1145 1091 1333 1122 Memoriam
1350 1099 1358 1120 :
1376 1091 1409 1120 et
1433 1091 1505 1121 haec

797 1138 858 1167 tria
873 1139 976 1176 ipsam
998 1139 1140 1167 animam
1156 1145 1240 1167 esse.
1255 1138 1418 1174 Quantum
1433 1136 1506 1166 cui-

796 1192 858 1221 que
880 1184 996 1214 horum
1012 1183 1045 1213 in
1060 1183 1210 1222 praesenti
1226 1184 1343 1213 saeculo
1365 1182 1448 1212 desit
1462 1183 1505 1212 de

797 1228 983 1267 integritate
1016 1237 1074 1259 sua
1102 1230 1135 1258 et
1158 1229 1380 1267 perfectione,
1404 1228 1505 1259 sentit

796 1276 899 1305 omnis
924 1275 980 1314 qui
1013 1275 1158 1304 ambulat
1182 1275 1217 1304 in
1241 1275 1370 1312 spiritu.
1397 1275 1504 1312 Quare

796 1321 873 1358 hoc,
889 1321 953 1351 nisi
967 1322 1045 1360 quia
1062 1322 1147 1350 Deus
1165 1321 1309 1350 nondum
1331 1321 1379 1350 est
1395 1321 1504 1351 omnia

796 1367 828 1396 in
845 1367 1018 1397 omnibus?
1033 1367 1116 1396 Hinc
1132 1367 1181 1396 est
1195 1366 1280 1404 quod
1296 1367 1329 1396 et
1344 1367 1426 1396 ratio
1442 1375 1504 1397 sae-

794 1413 927 1451 pissime
943 1413 977 1443 in
997 1413 1130 1450 judiciis
1146 1413 1288 1451 fallitur,
1305 1413 1338 1442 et
1353 1413 1505 1443 voluntas

793 1459 1000 1498 quadrupHci
1024 1459 1270 1497 perturbatione
1293 1459 1453 1497 jactatur,
1469 1461 1505 1489 et

792 1505 948 1536 memoria
973 1505 1150 1543 multiplici
1174 1505 1341 1535 oblivione
1367 1505 1503 1535 confun-

793 1551 893 1582 ditur.
923 1551 1059 1590 Triplici
1095 1552 1173 1581 huic
1205 1551 1345 1582 vanitati
1379 1551 1503 1580 nobilis

793 1598 940 1627 creatura
952 1597 1098 1635 subjecta
1110 1598 1159 1628 est
1177 1605 1242 1627 non
1254 1598 1365 1628 volens
1374 1620 1384 1635 ‚
1397 1597 1431 1627 in
1443 1605 1502 1635 spe

792 1642 912 1673 tamen.
930 1644 1008 1673 Nam
1024 1643 1079 1682 qui
1095 1644 1202 1682 replet
1216 1643 1251 1673 in
1263 1644 1355 1674 bonis
1367 1643 1501 1673 deside-

792 1688 878 1718 rium
899 1689 1033 1727 animae,
1058 1697 1132 1720 IPSE
1155 1689 1276 1720 rationi
1300 1689 1430 1720 futurus
1451 1691 1501 1719 est

793 1735 959 1772 plenitudo
984 1734 1084 1773 lucis,
1110 1735 1179 1774 ipse
1201 1736 1361 1766 voluntati
1387 1736 1500 1766 multi-

794 1781 869 1810 tudo
884 1781 991 1819 pacis,
1013 1781 1083 1819 ipse
1106 1782 1272 1811 memoriae
1295 1781 1499 1812 continuatio

791 1828 994 1858 aeternitatis.
1011 1828 1035 1857 Ο
1055 1828 1196 1865 veritas,
1212 1827 1344 1865 caritas,
1369 1827 1500 1857 aeterni-

793 1874 838 1903 tas
853 1873 859 1902 !
876 1874 900 1902 Ο
916 1874 1011 1903 beata
1027 1873 1061 1904 et
1077 1874 1266 1904 beatificans
1281 1873 1442 1903 Trinitas!
1459 1874 1500 1904 ad

791 1919 822 1948 te
856 1927 929 1948 mea
953 1919 1071 1949 misera
1106 1919 1235 1949 trinitas
1266 1919 1500 1950 miserabiliter

789 1965 946 2003 suspirat,
959 1965 1111 2003 quoniam
1127 1973 1145 1994 a
1159 1969 1192 1995 te
1208 1964 1386 1995 infeliciter
1401 1974 1498 1995 exsu-

790 2010 846 2040 lat.
864 2010 1039 2041 Discedens
1055 2019 1072 2040 a
1088 2012 1120 2040 te
1135 2011 1264 2049 quantis
1279 2020 1312 2041 se
1330 2011 1499 2042 intricavit

790 2056 970 2094 erroribus,
998 2057 1180 2093 doloribus,
1204 2057 1377 2087 timoribus
1391 2057 1398 2086 !
1425 2058 1498 2087 Heu

788 2111 840 2133 me
855 2103 862 2132 !
876 2103 1005 2141 qualem
1024 2111 1081 2141 pro
1097 2104 1129 2133 te
1153 2103 1422 2133 commutavimus
1437 2104 1499 2133 tri-

788 2149 923 2178 nitatem
939 2149 945 2177 !
963 2150 1024 2179 Cor
1037 2158 1139 2179 mcum
1158 2149 1374 2179 conturbatum
1386 2151 1447 2186 est,
1464 2150 1500 2180 et

789 2193 864 2223 inde
879 2193 969 2224 dolor
986 2203 994 2223 ε
1011 2195 1171 2233 dereliquit
1185 2203 1233 2224 *me
1248 2195 1346 2224 virtus
1357 2203 1426 2224 mea
1436 2217 1446 2232 ‚
1464 2197 1499 2225 et

788 2239 863 2270 inde
879 2248 996 2278 pavor3
1013 2242 1041 2270 et
1062 2241 1164 2270 lumen
1180 2241 1340 2270 oculorum
1356 2249 1497 2271 meorum

787 2295 848 2315 ηοη
864 2288 906 2316 est
922 2295 1040 2315 mecum
1050 2308 1059 2323 ,
1077 2288 1110 2316 et
1125 2286 1201 2315 inde
1217 2294 1319 2316 error.
1335 2287 1381 2315 En
1397 2295 1496 2325 quam

787 2331 978 2362 dissimilem
1003 2332 1202 2369 trinitatem,
1226 2341 1244 2361 ο
1269 2332 1386 2363 animae
1413 2340 1495 2363 meae

788 2377 918 2408 trinitas
928 2400 936 2415 ,
953 2378 1105 2408 exsulans
1120 2378 1301 2408 ostendisti.

827 2422 856 2452 6.
870 2423 1102 2452 Verumtamen
1116 2431 1215 2460 quare
1229 2422 1330 2452 tristis
1341 2430 1375 2452 es
1387 2423 1495 2452 anima

788 2476 875 2506 mea,
893 2469 925 2498 et
940 2476 1039 2506 quare
1065 2469 1238 2499 conturbas
1254 2468 1330 2498 me?
1345 2469 1443 2506 Spera
1460 2469 1493 2498 in

788 2514 853 2543 Deo
865 2515 1017 2552 quoniam
1030 2514 1135 2544 adhuc
1147 2514 1323 2544 confitebor
1337 2514 1383 2542 illi
1395 2522 1402 2550 ς
1420 2521 1492 2542 cum

787 2568 876 2589 error
897 2561 1056 2591 videlicet
1078 2568 1096 2589 a
1124 2561 1266 2597 ratione,
1282 2567 1300 2588 a
1326 2558 1491 2587 voluntate

787 2606 892 2644 dolor,
918 2608 1016 2645 atque
1040 2614 1058 2636 a
1085 2605 1239 2636 memoria
1265 2605 1361 2633 timor
1388 2603 1492 2632 omnis

787 2652 978 2690 recesserit3
1015 2652 1048 2682 et
1086 2649 1274 2681 successerit
1311 2648 1365 2676 illa
1395 2656 1490 2686 quam

1314 2693 1345 2719 1⁶.)
