1846 3078
287 225 346 254 3572

288 279 461 309 candidum
469 279 503 309 et
513 279 639 317 nigrum
651 281 755 310 certos
771 280 844 309 fixit
856 279 989 316 limites,

288 327 322 356 et
337 325 450 355 divisit
468 325 576 355 lucem
592 333 610 355 a
626 326 782 356 tenebris.
805 325 896 361 Quod
912 332 989 362 ergo

287 371 328 401 de
340 370 436 401 corde
450 378 531 409 puro
542 372 576 401 et
590 370 789 401 conscientia
800 369 885 398 bona
899 376 990 407 egre-

285 417 375 446 ditur
396 416 569 446 candidum
593 417 661 453 est,
683 416 718 445 et
739 416 789 445 est
808 414 914 444 virtus
936 414 988 444 :si

286 463 396 492 autem
417 463 450 492 et
473 462 559 492 bona
580 461 665 490 fama
686 460 798 490 secuta
819 459 937 496 fuerit3
955 461 989 489 et

285 508 393 538 lilium
417 508 483 545 est,
495 508 618 545 quippe
633 505 688 535 cui
710 513 773 536 nec
788 504 908 535 candor
923 505 988 535 lilii

285 554 389 591 desit,
404 561 463 583 nec
479 553 568 582 odor.

324 600 356 629 2.
377 601 472 629 Porro
497 598 618 635 virtus,
641 597 704 627 etsi
725 605 792 627 non
814 597 988 635 propterea

284 646 388 683 major
401 666 410 681 ,
444 643 587 682 pulcrior
618 642 731 672 tamen
765 642 987 680 illustriorque

284 691 435 721 efficitur.
451 687 543 725 Quod
559 688 586 717 si
608 687 643 717 in
658 687 858 718 conscientia
875 695 988 717 naevus

283 737 401 772 fuerit,
417 742 477 764 nec
492 732 579 771 quod
595 741 637 762 ex
651 741 688 763 ea
703 733 880 771 prodierit,
899 740 988 763 care-

283 781 330 811 bit
345 788 447 810 naevo.
462 780 541 808 Nam
558 779 586 809 si
600 778 695 808 radix
716 779 751 808 in
770 779 871 816 vitio,
889 779 922 808 et
937 786 987 808 ra-

283 835 365 855 mus.
375 826 418 855 Ac
431 833 489 863 per
505 825 565 854 hoc
580 824 737 863 quicquid
752 824 835 853 illud
849 824 891 854 sit
902 823 988 862 quod

282 872 377 902 radix
391 872 507 902 vitiata
529 879 595 901 non
616 871 738 909 absque
752 871 888 900 traduce
912 869 986 900 vitii

283 926 325 947 ex
352 925 387 947 se
408 917 581 955 producat,
596 917 690 946 verbi
713 916 838 954 gratia,
860 923 986 953 sermo,

283 962 384 1000 actio,
400 962 501 992 oratio
512 983 521 1000 ,
535 961 663 992 etiamsi
689 960 774 990 fama
789 959 986 998 applaudere

284 1008 453 1046 videatur,
478 1015 543 1037 non
564 1008 614 1037 est
634 1006 720 1045 quod
744 1006 865 1036 debeat
878 1005 986 1036 lilium

281 1053 347 1083 dici
363 1062 371 1082 ε
388 1054 463 1092 quia
477 1054 538 1083 etsi
552 1053 630 1083 odor
642 1052 817 1082 connivere
833 1051 986 1089 videtur,

283 1099 339 1129 sed
354 1107 418 1129 non
443 1099 541 1129 color.
565 1099 635 1136 Quo
650 1099 745 1136 pacto
768 1097 857 1127 enim
878 1097 986 1127 lilium

283 1153 356 1174 cum
379 1145 577 1184 impuritatis
591 1144 705 1174 naevo?
717 1144 783 1174 Nec
807 1151 885 1173 sane
900 1142 987 1172 fama

284 1191 408 1221 valebit
420 1191 589 1221 vindicare
602 1190 736 1228 virtuti,
751 1190 838 1228 quod
855 1197 927 1220 esse
939 1189 987 1219 vi-

283 1236 367 1265 tium
392 1236 576 1266 convicerit
591 1235 803 1266 conscientia.
818 1234 890 1264 Erit
911 1233 988 1273 qui-

283 1282 359 1312 dem
372 1283 477 1313 virtus
489 1282 642 1312 contenta
658 1282 797 1312 candore
817 1281 987 1311 conscien-

283 1327 338 1357 tiae
348 1349 358 1366 ,
373 1327 431 1357 ubi
446 1329 539 1366 sequi
554 1336 618 1357 non
633 1327 755 1365 poterit
775 1326 853 1357 odor
866 1326 960 1356 famae
977 1335 985 1355 :

283 1374 437 1403 caeterum
449 1374 526 1404 odor
541 1373 632 1403 faniae
645 1382 706 1404 nec
728 1381 885 1404 excusare
900 1372 987 1403 suffi-

283 1418 350 1448 ciet
364 1419 481 1449 vitium
499 1420 707 1450 conscientiae
723 1418 893 1449 decoloris.
908 1420 987 1448 Pro-

284 1463 411 1495 videbit
425 1467 536 1495 tamen
556 1474 686 1503 semper
701 1463 809 1504 (quod
820 1465 854 1494 in
867 1473 901 1495 se
915 1464 984 1503 est)

284 1509 380 1539 homo
392 1511 523 1541 virtutis
538 1511 621 1540 bona
631 1533 640 1549 ,
653 1519 718 1541 non
732 1512 861 1540 tantum
876 1519 985 1541 coram

285 1554 370 1592 Deo,
386 1556 443 1585 sed
465 1556 565 1586 etiam
587 1563 695 1586 coram
716 1555 926 1594 hominibus,
948 1556 986 1585 ut

284 1608 362 1630 vere
377 1601 420 1630 sit
438 1601 559 1631 lilium.
806 1621 810 1623 v

323 1646 352 1675 5.
367 1646 430 1676 Sed
441 1647 491 1676 est
505 1647 604 1676 etiam
619 1646 737 1676 candor
749 1646 866 1676 animae
881 1645 986 1675 indul-

282 1691 391 1727 gentia
412 1693 489 1730 Dei,
517 1692 586 1730 ipso
609 1692 739 1722 dicente
764 1700 823 1729 per
842 1691 987 1730 Prophe-

284 1737 372 1766 tam:
389 1738 423 1767 Si
443 1738 557 1776 fuerint
571 1740 696 1777 peccata
715 1740 818 1768 vestra
838 1739 873 1768 ut
893 1739 988 1767 cocci-

282 1792 376 1820 num,
393 1785 483 1822 quasi
495 1785 552 1814 πίας
574 1783 819 1823 dealbabuntur,
835 1784 904 1813 etsi
919 1784 988 1821 fue-

282 1829 345 1858 ri'nt
363 1829 460 1859 rubra
475 1830 566 1868 quasi
585 1829 788 1865 vermiculus,
811 1829 893 1858 velut
912 1829 985 1858 lana

282 1873 355 1904 alba
377 1877 479 1905 crunt.
504 1875 542 1904 Et
565 1875 613 1904 cst
641 1874 780 1912 candor,
801 1882 901 1912 quem
924 1874 986 1903 sibi

284 1918 391 1949 induit
413 1921 440 1950 is
459 1921 517 1959 qui
545 1920 721 1950 miseretur
744 1920 778 1950 in
804 1920 984 1950 hilaritate.

283 1966 409 1995 l-Itenim
425 1967 453 1996 si
474 1966 634 1997 intueariS
654 1967 770 2005 illum,
789 1974 889 2004 quem
908 1966 986 1996 Pro—

283 2012 382 2049 pheta
412 2013 560 2052 depingit
586 2012 769 2051 Jucundum
797 2012 964 2042 hominem
975 2035 984 2051 ,

283 2057 337 2095 qni
354 2058 528 2088 miseretur
548 2059 581 2088 et
603 2058 783 2088 commodat
799 2066 808 2087 τ
824 2066 931 2088 nonne
958 2059 985 2089 is

284 2104 343 2132 libi
356 2104 522 2134 videbitur
532 2104 571 2134 de
582 2105 651 2143 ipsa
664 2104 764 2134 animi
776 2104 984 2142 jucunditate

286 2148 440 2179 indidisse
463 2150 636 2180 candorem
655 2145 832 2189 'quemdam
851 2151 985 2188 pietatis

286 2196 389 2224 vultui
405 2196 545 2235 pariter,
558 2197 590 2226 et
605 2197 696 2235 operi
712 2196 790 2226 suo?
802 2196 892 2226 Sicut
905 2206 922 2226 e
935 2206 986 2226 re-

286 2240 380 2277 gione
402 2242 429 2270 si
446 2250 487 2271 ex
503 2242 636 2272 tristitia
651 2245 685 2273 et
699 2243 791 2272 velut
807 2250 849 2272 ex
870 2250 986 2272 neces-

285 2286 383 2315 sitate
397 2287 470 2324 quis
479 2288 611 2326 tribuat,
620 2296 684 2317 non
695 2288 866 2318 candidum
875 2288 984 2325 plane,

285 2330 344 2360 sed
358 2330 479 2360 tetrum
498 2332 628 2368 pras-fert
646 2341 745 2362 manu
758 2334 791 2363 et
811 2333 916 2362 fronte
931 2342 985 2362 co-

286 2375 399 2405 lorem.
416 2377 454 2406 Et
476 2376 549 2405 ideo
573 2377 703 2408 hilarem
726 2380 865 2408 <latorem
891 2380 986 2417 ‹Illiqit

286 2423 380 2452 Deus.
389 2421 551 2459 Numquid
563 2424 596 2451 et
611 2423 757 2453 tristem?
771 2424 916 2454 Profecto
930 2425 986 2461 qui

288 2466 434 2504 respexit
448 2467 488 2497 ad
508 2467 589 2496 Abel
614 2468 653 2496 ol)
670 2469 846 2499 alacritatis
868 2470 987 2499 cando-

288 2519 375 2549 rem3
395 2512 514 2542 avertit
529 2512 645 2542 faciem
661 2521 678 2542 a
693 2514 770 2542 Cain
781 2535 790 2551 ,
806 2515 883 2552 quia
910 2523 987 2544 cou-

289 2557 411 2587 ciderat
421 2557 530 2587 vultus
545 2557 634 2595 ejus,
650 2559 762 2595 utique
775 2567 791 2587 a
806 2559 937 2589 tristitia
955 2561 987 2589 et

766 227 794 254 S.
821 225 1055 254 BERNARDI
1081 226 1271 253 AssssATls

1024 280 1203 316 aspectum.
1220 280 1335 310 Pulcre
1352 281 1383 311 et
1407 282 1572 319 eleganter
1587 283 1620 313 in
1636 285 1719 315 colo<

1023 324 1122 353 rando
1134 324 1293 354 beneficio
1302 327 1420 356 candor
1432 327 1646 364 jucunditatis
1656 331 1720 360 lan-

1024 369 1115 399 datus
1130 371 1180 400 est
1194 378 1274 400 voce
1293 371 1348 400 illa
1361 373 1467 403 Poetae
1481 381 1488 402 :
1502 373 1606 411 Super
1616 376 1721 404 omnia

1022 415 1132 445 vultus
1147 423 1313 446 accessere
1325 417 1414 447 boni.
1427 419 1492 449 Nec
1503 419 1597 449 modo
1609 420 1722 451 hilaris

1022 460 1130 499 dator,
1141 461 1197 491 sed
1209 463 1242 491 et
1256 461 1312 500 qui
1326 462 1442 493 tribuit
1452 463 1486 493 in
1500 464 1722 503 simplicitate,

1021 505 1169 544 diligitur
1184 515 1203 536 a
1223 508 1304 537 Deo.
1325 508 1364 538 Et
1389 509 1580 547 simplicitas
1605 511 1723 541 candor

1021 551 1081 580 est.
1094 552 1270 582 Prohamus
1284 560 1302 581 a
1317 554 1499 592 contrar103
1519 563 1595 584 nam
1610 563 1724 586 naevus

1020 596 1205 634 duplicitas.
1229 597 1347 627 Parum
1374 597 1446 627 dixi
1471 607 1480 628 ι
1505 601 1633 629 macula
1662 603 1722 631 est.

1019 641 1104 678 Quid
1112 642 1286 680 duplicitas
1298 642 1362 672 nisi
1376 642 1554 674 dolusffied
1566 645 1655 675 enim
1666 648 1723 684 qui

1019 687 1128 718 dolose
1145 688 1213 726 egit
1237 688 1272 717 in
1294 689 1470 726 conspectu
1485 690 1566 728 Dei,
1589 690 1724 721 inventa

1020 734 1068 763 est
1081 733 1247 772 Liniquitas
1278 733 1350 771 ejus
1371 734 1411 763 ad
1435 735 1558 765 odium.
1584 736 1623 766 Et
1650 736 1725 767 ideo

1020 779 1126 810 beatus
1135 801 1146 816 ‚
1162 781 1215 809 cui
1229 788 1292 809 non
1309 780 1474 818 imputabit
1490 783 1643 812 Dominus
1654 791 1724 821 pcc—

1019 827 1122 855 catum
1133 847 1142 863 ,
1157 834 1212 855 nec
1223 826 1310 856 estin
1325 827 1436 864 spiritu
1449 827 1515 864 ejus
1533 828 1631 858 dolus.
1647 829 1723 858 Pul·

1019 878 1072 899 cre
1094 871 1250 900 Dominus
1268 871 1380 909 paucis
1402 872 1575 910 utramque
1596 873 1724 904 notavit

1019 916 1179 945 maculam
1188 937 1198 953 ,
1210 916 1321 945 dolum
1330 938 1340 954 ‚
1351 916 1598 955 tristitiamque,
1607 919 1721 955 Nolite,

1019 961 1187 998 inquiens,
1198 961 1267 998 fieri
1275 982 1284 998 ,
1299 961 1377 991 sicut
1400 961 1565 999 hypocr-itm
1576 984 1588 999 ‚
1609 964 1720 994 tristes.

1019 1007 1159 1045 Sponsus
1172 1008 1282 1045 itaque
1296 1007 1414 1037 etcum
1425 1007 1468 1037 sit
1481 1007 1598 1047 virtus,
1609 1009 1644 1038 in
1658 1009 1723 1039 vir-

1019 1053 1145 1083 tutibus
1168 1054 1351 1091 complacet
1370 1053 1433 1082 sibi
1451 1062 1460 1091 3
1483 1054 1516 1083 et
1535 1062 1611 1083 cum
1625 1054 1668 1085 sit
1682 1055 1723 1084 li-

1019 1100 1119 1137 lium,
1134 1099 1277 1129 libenter
1293 1099 1378 1129 inter
1392 1099 1465 1129 lilia
1486 1100 1720 1138 commoratur;

1019 1146 1052 1176 et
1068 1154 1141 1176 cum
1157 1146 1199 1176 sit
1215 1145 1352 1183 candor,
1365 1145 1548 1176 delectatur
1563 1146 1720 1176 candidis.

1057 1190 1090 1221 [ι.
1112 1192 1151 1221 Et
1172 1191 1315 1222 fortassis
1340 1191 1401 1220 hoc
1424 1191 1473 1220 est
1495 1191 1581 1229 quod
1602 1190 1723 1221 dicitur

1018 1237 1105 1276 pasci
1121 1237 1208 1267 inter
1222 1237 1312 1276 lilia,
1332 1236 1472 1266 candore
1488 1237 1522 1267 et
1539 1236 1638 1266 odore
1652 1236 1721 1267 vir—

1018 1284 1125 1313 tutum
1142 1282 1311 1313 delectari.
1327 1283 1366 1312 Et
1380 1281 1513 1320 quidem
1528 1281 1721 1320 pascebatur

1018 1329 1096 1358 olim
1115 1328 1327 1367 corporaliter
1341 1327 1429 1366 apud
1442 1327 1575 1357 Mariam
1593 1328 1627 1357 et
1642 1328 1722 1357 Mar-

1020 1375 1128 1413 tham,
1143 1375 1337 1405 recumbens
1356 1374 1456 1405 etiam
1483 1381 1615 1411 corpore
1635 1373 1723 1404 inter

1019 1421 1087 1451 lilia
1113 1420 1211 1461 (illas
1234 1421 1367 1460 loquor,
1387 1428 1464 1450 nam
1487 1419 1559 1449 lilia
1581 1419 1674 1449 erant
1689 1418 1720 1453 z)

1018 1467 1232 1497 nihilominus
1260 1466 1413 1505 spiritum
1437 1464 1643 1495 refocillabat
1662 1464 1721 1494 de-

1019 1513 1149 1542 votione
1176 1513 1211 1543 et
1224 1512 1402 1542 virtutibus
1425 1511 1615 1541 mulierum.
1630 1510 1721 1548 Quod

1018 1559 1045 1588 si
1061 1558 1117 1588 illa
1131 1558 1208 1588 hora
1224 1558 1377 1587 intrasset
1391 1557 1571 1595 propheta,
1593 1556 1651 1586 aut
1663 1565 1721 1586 an-

1019 1603 1109 1642 gelus
1119 1625 1128 1641 ,
1140 1611 1200 1633 seu
1220 1602 1305 1632 alius
1318 1602 1426 1640 quivis
1442 1601 1634 1639 spiritualis,
1649 1602 1723 1630 tan-

1019 1650 1088 1678 tum
1102 1656 1168 1678 non
1183 1648 1334 1686 ignorans
1348 1655 1418 1685 quae
1434 1645 1586 1682 majestas
1596 1653 1722 1675 recum<

1018 1693 1129 1730 beret,
1150 1700 1259 1721 nonne
1280 1691 1414 1729 stupens
1439 1690 1658 1728 dignationem
1688 1692 1722 1719 et

1019 1738 1293 1775 familiaritatem,
1314 1744 1412 1775 quam
1434 1735 1485 1765 illi
1506 1743 1576 1765 esse
1592 1737 1721 1774 conspi-

1020 1784 1110 1814 ceret
1125 1792 1198 1814 cum
1213 1783 1305 1822 pur1s
1321 1782 1437 1812 animis
1448 1781 1641 1820 pudicisque
1654 1790 1723 1811 cor-

1019 1830 1169 1868 poribus,
1188 1830 1298 1860 tamen
1314 1828 1456 1858 terrenis
1471 1827 1505 1857 et
1519 1835 1617 1857 sexus
1631 1827 1723 1857 infir*

1019 1876 1151 1915 mioris;
1178 1875 1296 1906 merito
1328 1873 1521 1911 testaretur,
1550 1873 1628 1911 quia
1653 1873 1721 1903 vidi

1020 1922 1113 1951 illum
1134 1929 1199 1951 non
1215 1920 1310 1950 modo
1325 1919 1579 1949 commorantem
1591 1940 1602 1956 ,
1617 1919 1675 1948 sed
1689 1920 1723 1947 et

1018 1968 1206 2006 pascentem
1214 1966 1300 1996 inter
1308 1966 1378 1995 lilia
1387 1964 1453 1994 ma
1462 1972 1537 2002 ergo
1545 1963 1721 1993 secundum

1018 2014 1212 2051 utrumque,
1239 2019 1371 2042 carnem
1385 2010 1469 2045 ,dico
1491 2010 1526 2040 et
1545 2009 1695 2048 spiritum
1710 2031 1718 2046 ,

1019 2058 1107 2097 pasci
1123 2058 1209 2088 inter
1227 2057 1297 2086 lilia
1319 2056 1459 2095 Sponsus
1481 2055 1634 2084 inventus
1659 2056 1719 2084 est,

1019 2105 1100 2133 Puto
1109 2104 1220 2133 autem
1232 2102 1317 2139 quod
1329 2102 1362 2131 et
1375 2101 1444 2139 ipse
1454 2100 1599 2131 vicissim
1612 2108 1722 2137 pasce—

1020 2150 1088 2186 ret,
1098 2149 1155 2179 scd
1168 2150 1202 2178 in
1213 2149 1342 2186 spiritu.
1354 2147 1419 2176 Hoc
1432 2146 1502 2184 ipso
1517 2145 1602 2184 quod
1612 2154 1721 2183 pasce-

1020 2196 1134 2232 batur,
1155 2193 1314 2232 quomodo
1338 2190 1511 2230 pascebat?
1532 2190 1697 2228 Quomodo
1711 2211 1720 2227 ,

1020 2242 1151 2279 inquam
1165 2263 1175 2278 ,
1187 2239 1389 2269 confortabat
1402 2236 1613 2267 timiditatem
1628 2235 1722 2266 femi-

1019 2295 1152 2322 narum,
1169 2284 1368 2322 jucundabat
1390 2282 1613 2312 humilitatem
1626 2302 1636 2318 ,
1657 2280 1721 2309 im-

1020 2331 1196 2370 pinguabat
1212 2327 1440 2359 devotionem?
1454 2326 1518 2357 Sed
1540 2326 1566 2356 si
1587 2325 1698 2356 vidisti
1712 2346 1720 2364 ι

1020 2377 1105 2415 quod
1117 2376 1204 2415 pasci
1220 2375 1271 2404 illi
1291 2374 1333 2404 sit
1356 2380 1511 2412 pascere3
1531 2372 1608 2402 vide
1623 2370 1721 2401 etiam

1020 2431 1106 2452 nunc
1117 2444 1126 2460 ,
1140 2430 1180 2451 ne
1192 2421 1274 2450 forte
1287 2420 1319 2450 et
1335 2427 1353 2449 e
1365 2426 1518 2449 converso
1532 2425 1666 2456 pascere
1680 2417 1722 2447 sit

1022 2469 1052 2498 ei
1067 2468 1166 2506 pasci.
1183 2467 1315 2497 Domine
1321 2487 1332 2502 ‚
1345 2466 1399 2504 qui
1408 2465 1508 2504 pascis
1518 2472 1566 2493 me
1579 2473 1600 2493 a
1608 2463 1720 2501 juven-

1022 2516 1082 2544 tule
1094 2522 1163 2542 mea
1173 2533 1182 2549 ‚
1199 2511 1245 2542 ait
1259 2511 1390 2541 sanctus
1409 2508 1592 2548 patriarcba
1607 2507 1718 2537 Jacob.

1022 2560 1126 2589 Bonus
1146 2556 1398 2596 paterfamiIIas‚
1424 2554 1481 2594 qui
1509 2561 1640 2584 suorum
1663 2552 1721 2582 do—

288 2601 403 2633 livore.
431 2602 570 2633 Advorte
595 2603 701 2641 qualis
732 2604 818 2633 color
845 2604 987 2634 tristitize
1022 2604 1229 2633 mesticorum
1251 2610 1363 2632 curam
1387 2601 1493 2639 gerit,
1521 2597 1663 2628 maxime
1685 2597 1720 2626 in

289 2655 347 2678 seu
373 2648 505 2680 invidiae
527 2649 588 2687 sit,
610 2649 666 2687 qui
690 2648 749 2678 Dei

775 2657 791 2678 a
814 2657 846 2678 sc
869 2649 987 2679 avertit
1023 2649 1137 2679 diebus
1153 2647 1264 2684 malis,
1283 2650 1318 2677 ut
1335 2647 1398 2677 alat
1421 2654 1474 2676 eos
1497 2645 1530 2674 in
1547 2643 1649 2681 fame,
1675 2642 1721 2673 ci-
