1846 3078
278 233 339 263 522

274 286 488 318 nihilominus
517 285 624 317 adhue
646 285 682 316 in
695 285 831 316 obscuro
846 292 899 313 res
918 282 979 318 est,

275 334 309 363 et
323 332 511 364 intellectus
531 331 658 362 haeret:
675 330 753 360 dum
777 328 912 359 difficile
935 326 979 356 sit

273 378 426 409 invenire
448 377 634 416 spirituales
656 376 730 405 illas
758 374 792 404 et
815 379 978 410 supercoe-

273 424 372 454 lestes
386 420 629 460 beatitudines(
644 428 719 451 nam
730 419 809 457 ipsae
820 417 896 447 sunt
906 416 977 446 sine

273 469 476 508 dul)io,quae
490 468 540 498 ibi
565 465 752 498 memoratae
773 463 850 494 sunt
870 470 949 492 oves
965 459 975 501 )

272 523 353 554 quos
367 515 424 545 vel
438 513 553 552 quales
564 512 644 542 alios
659 509 804 540 habeant
822 507 979 546 spiritua-

272 561 321 591 les
333 560 487 591 similiter
501 558 626 588 montes
639 556 695 586 vel
710 556 810 585 colles
824 553 866 584 ad
883 554 979 584 habi-

275 606 423 643 tandum,
441 603 682 644 pascendumve
700 601 825 631 inillis.
841 601 978 630 Verum-

272 654 383 682 tamen
397 650 425 681 si
444 656 510 679 non
525 648 560 677 in
573 647 713 677 veritate
737 645 839 684 aliqui
853 646 977 685 essent,

275 698 403 727 Veritas
429 695 491 724 hoc
519 700 585 723 non
611 691 760 722 dixisset.
783 691 846 721 Sed
870 699 977 729 neque

271 741 433 780 Propheta
448 740 541 776 longe
551 738 625 767 ante
637 738 677 767 de
689 737 823 767 civitate
834 745 977 774 superna

271 786 450 816 Jerusalem
461 783 664 821 protulisset,
676 781 753 820 quia
767 781 976 811 fundamenta

273 832 344 868 eJus
364 831 428 859 sint
453 829 487 858 in
512 828 679 857 montibus
704 827 834 863 sanctis,
860 826 887 855 si
913 834 976 855 non

271 885 347 906 vere
364 874 446 904 inibi
462 874 572 903 essent
592 874 717 902 montes
736 871 851 902 sancti.
874 871 977 900 Deni-

271 930 333 959 que
356 919 442 958 quod
469 919 611 948 coelestis
633 917 792 947 habitatio
817 917 874 946 illa
898 925 976 946 vere

272 967 411 1002 habeat,
427 973 492 995 non
516 964 610 994 modo
636 963 842 1001 spirituales,
861 962 918 991 sed
944 962 977 991 et

274 1013 368 1041 vivos
389 1020 425 1041 ac
446 1010 620 1040 rationales
645 1010 771 1038 montes
801 1008 976 1045 collesque,

273 1058 347 1087 audi
371 1057 485 1086 Isaiam
502 1064 510 1085 :
526 1057 643 1086 Montes
658 1057 686 1085 et
701 1055 788 1085 colles
810 1054 978 1085 cantabunt

271 1112 377 1133 coram
393 1105 456 1133 Deo
470 1103 586 1132 laudes.

311 1149 341 1178 5.
356 1147 492 1185 Quinam
508 1146 607 1185 igitur
622 1145 695 1182 isti,
712 1144 776 1174 nisi
798 1143 897 1173 iidem
915 1143 976 1182 ipsi

271 1193 345 1222 coeli
361 1192 596 1222 inhabitatores
611 1190 761 1228 spiritus,
776 1198 854 1228 quos
876 1189 978 1218 domi-

271 1239 345 1268 nica
360 1246 439 1268 voce
466 1245 544 1267 oves
563 1236 706 1266 diximus
728 1236 925 1274 appellatos,
941 1237 977 1265 ut

271 1284 334 1322 ipsi
347 1284 412 1314 sint
424 1283 550 1313 montes
565 1282 621 1320 qui
636 1280 733 1312 oves?
747 1281 812 1310 Nisi
827 1280 908 1310 sorte
922 1280 978 1310 ab·

270 1330 406 1359 surdum
427 1329 489 1358 tibi
506 1328 669 1365 videatur,
685 1327 739 1357 aut
764 1327 799 1356 in
815 1327 977 1357 montibus

272 1376 419 1413 montes,
439 1375 495 1404 aut
523 1374 558 1403 in
583 1373 699 1403 ovibus
721 1381 800 1402 oves
822 1373 923 1411 pasci.
941 1373 978 1402 Et

270 1421 369 1457 iuxta
393 1421 537 1451 litteram
562 1419 696 1457 quidem
724 1419 841 1448 durum
869 1420 975 1455 sonat,

274 1465 454 1495 secundum
482 1464 685 1502 spiritualem
713 1466 823 1494 autem
853 1463 977 1493 intelli-

272 1511 416 1549 gentiam
431 1510 525 1540 dulce
538 1509 633 1548 sapit,
647 1509 673 1539 si
686 1509 850 1539 subtiliter
862 1508 978 1538 adver—

272 1558 405 1594 tamus,
430 1555 590 1594 quomodo
623 1555 835 1592 utrarumque
867 1554 977 1583 ovium

273 1603 396 1640 pastor,
417 1601 478 1631 Dei
492 1601 619 1631 scilicet
641 1599 803 1637 sapientia
822 1599 976 1637 Christus,

272 1655 375 1677 unum
388 1646 540 1684 idemque
556 1645 712 1684 pabulum
720 1643 867 1674 veritatis
883 1644 978 1674 aliter

274 1693 306 1722 in
324 1693 440 1731 terris,
457 1693 552 1722 aliter
568 1692 602 1721 in
625 1690 812 1720 coelestibus
828 1689 978 1727 gregibus

274 1738 342 1767 suis
355 1737 570 1767 administret.
586 1737 664 1765 Nam
676 1743 733 1765 nos
745 1734 876 1772 quidem
892 1743 978 1764 mor-

274 1784 358 1813 tales
373 1783 523 1812 homines
537 1782 670 1812 interim
686 1781 720 1810 in
742 1781 810 1810 loco
831 1781 978 1818 peregri—

275 1829 415 1858 nationis
429 1830 559 1866 nostrae,
575 1828 609 1857 in
621 1828 736 1858 sudore
752 1826 862 1856 vultus
876 1826 976 1856 nostri

274 1873 443 1904 comedere
451 1882 568 1912 panem
579 1874 725 1903 nostrum
736 1879 868 1902 necesse
877 1871 978 1901 habe-

274 1927 364 1958 mus,
385 1919 464 1950 foris
478 1919 572 1949 illum
596 1919 630 1948 in
649 1918 759 1948 labore
781 1917 815 1947 et
836 1925 977 1947 aerumna

273 1965 494 1995 mendicantes
505 1986 514 2003 ,
534 1965 569 1994 id
580 1965 629 1994 est
644 1963 699 1993 vel
719 1971 737 1993 a
761 1962 863 1993 doctis
879 1963 976 2000 viris,

276 2012 328 2040 vel
344 2019 361 2041 a
377 2012 477 2042 sacris
488 2011 594 2048 libris,
609 2010 663 2040 vel
678 2010 766 2040 certe
778 2017 837 2047 per
853 2016 890 2038 ea
905 2017 977 2047 quae

273 2056 357 2087 facta
391 2059 486 2095 sunt,
516 2055 696 2086 invisibilia
724 2055 786 2085 Dei
812 2054 976 2085 intellecta

273 2103 522 2141 conspicientes.
549 2102 667 2140 Angeli
692 2102 802 2131 autem
828 2100 862 2130 in
889 2101 976 2130 omni

273 2148 497 2187 plenttudine,
515 2148 576 2179 etsi
594 2156 659 2178 non
676 2155 693 2177 a
709 2146 910 2185 semetipsis,
930 2147 977 2176 ta-

277 2201 350 2222 men
379 2193 412 2222 in
442 2194 651 2232 semetipsis,
677 2193 767 2223 tanta
796 2191 974 2228 facilitate,

274 2237 393 2274 quanta
409 2239 442 2267 et
462 2238 620 2268 sellettate
641 2236 825 2276 accipiunt,
841 2236 930 2266 unde
944 2238 975 2266 et

274 2283 368 2312 beate
393 2283 523 2313 vivunt.
545 2284 626 2314 Sunt
649 2283 736 2314 enim
755 2290 866 2313 omnes
887 2281 976 2311 doei-

273 2328 356 2358 biles
370 2328 431 2357 Dei
448 2337 455 2357 :
469 2329 553 2366 quod
570 2338 645 2360 sane
662 2330 781 2360 electos
806 2328 974 2358 hominum

275 2374 469 2412 quandoque
491 2376 692 2405 assecuturos
721 2376 810 2405 certa
835 2374 974 2404 veritate

273 2419 488 2457 promittitur,
504 2420 537 2449 et
549 2421 692 2450 nondum
705 2420 850 2460 experiri
858 2420 976 2450 tribui-

273 2466 327 2493 tur
342 2463 499 2494 felicitate
516 2471 641 2493 secura.

314 2509 345 2539 6.
375 2510 552 2539 Pascuntur
582 2509 720 2547 proinde
751 2511 786 2540 in
811 2511 975 2541 montibus

273 2555 420 2593 montes,
435 2556 490 2585 vel
502 2563 579 2585 oves
597 2555 633 2584 in
654 2555 785 2592 ovibus,
802 2564 875 2585 cum
896 2565 973 2586 sane

274 2609 421 2639 supernae
434 2601 497 2632 illae
520 2601 706 2632 substantiae
722 2602 908 2639 spirituales
924 2603 972 2631 in-

276 2647 325 2676 tra
349 2649 538 2686 semetipsas
566 2647 606 2677 de
635 2647 741 2677 verbo
769 2647 864 2685 vitae,
889 2647 972 2678 unde

754 232 784 259 S.
806 228 1041 259 BERNARDI
1062 227 1257 256 ABBATIS

1014 288 1106 310 suam
1114 280 1244 311 beatam
1252 281 1571 320 perpetuent.vitam,
1583 280 1717 312 affluen-

1014 325 1066 355 ter
1079 325 1270 365 inveniunt,
1285 326 1386 356 iidem
1399 326 1460 365 ipsi
1477 327 1509 357 et
1524 327 1667 364 montes,
1684 328 1719 358 et

1013 378 1115 401 oves:
1133 371 1279 409 montes,
1307 373 1440 411 propter
1476 372 1718 411 plenitudinem

1012 416 1065 444 vel
1081 416 1310 446 celsitudinem
1325 426 1334 446 :
1347 425 1426 448 oves
1438 440 1448 456 ‚
1466 418 1601 456 propter
1622 425 1717 447 man-

1012 461 1233 493 suetudinem.
1261 462 1355 492 Pleni
1382 464 1502 502 quippe
1525 465 1611 500 Deo,
1634 462 1716 492 celsi

1012 507 1158 545 meritis,
1195 507 1354 537 cumulati
1385 508 1582 546 virtutibus,
1609 507 1715 537 nihilo

1012 552 1120 582 minus
1144 553 1256 582 tamen
1277 553 1402 583 erectos
1428 553 1569 584 vertices
1589 553 1657 583 tota
1682 553 1716 583 et

1012 597 1130 627 humili
1147 597 1334 627 obedientia
1353 597 1552 627 submittunt
1573 598 1606 627 et
1619 597 1715 627 incli-

1011 643 1093 672 nant
1114 642 1205 672 illius
1227 644 1322 680 longe
1346 642 1623 680 supereminentis
1652 642 1717 672 im-

1011 688 1101 725 perio
1116 688 1294 725 maJestatis
1307 709 1317 726 ,
1334 688 1501 725 tamquam
1526 695 1602 717 oves
1623 695 1716 717 man-

1011 734 1202 763 suetissimae
1222 733 1263 763 ad
1283 734 1400 763 nutum
1424 733 1475 764 sui
1497 733 1635 771 pastoris
1655 741 1717 771 per

1011 779 1119 808 omnia
1144 778 1368 816 ambulantes,
1385 779 1419 808 et
1441 778 1618 816 sequentes
1640 786 1716 808 eum

1011 832 1214 862 quocumque
1235 824 1322 854 ierit.
1338 824 1377 853 Et
1395 824 1430 853 in
1452 823 1502 852 his
1513 845 1523 861 ,
1535 823 1715 853 secundum

1011 870 1202 908 prophetam
1214 869 1336 907 David,
1352 877 1429 899 vere
1442 869 1607 899 montibus
1622 876 1715 898 sanc-

1011 915 1052 944 tis
1062 936 1071 952 ,
1087 915 1250 953 tamquam
1262 915 1369 952 prima
1383 915 1527 944 omnium
1543 914 1650 943 creata
1665 922 1717 944 sa-

1010 960 1151 998 pientia,
1178 960 1388 990 fundamenta
1419 960 1562 990 civitatis
1584 959 1715 989 Domini

1010 1005 1050 1034 ab
1065 1005 1158 1035 initio
1180 1005 1318 1035 firmiter
1342 1005 1485 1035 stabilita
1509 1005 1710 1043 consistunt3

1011 1059 1081 1088 quae
1096 1051 1210 1089 utique
1226 1060 1288 1081 una
1305 1052 1353 1081 est
1368 1051 1402 1080 in
1421 1050 1502 1080 coelo
1519 1051 1551 1080 et
1566 1050 1599 1080 in
1614 1052 1715 1089 terra,

1012 1097 1088 1126 licet
1101 1105 1143 1126 ex
1157 1097 1249 1135 parte
1264 1097 1495 1135 peregrinans,
1508 1097 1541 1126 et
1562 1104 1605 1125 ex
1618 1096 1710 1134 parte

1011 1151 1159 1180 regnans.
1176 1144 1213 1172 Et
1229 1151 1272 1173 ex
1295 1142 1347 1173 his
1369 1142 1605 1178 nihilominus,
1619 1142 1714 1179 juxta

1012 1189 1124 1218 lsaiam
1137 1211 1146 1226 ,
1161 1189 1327 1227 tamquam
1348 1188 1541 1227 quibusdam
1558 1187 1714 1217 vitalibus

1011 1234 1165 1271 cymbalis
1179 1234 1262 1263 bene
1272 1233 1471 1271 sonantibus,
1482 1232 1568 1271 jugis
1582 1233 1715 1263 resonat

1011 1280 1185 1316 gratiarum
1197 1279 1293 1317 actio,
1307 1280 1339 1308 et
1354 1287 1417 1308 vox
1431 1279 1555 1316 laudis,
1571 1278 1662 1308 suavi
1679 1279 1715 1308 et

1012 1324 1194 1354 incessabili
1220 1333 1299 1355 voce
1321 1324 1533 1362 implentibus
1545 1345 1554 1361 ,
1570 1322 1655 1361 quod
1668 1331 1711 1352 ex

1011 1370 1124 1400 eodem
1138 1370 1297 1409 Propheta
1309 1371 1404 1408 paulo
1426 1370 1500 1399 ante
1516 1368 1714 1398 memoravi-

1011 1424 1097 1453 mus,
1113 1416 1189 1453 quia
1202 1418 1317 1446 montes
1329 1417 1357 1445 et
1368 1415 1456 1444 colles
1470 1413 1639 1444 cantabunt
1661 1422 1713 1443 co-

1010 1469 1080 1489 rum
1095 1461 1161 1490 Deo
1178 1461 1302 1499 laudes3
1320 1461 1354 1490 et
1368 1459 1446 1490 item
1459 1458 1545 1497 quod
1560 1459 1616 1488 ille
1632 1458 1714 1488 alius

1011 1505 1144 1542 loquens
1163 1506 1204 1535 ad
1218 1505 1393 1535 Dominum
1402 1507 1505 1535 Deum
1519 1513 1527 1533 ε
1541 1505 1641 1541 Beati,
1654 1503 1712 1541 ait,

1010 1552 1063 1589 qui
1083 1551 1225 1581 habitant
1240 1553 1273 1581 in
1293 1553 1401 1587 domo,
1414 1553 1489 1586 tua,
1515 1549 1664 1580 Domine!
1679 1550 1712 1578 in

1008 1599 1118 1627 soecula
1126 1600 1303 1628 sss’culorum
1315 1597 1487 1627 laudabunt
1499 1597 1539 1626 te.

1050 1643 1080 1672 7.
1102 1642 1143 1671 Ηί
1173 1650 1246 1680 ergo
1277 1642 1289 1680 (
1300 1642 1338 1672 ut
1366 1642 1406 1671 ad
1431 1641 1465 1671 id
1492 1648 1708 1678 recurramus,

1010 1687 1096 1717 unde
1111 1687 1347 1725 aliquantulum
1358 1708 1367 1724 ‚
1383 1687 1460 1724 sed,
1481 1687 1518 1716 ut
1533 1687 1612 1724 puto
1630 1707 1639 1724 ,
1654 1693 1711 1715 ne-

1010 1733 1147 1763 cessarie
1159 1733 1336 1771 digressum
1351 1733 1400 1763 est
1414 1730 1425 1772 )
1442 1732 1492 1762 illi
1508 1732 1581 1762 sunt
1594 1733 1712 1761 montes

1010 1779 1108 1816 atque
1128 1780 1232 1815 colles,
1258 1779 1293 1808 in
1315 1778 1433 1817 quibus
1457 1777 1601 1807 Ecclesia
1627 1775 1712 1806 vidit

1010 1825 1175 1854 coelestem
1197 1823 1354 1862 Sponsum
1373 1823 1456 1853 mira
1477 1821 1643 1852 alacritate
1659 1829 1709 1850 sa—

1010 1869 1163 1908 lientem,
1183 1878 1257 1900 cum
1271 1869 1311 1899 ad
1338 1877 1412 1900 suos
1432 1867 1621 1907 properaret
1642 1874 1710 1895 am-

1010 1917 1141 1954 plexus;
1166 1923 1226 1946 nec
1250 1915 1345 1945 modo
1373 1915 1544 1945 salientem
1558 1935 1567 1950 ,
1593 1911 1649 1943 sed
1675 1912 1708 1941 et

1009 1961 1263 1992 transsilientem
1288 1969 1354 1991 eos.
1375 1960 1432 1990 Vis
1446 1959 1508 1990 tibi
1525 1959 1583 1988 hos
1609 1957 1708 1987 saltus

1010 2015 1051 2037 ex
1064 2006 1184 2037 litteris
1198 2006 1430 2044 Prophetarum
1443 2025 1453 2042 ,
1471 2002 1710 2041 Apostolorum-

1009 2060 1071 2090 que
1087 2050 1324 2081 demonstrem?
1341 2051 1410 2080 Non
1429 2048 1515 2087 quod
1536 2055 1622 2077 nunc
1640 2053 1711 2075 om-

1009 2097 1074 2134 nia,
1091 2105 1161 2135 quae
1176 2097 1216 2126 de
1229 2096 1290 2126 hac
1303 2104 1340 2126 re
1355 2095 1439 2134 apud
1454 2094 1526 2124 illos
1541 2093 1581 2123 ab
1598 2090 1708 2121 otiosis

1009 2142 1150 2173 inveniri
1176 2142 1315 2180 queunt,
1340 2140 1526 2171 testimonia
1549 2137 1708 2176 replicare

1009 2188 1182 2226 incipiam,
1204 2187 1291 2225 (hoc
1317 2187 1405 2216 enim
1430 2186 1562 2222 longum
1588 2183 1657 2220 est,
1676 2183 1709 2211 et

1008 2242 1088 2273 opus
1111 2241 1176 2263 non
1208 2234 1277 2262 est:
1295 2231 1305 2271 )
1333 2231 1391 2262 sed
1420 2239 1458 2260 ea
1483 2227 1706 2260 tantummodo

1008 2288 1108 2318 pono,
1120 2287 1191 2318 quae
1204 2278 1351 2309 breviter
1365 2278 1398 2308 et
1414 2277 1526 2315 aperte
1542 2274 1708 2304 adstruere

1008 2326 1180 2356 videantur
1196 2324 1230 2354 id
1239 2324 1324 2363 quod
1337 2323 1456 2353 dicitur
1469 2322 1508 2351 de
1518 2320 1631 2359 Sponsi
1647 2319 1708 2348 sal—

1009 2372 1107 2402 tibus.
1119 2371 1206 2401 Dicit
1220 2370 1260 2400 de
1274 2370 1330 2400 illo
1344 2368 1460 2406 David,
1473 2367 1547 2406 quia
1561 2367 1661 2404 posuit
1677 2366 1709 2394 in

1007 2419 1067 2450 sole
1079 2417 1310 2449 tabernaculum
1320 2424 1422 2451 suum,
1438 2416 1465 2445 et
1476 2416 1537 2452 ipse
1548 2415 1708 2450 tamquam

1007 2473 1134 2504 sponsus
1146 2464 1309 2503 procedens
1333 2463 1368 2492 de
1396 2461 1533 2491 thalamo
1556 2466 1610 2488 suo
1625 2466 1635 2486 .·
1654 2465 1707 2485 er-

1007 2511 1130 2541 saltavit
1153 2511 1188 2540 ut
1209 2510 1293 2548 qiqas
1307 2509 1348 2538 ad
1371 2507 1553 2537 currendam
1568 2505 1649 2534 viam
1662 2522 1671 2537 ,
1688 2511 1707 2529 ιι

1008 2565 1126 2587 summo
1142 2555 1215 2585 coelo
1241 2555 1368 2594 eqressio
1388 2553 1465 2590 ejus.
1481 2552 1527 2579 En
1549 2547 1705 2586 quantum

1008 2603 1125 2633 saltum
1140 2601 1247 2638 dedit,
1264 2608 1281 2629 a
1297 2605 1422 2637 summo
1444 2596 1524 2626 coelo
1539 2593 1577 2622 ad
1591 2593 1703 2621 terras.

1009 2648 1090 2678 Sane
1113 2647 1201 2677 enim
1226 2654 1289 2676 non
1319 2643 1448 2673 invenio
1472 2639 1546 2670 alil-i
1561 2661 1569 2675 .-
1591 2638 1647 2667 nl»i
1671 2637 1703 2666 in
