1830 3073
329 222 386 253 ¹274

329 282 465 311 elaustro
491 281 543 311 vel
572 289 692 311 eremo.
710 281 745 310 In
771 280 832 310 1136
859 280 1031 309 6131551036

329 327 420 356 nulla
440 327 476 357 fit
499 327 619 357 deserti
641 327 780 364 mentio,
797 326 853 356 aut
877 325 957 354 fumi
973 333 1032 354 seu

329 372 550 411 poenitentiae3
566 373 624 403 sed
643 373 743 409 lucis,
766 370 964 409 splendoris,
983 370 1032 399 at-

327 427 392 456 que
414 418 559 449 virtutis.
583 419 731 456 Denique
757 417 791 445 in
811 416 907 452 hujus
935 415 1030 445 laude

331 465 478 503 angelica
504 473 584 495 voce
610 463 782 493 cantatur:
807 463 880 500 Quoe
905 462 948 491 est
972 462 1031 490 ista

329 520 396 548 (111ae
423 512 556 541 ascendit
579 510 656 540 sicut
684 517 803 538 aurora
828 515 1029 544 consui-qens,

323 557 434 594 pulcra
446 558 479 586 ut
495 557 587 590 luna,
604 555 697 584 electa
716 555 750 583 ut
761 553 824 589 sol,
841 552 983 582 terribilis
998 553 1031 581 ut

325 604 499 632 castrorum
512 602 592 630 aries
606 598 770 629 ordinata?
783 599 819 628 In
830 598 948 636 quibus
959 606 1032 628 ver-

325 647 375 676 bis
392 647 513 683 triplex
528 645 633 675 virtus
659 644 730 682 ejus
751 644 952 682 ostenditur,
967 644 1030 673 hu-

325 693 464 730 militas,
479 691 609 721 castitas
620 714 628 730 ,
642 691 769 721 caritas.
782 692 903 720 Aurora
911 690 1030 729 quippe

326 738 401 767 finis
426 739 476 768 est
501 736 623 775 noctis,
640 739 673 767 et
694 737 825 766 initium
851 736 945 766 lucis.
962 736 1031 765 Nox

325 786 436 813 autem
452 783 554 813 vitam
576 783 773 821 peccatoris,
789 783 848 812 lux
873 781 1031 820 significat

326 829 428 858 vitam
449 828 541 866 justi.
557 829 679 858 Aurora
697 837 771 866 ergo
787 837 857 866 quae
878 827 967 865 fugat
982 828 1031 856 te·

324 875 443 905 nebras
453 897 461 912 ,
478 875 587 904 lucem
601 875 748 912 nuntiat,
763 874 880 903 merito
895 872 1032 902 humili-

325 922 426 950 tatem
442 921 586 959 designat
600 929 607 949 :
625 921 702 958 quia
717 921 802 949 sicut
824 920 881 949 illa
896 918 983 949 diem
998 920 1030 949 et

326 967 454 996 noctem
465 988 473 1003 ,
488 967 532 995 ita
549 966 610 995 ista
626 965 744 994 dividit
757 965 883 1001 justum
906 964 1031 1001 611166-

327 1013 482 1041 catorem.
499 1012 577 1041 Nam
598 1012 674 1040 hinc.
686 1034 694 1049 ,
711 1011 744 1040 id
762 1011 810 1040 est
838 1010 876 1039 al)
898 1009 1032 1039 humili-

325 1059 416 1095 tate,
439 1057 545 1094 justus
572 1057 708 1095 quisque
734 1056 872 1094 incipit,
897 1056 930 1085 et
955 1055 1031 1084 inde

325 1103 464 1141 prolicit.
488 1103 579 1132 Unde
595 1103 693 1132 etiam
719 1103 788 1140 ipsa
815 1111 933 1131 aurora
958 1110 1032 1131 con-

327 1158 454 1187 suryens
479 1148 616 1185 dicitur,
632 1149 669 1178 ut
692 1148 850 1177 videlicet
871 1147 1030 1177 virtutum

328 1196 489 1223 structura
511 1201 645 1231 surgens
665 1192 704 1222 ab
730 1192 935 1229 humilitate,
951 1191 1032 1220 133]-

328 1248 423 1277 quam
440 1239 568 1277 proprio
582 1239 790 1269 fundamento
802 1238 955 1275 erigatur.
972 1237 1032 1274 lgi-

326 1287 382 1314 tur
410 1286 450 1314 ad
479 1284 711 1315 ostendendam
728 1284 798 1321 ejus
813 1283 1030 1313 humilitatem

327 1331 449 1361 (lictum
480 1332 545 1366 est,
570 1331 654 1361 Sicut
683 1339 801 1360 aurora
835 1337 1030 1367 consurqens.

327 1377 412 1406 Illud
438 1385 515 1406 vero
551 1376 637 1414 quod
672 1375 836 1413 sequitur,
852 1375 968 1404 Pulcra
999 1376 1032 1403 ut

328 1423 402 1453 luna
412 1445 421 1459 ,
435 1422 617 1452 castitatem
629 1422 840 1452 demonstrat.
850 1422 945 1450 Porro
957 1421 1031 1449 luna

328 1469 448 1499 dicitur
463 1468 667 1507 splendorem
683 1475 777 1497 suum
792 1475 855 1496 non
872 1474 889 1496 3
914 1474 948 1496 56
975 1466 1033 1495 ha—

329 1515 427 1553 bere,
453 1515 511 1544 sed
534 1522 552 1544 a
581 1514 647 1544 sole
676 1514 806 1544 trahere
823 1522 830 1542 :
848 1513 1031 1551 quantoque

328 1562 429 1599 inagis
452 1561 528 1591 solis
544 1560 732 1598 conspectui
749 1559 909 1589 cernenda
935 1566 1033 1596 oppo—

329 1608 436 1645 nitur,
452 1608 541 1637 tanto
555 1608 678 1644 majore
703 1606 753 1635 sui
775 1606 868 1643 parte
889 1605 928 1634 ab
946 1604 1031 1641 ejus-

329 1653 403 1682 dem
429 1653 504 1682 solis
519 1653 642 1682 lumine
666 1651 857 1681 illustratur.
874 1650 1031 1680 Similiter

331 1698 553 1736 congregatio,
569 1706 627 1728 seu
638 1705 774 1735 quaeque
791 1696 895 1726 fidelis
911 1697 1031 1735 anima,

329 1744 356 1773 si
386 1744 456 1772 veri
486 1744 568 1773 Solis
597 1743 764 1773 obtutibus
793 1742 950 1777 offeratur
985 1742 1033 1771 in-

330 1789 471 1827 tuenda,
498 1789 568 1818 sine
598 1789 696 1818 dubio
722 1796 764 1817 ex
792 1788 1033 1818 visione-illius

329 1835 474 1865 admittit
498 1835 647 1873 protinus
661 1835 695 1864 in
711 1843 744 1864 se
762 1834 862 1864 decus
873 1834 1031 1872 quoddam

329 1880 581 1918 pulcritudinis,
598 1880 631 1910 et
645 1880 849 1909 venustatem
865 1879 1031 1909 castitatis.

330 1927 422 1956 Unde
444 1927 498 1964 fit,
520 1927 557 1956 ut
579 1934 621 1956 ex
643 1926 713 1963 ejus
739 1926 863 1955 lumine
887 1933 1033 1955 crescens

332 1974 364 2003 ct
390 1972 580 2010 proficiens,
606 1971 704 2001 etiam
732 1971 771 2000 ad
798 1971 1032 2008 perfectionem

329 2018 548 2057 provehatur,
577 2018 612 2047 ut
637 2018 725 2047 recte
754 2016 880 2046 dicatur
908 2015 947 2046 de
978 2016 1031 2046 illa

330 2063 416 2103 quod
434 2064 582 2102 sequitur
597 2072 605 2092 ε

371 2110 402 2140 [1.
419 2112 526 2141 Electa
541 2112 575 2140 ut
588 2110 643 2140 sol.
656 2109 761 2146 Quare
775 2110 811 2140 ut
822 2108 889 2139 sol?
901 2109 949 2139 An
961 2108 1033 2138 ideo

332 2157 408 2194 quia
432 2157 604 2195 fulgebunt
623 2156 701 2193 justi
717 2156 800 2186 sicut
816 2156 863 2185 sol
878 2155 913 2184 in
936 2163 1033 2193 regno

331 2203 434 2232 Patris
456 2202 586 2233 eorum?
607 2202 669 2232 Sed
697 2202 744 2231 ibi
769 2202 855 2231 unde
882 2202 964 2231 sicut
988 2202 1034 2231 sol

331 2247 520 2285 fulgebunt,
531 2248 595 2277 nisi
607 2247 646 2277 de
659 2246 831 2285 splendore
843 2246 943 2276 vestis
952 2254 1034 2283 nup—

330 2292 440 2322 tlalis?
456 2294 525 2330 Ipsa
540 2294 588 2322 est
604 2293 709 2329 enim,
721 2301 784 2331 qua
800 2292 913 2330 utique
925 2292 959 2321 in
971 2293 1035 2322 ter-

333 2338 379 2368 115
400 2339 498 2376 positi
518 2339 680 2368 vestiendi
707 2340 798 2368 erant
823 2338 893 2375 illi,
919 2338 1035 2376 quihus

334 2384 458 2413 dictum
473 2384 521 2413 est
536 2392 544 2411 :
560 2393 612 2414 vos
629 2386 730 2414 aulem
745 2386 839 2414 sedete
855 2385 886 2414 in
904 2385 1035 2421 civitate,

333 2431 426 2460 donec
441 2430 613 2459 induamini
626 2431 735 2459 virtute
748 2439 786 2459 ex
800 2431 873 2459 allo.
889 2430 956 2460 Hac
971 2430 1037 2459 vir-

334 2475 404 2503 tute
420 2473 582 2511 caritatis,
596 2481 692 2510 quain
709 2474 808 2503 vestis
831 2474 887 2503 illa
906 2475 1037 2512 nuptia-

335 2520 376 2550 lis
400 2519 576 2557 significat,
592 2519 737 2556 quisquis
764 2520 896 2549 indutus
918 2519 1036 2558 fuerit,

337 2566 530 2605 6313113613
553 2574 587 2596 56
613 2566 703 2595 16616
733 2565 950 2603 ordinaverit,
976 2566 1039 2597 erit

337 2612 550 2652 1-1-0culdubio
564 2611 722 2643 terribilis
748 2611 895 2640 hostibus
917 2611 982 2640 suis
1003 2613 1039 2641 ut

809 227 837 253 S.
860 225 1092 253 BERNARD!
1112 225 1306 254 ABBATIS

1065 278 1110 308 ris
1133 279 1265 317 quidem
1292 280 1466 310 virtutibus
1491 279 1762 319 quantascumque

1065 323 1135 352 sine
1155 324 1288 354 caritate
1303 325 1475 363 habuerIt,
1490 334 1554 356 non
1571 327 1684 356 curant
1703 327 1766 356 dae-

1066 376 1187 398 mones.
1218 369 1297 399 Cum
1317 379 1395 400 vero
1417 371 1587 401 caritatem
1607 372 1641 400 et
1663 371 1765 410 ipsam

1065 413 1245 444 ordinatam
1261 415 1293 444 in
1306 416 1376 446 acie
1385 416 1549 454 viderint,
1564 417 1640 447 ilico
1654 417 1766 456 1113661-

1065 459 1149 496 111165
1171 461 1312 498 aguntur
1332 461 1366 490 in
1393 461 1511 500 fugam.
1539 463 1648 493 Potest
1671 463 1707 492 in
1728 470 1769 492 eo

1064 506 1149 544 quod
1163 507 1283 537 dicitur
1297 508 1391 538 electa
1404 510 1437 538 ut
1449 510 1493 539 sol
1502 531 1512 546 ‚
1523 508 1766 548 perseverantia

1065 551 1223 590 intelligi,
1251 561 1323 591 quae
1352 554 1479 584 tantum
1501 556 1680 585 electorum
1704 555 1765 584 est.

1065 597 1100 626 In
1115 606 1152 628 eo
1169 601 1279 629 autem
1294 600 1380 637 quod
1392 601 1557 638 sequitur,
1574 601 1718 632 terribilis
1733 602 1767 630 ut

1064 647 1237 675 castrorum
1253 648 1332 677 acies
1345 647 1509 683 ordinata,
1525 646 1677 676 discretio
1701 653 1768 675 ma-

1065 690 1114 720 ter
1137 691 1315 730 virtutum,
1331 700 1391 730 per
1418 700 1516 730 quan}
1544 691 1710 722 terrentur
1735 690 1768 721 et

1065 735 1217 774 fugantur
1231 737 1392 768 daemones
1403 760 1412 776 ,
1427 737 1639 775 acquiruntur
1650 737 1768 767 61603-

1067 785 1238 813 servantur
1278 784 1429 814 virtutes.
1464 784 1600 814 Possunt
1633 784 1667 813 et
1706 783 1769 813 alia

1065 829 1166 859 multa
1183 829 1217 858 in
1240 829 1300 860 hac
1329 830 1471 860 secunda
1496 829 1670 860 emissione
1695 837 1769 858 con-

1065 883 1143 912 grue
1161 878 1192 907 et
1208 876 1346 914 intelligi
1363 877 1395 906 et
1410 876 1475 906 dici
1489 884 1496 904 :
1515 875 1572 906 sed
1583 875 1651 906 haec
1665 882 1768 914 pauca

1065 919 1104 949 de
1120 922 1232 952 multis
1248 922 1370 952 dixisse
1386 921 1538 951 sufficiat.

1104 968 1134 996 5.
1163 968 1272 997 Tertia
1301 967 1430 997 emissio
1468 966 1620 997 convenit
1646 965 1768 996 sanctis

1064 1012 1327 1049 praedicatoribus
1337 1034 1345 1050 ,
1362 1013 1401 1042 de
1416 1021 1554 1051 quorum
1564 1012 1631 1042 vita
1647 1012 1682 1041 et
1695 1011 1769 1041 doc-

1066 1058 1149 1087 trina
1174 1058 1271 1088 etiam
1296 1066 1361 1087 vox
1386 1059 1443 1087 illa
1469 1058 1528 1088 sub
1554 1056 1767 1087 admiratione

1066 1103 1228 1140 profertur
1243 1112 1251 1132 :
1270 1104 1344 1142 Quoe
1370 1105 1414 1135 est
1438 1105 1496 1134 ista
1508 1111 1576 1142 quae
1587 1103 1720 1133 ascendit
1734 1102 1769 1132 de

1065 1150 1179 1180 deserto
1191 1149 1303 1180 deliciis
1318 1149 1470 1187 affluens,
1491 1149 1604 1178 innixa
1615 1156 1707 1185 super
1721 1148 1769 1177 di-

1065 1194 1175 1225 lectum
1202 1205 1291 1226 suum
1304 1195 1318 1224 ?
1340 1196 1376 1224 In
1396 1195 1500 1233 prima
1516 1193 1689 1223 emissione
1700 1191 1769 1222 dic-

1065 1240 1135 1270 tum
1147 1241 1269 1284 1116131,
1279 1242 1352 1280 Quoe
1364 1243 1406 1271 est
1420 1242 1478 1271 ista
1489 1249 1556 1279 quoe
1570 1241 1704 1270 ascendit
1714 1249 1770 1278 per

1065 1289 1234 1324 desertum,
1250 1286 1284 1317 in
1309 1287 1370 1316 hac
1391 1287 1521 1317 autem:
1537 1287 1610 1324 Quoe
1637 1286 1770 1316 ascendit

1065 1335 1099 1363 de
1106 1335 1220 1363 deserto
1233 1343 1242 1363 .·
1255 1333 1331 1371 quia
1346 1332 1500 1361 nimirum
1515 1331 1561 1360 ibi
1573 1330 1770 1369 poenitentes

1066 1380 1284 1417 compungunt
1296 1379 1396 1417 spinae
1405 1400 1414 1416 ‚
1429 1386 1489 1415 per
1501 1385 1581 1415 quas
1594 1375 1767 1412 inceduntg

1067 1425 1119 1455 hic
1141 1433 1219 1454 vero
1246 1425 1392 1455 doctores
1417 1422 1574 1462 quicquid
1598 1421 1639 1451 de
1654 1421 1769 1451 saeculo

1067 1471 1234 1509 subripere
1269 1471 1467 1509 potuerunt,
1499 1467 1630 1499 sublimi
1660 1468 1768 1497 mente

1067 1518 1284 1547 calcaverunt.
1299 1518 1372 1547 Ideo
1386 1516 1509 1546 dictum
1525 1515 1594 1552 est,
1608 1515 1642 1543 de
1657 1514 1770 1544 deserto

1066 1565 1176 1598 deliciis
1187 1564 1328 1601 affluens.
1339 1562 1401 1593 Sed
1413 1560 1621 1600 quaerendum
1631 1560 1692 1597 est,
1701 1567 1770 1598 quae

1066 1609 1130 1639 sint
1153 1609 1219 1639 illae
1245 1608 1371 1638 deliciae
1382 1629 1391 1645 ⁷
1415 1607 1534 1646 quibus
1561 1605 1696 1636 affluere
1721 1604 1770 1634 di-

1067 1656 1200 1692 cuntur3
1217 1655 1250 1685 et
1273 1654 1345 1692 quis
1370 1654 1429 1683 ille
1453 1651 1610 1689 dilectus,
1633 1650 1688 1680 aut
1713 1658 1771 1680 cur

1067 1709 1164 1739 super
1177 1709 1252 1731 eum
1268 1700 1365 1730 inniti
1382 1699 1541 1729 dicantur.
1556 1697 1665 1735 Neque
1682 1695 1770 1726 enim

1067 1755 1176 1785 parvae
1192 1745 1388 1776 aestimandae
1403 1745 1495 1781 sunt,
1509 1751 1579 1781 quae
1591 1750 1608 1771 a
1620 1741 1771 1779 supernis

1068 1794 1194 1823 civibus
1215 1792 1342 1822 deliciae
1362 1790 1582 1820 nominantur.
1604 1787 1770 1825 Siquidem

1068 1837 1292 1875 hujuscemodi
1308 1836 1436 1866 deliciae
1460 1834 1580 1864 mentis
1592 1833 1684 1870 sunt,
1706 1840 1771 1862 non

1067 1884 1211 1920 ventris,
1228 1881 1349 1919 animi,
1366 1888 1429 1910 non
1445 1879 1606 1917 corporis3
1622 1876 1771 1915 spiritus,

1067 1937 1131 1958 non
1147 1928 1271 1966 carnis3
1287 1926 1419 1957 rationis
1430 1947 1439 1963 ,
1455 1933 1520 1954 non
1535 1922 1771 1958 sensualitati53

1067 1974 1230 2004 interioris
1240 1995 1249 2010 ,
1263 1981 1326 2002 non
1337 1970 1509 2001 exterioris
1520 1968 1671 1999 hominis.
1688 1969 1773 2006 Quas

1066 2021 1103 2050 ut
1111 2020 1255 2050 breviter
1267 2019 1374 2056 aliquo
1383 2017 1476 2047 modo
1485 2015 1664 2046 describam
1673 2037 1682 2052 ,
1695 2014 1773 2053 ipsae

1068 2067 1141 2096 sunt
1150 2064 1317 2095 abundans
1329 2062 1448 2092 infusio
1459 2061 1571 2100 gratiae
1581 2060 1770 2098 spiritualis.

1067 2112 1164 2141 Beata
1180 2111 1237 2140 illa
1250 2109 1357 2139 anima
1367 2131 1375 2147 ,
1389 2109 1441 2138 6111
1456 2108 1530 2138 talis
1546 2106 1650 2145 gratia
1663 2106 1773 2136 intun-

1068 2157 1173 2193 ditur,
1189 2164 1260 2194 quae
1275 2155 1309 2184 in
1324 2153 1605 2185 benedictionibus
1625 2160 1772 2191 supernae

1069 2201 1251 2233 dulcedinis
1262 2200 1478 2239 praevenitur,
1494 2198 1531 2229 ut
1545 2198 1704 2236 templum
1714 2197 1772 2227 Dei

1070 2250 1102 2278 et
1127 2247 1295 2278 oraculum
1317 2246 1456 2284 Spiritus
1481 2244 1585 2275 sancti
1601 2243 1770 2273 efficiatur.

1068 2294 1137 2323 Tali
1153 2293 1273 2331 quippe
1289 2292 1407 2321 animae
1422 2291 1535 2320 deesse
1559 2296 1625 2319 non
1641 2288 1773 2326 possunt

1070 2338 1194 2368 divitiae
1208 2337 1321 2367 salutis
1337 2335 1496 2373 sapientia
1521 2334 1556 2364 et
1570 2332 1724 2370 scientia,
1741 2333 1774 2362 et

1071 2384 1216 2421 ejusdem
1229 2382 1339 2413 salutis
1348 2381 1487 2420 optimus
1497 2380 1669 2410 thesaurus
1680 2379 1774 2409 timor

1070 2430 1211 2460 Domini.
1238 2428 1362 2466 Quibus
1388 2427 1516 2457 deliciis
1535 2435 1608 2456 cum
1630 2425 1773 2456 abunda-

1071 2475 1156 2506 verit
1184 2476 1217 2505 et
1242 2474 1369 2512 repleta
1382 2473 1501 2508 fuerit,
1517 2472 1640 2501 exaltet
1658 2472 1725 2509 jam
1739 2470 1774 2499 in

1073 2521 1218 2552 ecclesiis
1234 2519 1406 2550 Dominum
1417 2541 1425 2557 ,
1449 2520 1483 2548 et
1498 2518 1532 2547 in
1557 2517 1708 2547 cathedra
1723 2524 1775 2546 se-

1072 2568 1200 2597 niorum
1212 2566 1322 2596 laudet
1332 2573 1418 2595 eum.
1431 2563 1523 2602 Quod
1537 2562 1571 2592 in
1589 2570 1667 2592 aure
1682 2561 1774 2592 audi-

1074 2612 1122 2641 vit
1146 2612 1181 2641 in
1206 2610 1383 2646 cubiculis,
1408 2608 1564 2647 praedicet
1587 2607 1652 2644 jam
1678 2614 1773 2645 super

339 2660 517 2690 ‘castrorum
536 2658 621 2690 acies
634 2656 787 2690 ordinata.
805 2657 880 2687 Nam
895 2656 933 2687 de
947 2658 1038 2688 63616-
1077 2658 1160 2687 16613
1176 2679 1183 2694 ,
1207 2657 1239 2687 61
1269 2656 1314 2686 sic
1338 2654 1451 2685 affluet
1466 2653 1603 2685 deliciis.
1633 2652 1772 2683 Afssuere
