<?xml version="1.0" encoding="UTF-8"?>
<!DOCTYPE html PUBLIC "-//W3C//DTD XHTML 1.0 Transitional//EN"
    "http://www.w3.org/TR/xhtml1/DTD/xhtml1-transitional.dtd">
<html xmlns="http://www.w3.org/1999/xhtml" xml:lang="en" lang="en">
 <head>
  <title>
</title>
<meta http-equiv="Content-Type" content="text/html;charset=utf-8" />
  <meta name='ocr-system' content='tesseract 3.04.00' />
  <meta name='ocr-capabilities' content='ocr_page ocr_carea ocr_par ocr_line ocrx_word'/>
</head>
<body>
  <div class='ocr_page' id='page_1' title='image "./operagenuinajuxt03bernuoft/operagenuinajuxt03bernuoft_0458.png"; bbox 0 0 1846 3078; ppageno 0'>
   <div class='ocr_carea' id='block_1_1' title="bbox 226 220 942 2678">
    <p class='ocr_par' dir='ltr' id='par_1_1' title="bbox 226 220 935 1669">
     <span class='ocr_line' id='line_1_1' title="bbox 226 220 287 250; baseline 0 0"><span class='ocrx_word' id='word_1_1' title='bbox 226 220 287 250; x_wconf 60' lang='lat'>3118</span> 
     </span>
     <span class='ocr_line' id='line_1_2' title="bbox 227 266 933 311; baseline -0.014 -6"><span class='ocrx_word' id='word_1_2' title='bbox 227 274 323 304; x_wconf 75' lang='lat' dir='ltr'>mitas</span> <span class='ocrx_word' id='word_1_3' title='bbox 344 278 461 304; x_wconf 84' lang='lat' dir='ltr'>arcana</span> <span class='ocrx_word' id='word_1_4' title='bbox 474 267 550 303; x_wconf 87' lang='lat' dir='ltr'>coeli</span> <span class='ocrx_word' id='word_1_5' title='bbox 564 269 758 311; x_wconf 86' lang='lat' dir='ltr'>penetrare,</span> <span class='ocrx_word' id='word_1_6' title='bbox 784 269 818 298; x_wconf 85' lang='lat' dir='ltr'>et</span> <span class='ocrx_word' id='word_1_7' title='bbox 839 266 933 297; x_wconf 87' lang='lat' dir='ltr'>cubi-</span> 
     </span>
     <span class='ocr_line' id='line_1_3' title="bbox 227 313 932 358; baseline -0.013 -8"><span class='ocrx_word' id='word_1_8' title='bbox 227 321 337 351; x_wconf 84' lang='lat' dir='ltr'><strong>culum</strong></span> <span class='ocrx_word' id='word_1_9' title='bbox 357 319 454 358; x_wconf 86' lang='lat' dir='ltr'>Regis</span> <span class='ocrx_word' id='word_1_10' title='bbox 477 318 585 355; x_wconf 87' lang='lat' dir='ltr'>adire,</span> <span class='ocrx_word' id='word_1_11' title='bbox 601 318 636 348; x_wconf 88' lang='lat' dir='ltr'>et</span> <span class='ocrx_word' id='word_1_12' title='bbox 661 315 843 355; x_wconf 86' lang='lat' dir='ltr'>opportuna</span> <span class='ocrx_word' id='word_1_13' title='bbox 869 313 932 341; x_wconf 92' lang='lat' dir='ltr'>im—</span> 
     </span>
     <span class='ocr_line' id='line_1_4' title="bbox 226 358 930 404; baseline -0.014 -8"><span class='ocrx_word' id='word_1_14' title='bbox 226 365 427 404; x_wconf 83' lang='lat' dir='ltr'>portunitate</span> <span class='ocrx_word' id='word_1_15' title='bbox 434 364 526 403; x_wconf 88' lang='lat' dir='ltr'>pium</span> <span class='ocrx_word' id='word_1_16' title='bbox 537 363 634 401; x_wconf 83' lang='lat' dir='ltr'>Regis</span> <span class='ocrx_word' id='word_1_17' title='bbox 644 362 789 391; x_wconf 89' lang='lat' dir='ltr'>animum</span> <span class='ocrx_word' id='word_1_18' title='bbox 797 358 930 388; x_wconf 87' lang='lat' dir='ltr'>flectere</span> 
     </span>
     <span class='ocr_line' id='line_1_5' title="bbox 226 402 930 449; baseline -0.014 -8"><span class='ocrx_word' id='word_1_19' title='bbox 226 419 293 441; x_wconf 88' lang='lat' dir='ltr'>non</span> <span class='ocrx_word' id='word_1_20' title='bbox 307 411 473 449; x_wconf 89' lang='lat' dir='ltr'>indoctus,</span> <span class='ocrx_word' id='word_1_21' title='bbox 497 407 734 448; x_wconf 82' lang='lat' dir='ltr'>supplicatione</span> <span class='ocrx_word' id='word_1_22' title='bbox 750 402 930 434; x_wconf 82' lang='lat' dir='ltr'>miserabili</span> 
     </span>
     <span class='ocr_line' id='line_1_6' title="bbox 226 449 932 491; baseline -0.014 -4"><span class='ocrx_word' id='word_1_23' title='bbox 226 456 449 491; x_wconf 80' lang='lat' dir='ltr'>laborantibus</span> <span class='ocrx_word' id='word_1_24' title='bbox 482 455 644 486; x_wconf 82' lang='lat' dir='ltr'>auxilium</span> <span class='ocrx_word' id='word_1_25' title='bbox 677 451 790 481; x_wconf 88' lang='lat' dir='ltr'>solitus</span> <span class='ocrx_word' id='word_1_26' title='bbox 827 449 932 487; x_wconf 90' lang='lat' dir='ltr'>impe·</span> 
     </span>
     <span class='ocr_line' id='line_1_7' title="bbox 227 493 930 537; baseline -0.013 -6"><span class='ocrx_word' id='word_1_27' title='bbox 227 503 326 531; x_wconf 85' lang='lat' dir='ltr'>trare.</span> <span class='ocrx_word' id='word_1_28' title='bbox 351 502 411 532; x_wconf 88' lang='lat' dir='ltr'>Eat</span> <span class='ocrx_word' id='word_1_29' title='bbox 436 501 491 530; x_wconf 91' lang='lat' dir='ltr'>ille</span> <span class='ocrx_word' id='word_1_30' title='bbox 514 500 542 530; x_wconf 87' lang='lat' dir='ltr'>si</span> <span class='ocrx_word' id='word_1_31' title='bbox 569 497 678 537; x_wconf 86' lang='lat' dir='ltr'>placet</span> <span class='ocrx_word' id='word_1_32' title='bbox 701 505 709 525; x_wconf 68' lang='grc' dir='ltr'><strong>ι</strong></span> <span class='ocrx_word' id='word_1_33' title='bbox 737 502 814 525; x_wconf 84' lang='grc'><strong>6666</strong></span> <span class='ocrx_word' id='word_1_34' title='bbox 843 493 930 523; x_wconf 91' lang='lat' dir='ltr'>enim</span> 
     </span>
     <span class='ocr_line' id='line_1_8' title="bbox 226 539 931 586; baseline -0.014 -9"><span class='ocrx_word' id='word_1_35' title='bbox 226 547 342 586; x_wconf 84' lang='lat' dir='ltr'>praesto</span> <span class='ocrx_word' id='word_1_36' title='bbox 358 548 417 576; x_wconf 84' lang='lat' dir='ltr'>est.</span> <span class='ocrx_word' id='word_1_37' title='bbox 434 546 575 582; x_wconf 85' lang='lat' dir='ltr'>Cumque</span> <span class='ocrx_word' id='word_1_38' title='bbox 597 539 843 580; x_wconf 77' lang='lat' dir='ltr'>respondissent</span> <span class='ocrx_word' id='word_1_39' title='bbox 862 547 931 569; x_wconf 88' lang='lat' dir='ltr'>om-</span> 
     </span>
     <span class='ocr_line' id='line_1_9' title="bbox 227 584 932 630; baseline -0.013 -8"><span class='ocrx_word' id='word_1_40' title='bbox 227 600 304 630; x_wconf 85' lang='lat' dir='ltr'>ues,</span> <span class='ocrx_word' id='word_1_41' title='bbox 318 591 448 621; x_wconf 85' lang='lat' dir='ltr'>Placet:</span> <span class='ocrx_word' id='word_1_42' title='bbox 465 588 640 619; x_wconf 78' lang='lat' dir='ltr'>Prudentia</span> <span class='ocrx_word' id='word_1_43' title='bbox 655 587 735 625; x_wconf 87' lang='lat' dir='ltr'>quid</span> <span class='ocrx_word' id='word_1_44' title='bbox 752 585 833 622; x_wconf 89' lang='lat' dir='ltr'>Regi</span> <span class='ocrx_word' id='word_1_45' title='bbox 851 584 932 614; x_wconf 89' lang='lat' dir='ltr'>insi-</span> 
     </span>
     <span class='ocr_line' id='line_1_10' title="bbox 227 630 930 673; baseline -0.013 -5"><span class='ocrx_word' id='word_1_46' title='bbox 227 638 324 673; x_wconf 81' lang='lat' dir='ltr'>nuet,</span> <span class='ocrx_word' id='word_1_47' title='bbox 340 636 482 666; x_wconf 79' lang='lat' dir='ltr'>dictante</span> <span class='ocrx_word' id='word_1_48' title='bbox 497 633 626 664; x_wconf 86' lang='lat' dir='ltr'>Justitia</span> <span class='ocrx_word' id='word_1_49' title='bbox 639 633 676 662; x_wconf 86' lang='lat' dir='ltr'>ut</span> <span class='ocrx_word' id='word_1_50' title='bbox 688 631 828 661; x_wconf 87' lang='lat' dir='ltr'>fideliter</span> <span class='ocrx_word' id='word_1_51' title='bbox 842 630 930 668; x_wconf 88' lang='lat' dir='ltr'>agat,</span> 
     </span>
     <span class='ocr_line' id='line_1_11' title="bbox 229 676 929 716; baseline -0.01 -4"><span class='ocrx_word' id='word_1_52' title='bbox 229 683 262 712; x_wconf 91' lang='lat' dir='ltr'>et</span> <span class='ocrx_word' id='word_1_53' title='bbox 281 691 323 712; x_wconf 94' lang='lat' dir='ltr'>ne</span> <span class='ocrx_word' id='word_1_54' title='bbox 348 689 469 711; x_wconf 69' lang='lat' dir='ltr'>vacuus</span> <span class='ocrx_word' id='word_1_55' title='bbox 486 680 672 710; x_wconf 75' lang='lat' dir='ltr'>revertatur</span> <span class='ocrx_word' id='word_1_56' title='bbox 693 676 908 716; x_wconf 66' lang='lat' dir='ltr'>praecipiente</span> <span class='ocrx_word' id='word_1_57' title='bbox 920 698 929 714; x_wconf 90' lang='lat'>,</span> 
     </span>
     <span class='ocr_line' id='line_1_12' title="bbox 229 721 932 763; baseline -0.011 -6"><span class='ocrx_word' id='word_1_58' title='bbox 229 727 370 763; x_wconf 73' lang='lat' dir='ltr'>caeteris,</span> <span class='ocrx_word' id='word_1_59' title='bbox 386 728 419 756; x_wconf 90' lang='lat' dir='ltr'>et</span> <span class='ocrx_word' id='word_1_60' title='bbox 436 725 580 754; x_wconf 83' lang='lat' dir='ltr'>maxime</span> <span class='ocrx_word' id='word_1_61' title='bbox 594 724 737 760; x_wconf 79' lang='lat' dir='ltr'>Timore,</span> <span class='ocrx_word' id='word_1_62' title='bbox 751 723 789 751; x_wconf 90' lang='lat' dir='ltr'>ut</span> <span class='ocrx_word' id='word_1_63' title='bbox 802 721 866 751; x_wconf 87' lang='lat' dir='ltr'>iter</span> <span class='ocrx_word' id='word_1_64' title='bbox 878 729 932 750; x_wconf 83' lang='lat' dir='ltr'>ac-</span> 
     </span>
     <span class='ocr_line' id='line_1_13' title="bbox 228 767 932 810; baseline -0.013 -6"><span class='ocrx_word' id='word_1_65' title='bbox 228 773 387 804; x_wconf 86' lang='lat' dir='ltr'>celeraret</span> <span class='ocrx_word' id='word_1_66' title='bbox 410 770 680 810; x_wconf 78' lang='lat' dir='ltr'>deprecantibus,</span> <span class='ocrx_word' id='word_1_67' title='bbox 705 776 764 806; x_wconf 89' lang='lat' dir='ltr'>per</span> <span class='ocrx_word' id='word_1_68' title='bbox 787 767 932 797; x_wconf 88' lang='lat' dir='ltr'>occultos</span> 
     </span>
     <span class='ocr_line' id='line_1_14' title="bbox 228 812 931 856; baseline -0.01 -8"><span class='ocrx_word' id='word_1_69' title='bbox 228 819 384 856; x_wconf 86' lang='lat' dir='ltr'>quosdam</span> <span class='ocrx_word' id='word_1_70' title='bbox 397 817 483 847; x_wconf 92' lang='lat' dir='ltr'>muri</span> <span class='ocrx_word' id='word_1_71' title='bbox 507 816 618 846; x_wconf 75' lang='lat' dir='ltr'>exitus</span> <span class='ocrx_word' id='word_1_72' title='bbox 635 814 786 844; x_wconf 84' lang='lat' dir='ltr'>dimissus</span> <span class='ocrx_word' id='word_1_73' title='bbox 808 812 868 842; x_wconf 90' lang='lat' dir='ltr'>est.</span> <span class='ocrx_word' id='word_1_74' title='bbox 892 812 931 841; x_wconf 81' lang='lat' dir='ltr'>At</span> 
     </span>
     <span class='ocr_line' id='line_1_15' title="bbox 228 861 930 899; baseline -0.011 -5"><span class='ocrx_word' id='word_1_75' title='bbox 228 865 284 893; x_wconf 87' lang='lat' dir='ltr'>ille</span> <span class='ocrx_word' id='word_1_76' title='bbox 299 863 438 894; x_wconf 83' lang='lat' dir='ltr'>hostium</span> <span class='ocrx_word' id='word_1_77' title='bbox 452 869 573 892; x_wconf 91' lang='lat' dir='ltr'>cuneos</span> <span class='ocrx_word' id='word_1_78' title='bbox 588 861 762 899; x_wconf 88' lang='lat' dir='ltr'>penetrans</span> <span class='ocrx_word' id='word_1_79' title='bbox 776 866 911 888; x_wconf 87' lang='lat' dir='ltr'>securus</span> <span class='ocrx_word' id='word_1_80' title='bbox 921 879 930 894; x_wconf 91' lang='lat'>,</span> 
     </span>
     <span class='ocr_line' id='line_1_16' title="bbox 228 903 931 944; baseline -0.013 -4"><span class='ocrx_word' id='word_1_81' title='bbox 228 910 316 939; x_wconf 90' lang='lat' dir='ltr'>omni</span> <span class='ocrx_word' id='word_1_82' title='bbox 333 917 392 939; x_wconf 82' lang='lat' dir='ltr'>ave</span> <span class='ocrx_word' id='word_1_83' title='bbox 405 907 562 944; x_wconf 81' lang='lat' dir='ltr'>velocior,</span> <span class='ocrx_word' id='word_1_84' title='bbox 577 906 612 935; x_wconf 91' lang='lat' dir='ltr'>in</span> <span class='ocrx_word' id='word_1_85' title='bbox 624 904 801 940; x_wconf 89' lang='lat' dir='ltr'>momento,</span> <span class='ocrx_word' id='word_1_86' title='bbox 817 903 851 932; x_wconf 90' lang='lat' dir='ltr'>in</span> <span class='ocrx_word' id='word_1_87' title='bbox 864 903 931 931; x_wconf 90' lang='lat' dir='ltr'>ictu</span> 
     </span>
     <span class='ocr_line' id='line_1_17' title="bbox 228 949 931 992; baseline -0.01 -8"><span class='ocrx_word' id='word_1_88' title='bbox 228 955 316 984; x_wconf 87' lang='lat' dir='ltr'>oculi</span> <span class='ocrx_word' id='word_1_89' title='bbox 330 962 432 992; x_wconf 84' lang='lat' dir='ltr'>usque</span> <span class='ocrx_word' id='word_1_90' title='bbox 455 953 497 983; x_wconf 87' lang='lat' dir='ltr'>ad</span> <span class='ocrx_word' id='word_1_91' title='bbox 517 952 628 990; x_wconf 86' lang='lat' dir='ltr'>portas</span> <span class='ocrx_word' id='word_1_92' title='bbox 645 959 737 980; x_wconf 83' lang='lat' dir='ltr'>novae</span> <span class='ocrx_word' id='word_1_93' title='bbox 751 949 931 979; x_wconf 85' lang='lat' dir='ltr'>Jerusalem</span> 
     </span>
     <span class='ocr_line' id='line_1_18' title="bbox 228 993 932 1039; baseline -0.011 -10"><span class='ocrx_word' id='word_1_94' title='bbox 228 1000 392 1039; x_wconf 84' lang='lat' dir='ltr'>pervenit.</span> <span class='ocrx_word' id='word_1_95' title='bbox 408 998 589 1039; x_wconf 85' lang='lat' dir='ltr'>Quascum</span> <span class='ocrx_word' id='word_1_96' title='bbox 613 996 735 1025; x_wconf 89' lang='lat' dir='ltr'>clausas</span> <span class='ocrx_word' id='word_1_97' title='bbox 757 993 932 1032; x_wconf 86' lang='lat' dir='ltr'>reperisset</span> 
     </span>
     <span class='ocr_line' id='line_1_19' title="bbox 229 1038 932 1083; baseline -0.01 -10"><span class='ocrx_word' id='word_1_98' title='bbox 229 1044 263 1073; x_wconf 82' lang='lat' dir='ltr'>et</span> <span class='ocrx_word' id='word_1_99' title='bbox 276 1044 454 1083; x_wconf 84' lang='lat' dir='ltr'>pulsasset,</span> <span class='ocrx_word' id='word_1_100' title='bbox 470 1041 668 1080; x_wconf 82' lang='lat' dir='ltr'>janitoribus</span> <span class='ocrx_word' id='word_1_101' title='bbox 688 1048 773 1078; x_wconf 80' lang='lat' dir='ltr'>aegre</span> <span class='ocrx_word' id='word_1_102' title='bbox 794 1038 932 1068; x_wconf 82' lang='lat' dir='ltr'>ferenti-</span> 
     </span>
     <span class='ocr_line' id='line_1_20' title="bbox 229 1083 932 1128; baseline -0.013 -8"><span class='ocrx_word' id='word_1_103' title='bbox 229 1090 309 1128; x_wconf 83' lang='lat' dir='ltr'>bus,</span> <span class='ocrx_word' id='word_1_104' title='bbox 330 1088 416 1128; x_wconf 91' lang='lat' dir='ltr'>quod</span> <span class='ocrx_word' id='word_1_105' title='bbox 441 1087 647 1125; x_wconf 77' lang='lat' dir='ltr'>intempestae</span> <span class='ocrx_word' id='word_1_106' title='bbox 671 1084 776 1115; x_wconf 89' lang='lat' dir='ltr'>noctis</span> <span class='ocrx_word' id='word_1_107' title='bbox 801 1083 932 1113; x_wconf 87' lang='lat' dir='ltr'>silentio</span> 
     </span>
     <span class='ocr_line' id='line_1_21' title="bbox 229 1128 931 1172; baseline -0.011 -7"><span class='ocrx_word' id='word_1_108' title='bbox 229 1136 397 1165; x_wconf 82' lang='lat' dir='ltr'>civitatem</span> <span class='ocrx_word' id='word_1_109' title='bbox 411 1133 567 1172; x_wconf 87' lang='lat' dir='ltr'>impleret</span> <span class='ocrx_word' id='word_1_110' title='bbox 578 1130 772 1161; x_wconf 88' lang='lat' dir='ltr'>clamoribus</span> <span class='ocrx_word' id='word_1_111' title='bbox 785 1151 794 1166; x_wconf 87' lang='lat'>,</span> <span class='ocrx_word' id='word_1_112' title='bbox 808 1130 840 1159; x_wconf 90' lang='lat' dir='ltr'>et</span> <span class='ocrx_word' id='word_1_113' title='bbox 851 1128 931 1166; x_wconf 86' lang='lat' dir='ltr'>Regi</span> 
     </span>
     <span class='ocr_line' id='line_1_22' title="bbox 229 1175 932 1220; baseline -0.013 -8"><span class='ocrx_word' id='word_1_114' title='bbox 229 1181 292 1220; x_wconf 88' lang='lat' dir='ltr'>ipsi</span> <span class='ocrx_word' id='word_1_115' title='bbox 306 1181 510 1220; x_wconf 90' lang='lat' dir='ltr'>importunus</span> <span class='ocrx_word' id='word_1_116' title='bbox 519 1185 662 1208; x_wconf 89' lang='lat' dir='ltr'>essenon</span> <span class='ocrx_word' id='word_1_117' title='bbox 674 1175 861 1212; x_wconf 74' lang='lat' dir='ltr'>vereretur3</span> <span class='ocrx_word' id='word_1_118' title='bbox 876 1175 932 1204; x_wconf 89' lang='lat' dir='ltr'>ille</span> 
     </span>
     <span class='ocr_line' id='line_1_23' title="bbox 230 1221 933 1266; baseline -0.013 -8"><span class='ocrx_word' id='word_1_119' title='bbox 230 1226 461 1266; x_wconf 84' lang='lat' dir='ltr'>perseverabat</span> <span class='ocrx_word' id='word_1_120' title='bbox 485 1225 637 1264; x_wconf 88' lang='lat' dir='ltr'>pulsans,</span> <span class='ocrx_word' id='word_1_121' title='bbox 663 1223 696 1252; x_wconf 88' lang='lat' dir='ltr'>et</span> <span class='ocrx_word' id='word_1_122' title='bbox 720 1221 859 1259; x_wconf 85' lang='lat' dir='ltr'>amplius</span> <span class='ocrx_word' id='word_1_123' title='bbox 885 1221 933 1250; x_wconf 93' lang='lat' dir='ltr'>lo-</span> 
     </span>
     <span class='ocr_line' id='line_1_24' title="bbox 230 1268 934 1312; baseline -0.014 -7"><span class='ocrx_word' id='word_1_124' title='bbox 230 1273 393 1312; x_wconf 89' lang='lat' dir='ltr'>quebatur</span> <span class='ocrx_word' id='word_1_125' title='bbox 405 1281 414 1302; x_wconf 87' lang='lat'>:</span> <span class='ocrx_word' id='word_1_126' title='bbox 428 1271 561 1310; x_wconf 87' lang='lat' dir='ltr'>Aperite</span> <span class='ocrx_word' id='word_1_127' title='bbox 575 1268 670 1307; x_wconf 87' lang='lat' dir='ltr'>mihi,</span> <span class='ocrx_word' id='word_1_128' title='bbox 684 1268 791 1306; x_wconf 89' lang='lat' dir='ltr'>inquit</span> <span class='ocrx_word' id='word_1_129' title='bbox 801 1289 810 1305; x_wconf 85' lang='lat'>,</span> <span class='ocrx_word' id='word_1_130' title='bbox 826 1268 934 1305; x_wconf 89' lang='lat' dir='ltr'>portas</span> 
     </span>
     <span class='ocr_line' id='line_1_25' title="bbox 229 1313 933 1357; baseline -0.013 -7"><span class='ocrx_word' id='word_1_131' title='bbox 229 1319 365 1356; x_wconf 82' lang='lat' dir='ltr'>justitiae</span> <span class='ocrx_word' id='word_1_132' title='bbox 377 1340 386 1357; x_wconf 90' lang='lat'>,</span> <span class='ocrx_word' id='word_1_133' title='bbox 404 1318 437 1348; x_wconf 87' lang='lat' dir='ltr'>et</span> <span class='ocrx_word' id='word_1_134' title='bbox 458 1318 621 1356; x_wconf 85' lang='lat' dir='ltr'>ingressus</span> <span class='ocrx_word' id='word_1_135' title='bbox 635 1315 671 1344; x_wconf 88' lang='lat' dir='ltr'>in</span> <span class='ocrx_word' id='word_1_136' title='bbox 689 1323 743 1345; x_wconf 86' lang='lat' dir='ltr'>eas</span> <span class='ocrx_word' id='word_1_137' title='bbox 757 1313 933 1343; x_wconf 85' lang='lat' dir='ltr'>confitebor</span> 
     </span>
     <span class='ocr_line' id='line_1_26' title="bbox 232 1362 935 1403; baseline -0.01 -8"><span class='ocrx_word' id='word_1_138' title='bbox 232 1366 366 1395; x_wconf 90' lang='lat' dir='ltr'>Domino</span> <span class='ocrx_word' id='word_1_139' title='bbox 380 1364 461 1403; x_wconf 85' lang='lat' dir='ltr'>Regi</span> <span class='ocrx_word' id='word_1_140' title='bbox 480 1363 588 1393; x_wconf 84' lang='lat' dir='ltr'>nostro</span> <span class='ocrx_word' id='word_1_141' title='bbox 605 1362 639 1391; x_wconf 90' lang='lat' dir='ltr'>in</span> <span class='ocrx_word' id='word_1_142' title='bbox 654 1369 709 1391; x_wconf 92' lang='lat' dir='ltr'>ore</span> <span class='ocrx_word' id='word_1_143' title='bbox 725 1368 797 1389; x_wconf 90' lang='lat' dir='ltr'>meo</span> <span class='ocrx_word' id='word_1_144' title='bbox 819 1367 935 1389; x_wconf 87' lang='lat' dir='ltr'>secun-</span> 
     </span>
     <span class='ocr_line' id='line_1_27' title="bbox 231 1408 933 1443; baseline -0.01 -2"><span class='ocrx_word' id='word_1_145' title='bbox 231 1412 308 1441; x_wconf 76' lang='lat' dir='ltr'>dum</span> <span class='ocrx_word' id='word_1_146' title='bbox 327 1410 573 1440; x_wconf 78' lang='lat' dir='ltr'>multitudinem</span> <span class='ocrx_word' id='word_1_147' title='bbox 596 1408 741 1437; x_wconf 88' lang='lat' dir='ltr'>dolorum</span> <span class='ocrx_word' id='word_1_148' title='bbox 764 1413 911 1435; x_wconf 90' lang='lat' dir='ltr'>meorum</span> <span class='ocrx_word' id='word_1_149' title='bbox 924 1426 933 1443; x_wconf 86' lang='lat'>,</span> 
     </span>
     <span class='ocr_line' id='line_1_28' title="bbox 231 1451 933 1495; baseline -0.01 -8"><span class='ocrx_word' id='word_1_150' title='bbox 231 1457 287 1495; x_wconf 87' lang='lat' dir='ltr'>qui</span> <span class='ocrx_word' id='word_1_151' title='bbox 306 1457 382 1487; x_wconf 86' lang='lat' dir='ltr'>sunt</span> <span class='ocrx_word' id='word_1_152' title='bbox 403 1456 437 1486; x_wconf 91' lang='lat' dir='ltr'>in</span> <span class='ocrx_word' id='word_1_153' title='bbox 465 1455 561 1485; x_wconf 80' lang='lat' dir='ltr'>corde</span> <span class='ocrx_word' id='word_1_154' title='bbox 582 1462 666 1483; x_wconf 90' lang='lat' dir='ltr'>meo.</span> <span class='ocrx_word' id='word_1_155' title='bbox 690 1454 786 1490; x_wconf 85' lang='lat' dir='ltr'>Haec,</span> <span class='ocrx_word' id='word_1_156' title='bbox 808 1451 933 1489; x_wconf 89' lang='lat' dir='ltr'>inquit,</span> 
     </span>
     <span class='ocr_line' id='line_1_29' title="bbox 231 1497 933 1541; baseline -0.011 -8"><span class='ocrx_word' id='word_1_157' title='bbox 231 1503 324 1541; x_wconf 88' lang='lat' dir='ltr'>porta</span> <span class='ocrx_word' id='word_1_158' title='bbox 338 1501 468 1532; x_wconf 88' lang='lat' dir='ltr'>Domini</span> <span class='ocrx_word' id='word_1_159' title='bbox 480 1500 558 1530; x_wconf 90' lang='lat' dir='ltr'>mei.</span> <span class='ocrx_word' id='word_1_160' title='bbox 573 1499 703 1529; x_wconf 86' lang='lat' dir='ltr'>Justitia</span> <span class='ocrx_word' id='word_1_161' title='bbox 718 1506 770 1527; x_wconf 90' lang='lat' dir='ltr'>me</span> <span class='ocrx_word' id='word_1_162' title='bbox 786 1497 876 1526; x_wconf 87' lang='lat' dir='ltr'>misit</span> <span class='ocrx_word' id='word_1_163' title='bbox 895 1497 933 1526; x_wconf 88' lang='lat' dir='ltr'>ad</span> 
     </span>
     <span class='ocr_line' id='line_1_30' title="bbox 232 1543 932 1586; baseline -0.009 -8"><span class='ocrx_word' id='word_1_164' title='bbox 232 1557 289 1579; x_wconf 87' lang='lat' dir='ltr'>vos</span> <span class='ocrx_word' id='word_1_165' title='bbox 301 1571 311 1586; x_wconf 83' lang='lat'><em>‚</em></span> <span class='ocrx_word' id='word_1_166' title='bbox 327 1549 364 1578; x_wconf 90' lang='lat' dir='ltr'>ut</span> <span class='ocrx_word' id='word_1_167' title='bbox 383 1547 572 1577; x_wconf 89' lang='lat' dir='ltr'>introducar</span> <span class='ocrx_word' id='word_1_168' title='bbox 584 1545 624 1575; x_wconf 87' lang='lat' dir='ltr'>ad</span> <span class='ocrx_word' id='word_1_169' title='bbox 646 1546 768 1582; x_wconf 80' lang='lat' dir='ltr'>Regem</span> <span class='ocrx_word' id='word_1_170' title='bbox 782 1565 790 1581; x_wconf 93' lang='lat'>,</span> <span class='ocrx_word' id='word_1_171' title='bbox 807 1543 882 1581; x_wconf 87' lang='lat' dir='ltr'>quia</span> <span class='ocrx_word' id='word_1_172' title='bbox 894 1543 932 1572; x_wconf 85' lang='lat' dir='ltr'>ad</span> 
     </span>
     <span class='ocr_line' id='line_1_31' title="bbox 233 1588 933 1632; baseline -0.01 -9"><span class='ocrx_word' id='word_1_173' title='bbox 233 1595 339 1632; x_wconf 88' lang='lat' dir='ltr'>ipsum</span> <span class='ocrx_word' id='word_1_174' title='bbox 372 1593 477 1622; x_wconf 84' lang='lat' dir='ltr'>habco</span> <span class='ocrx_word' id='word_1_175' title='bbox 503 1592 628 1621; x_wconf 88' lang='lat' dir='ltr'>secreta</span> <span class='ocrx_word' id='word_1_176' title='bbox 657 1598 730 1628; x_wconf 83' lang='lat' dir='ltr'>quae</span> <span class='ocrx_word' id='word_1_177' title='bbox 757 1588 933 1626; x_wconf 80' lang='lat' dir='ltr'>perferam.</span> 
     </span>
     <span class='ocr_line' id='line_1_32' title="bbox 232 1634 934 1669; baseline -0.01 0"><span class='ocrx_word' id='word_1_178' title='bbox 232 1639 303 1669; x_wconf 74' lang='lat' dir='ltr'>&#39;Vox</span> <span class='ocrx_word' id='word_1_179' title='bbox 320 1638 460 1668; x_wconf 83' lang='lat' dir='ltr'>turbinis</span> <span class='ocrx_word' id='word_1_180' title='bbox 475 1636 585 1666; x_wconf 87' lang='lat' dir='ltr'>audita</span> <span class='ocrx_word' id='word_1_181' title='bbox 601 1636 649 1666; x_wconf 91' lang='lat' dir='ltr'>est</span> <span class='ocrx_word' id='word_1_182' title='bbox 664 1637 697 1664; x_wconf 90' lang='grc'>111</span> <span class='ocrx_word' id='word_1_183' title='bbox 712 1636 798 1664; x_wconf 87' lang='lat' dir='ltr'>terra</span> <span class='ocrx_word' id='word_1_184' title='bbox 813 1634 934 1663; x_wconf 88' lang='lat' dir='ltr'>nostra.</span> 
     </span>
    </p>

    <p class='ocr_par' dir='ltr' id='par_1_2' title="bbox 233 1680 942 2678">
     <span class='ocr_line' id='line_1_33' title="bbox 274 1680 935 1721; baseline -0.009 -7"><span class='ocrx_word' id='word_1_185' title='bbox 274 1685 302 1714; x_wconf 94' lang='grc'><strong>7.</strong></span> <span class='ocrx_word' id='word_1_186' title='bbox 319 1685 392 1714; x_wconf 83' lang='lat' dir='ltr'>Rex</span> <span class='ocrx_word' id='word_1_187' title='bbox 403 1691 477 1714; x_wconf 90' lang='lat' dir='ltr'>cum</span> <span class='ocrx_word' id='word_1_188' title='bbox 489 1681 690 1721; x_wconf 73' lang='lat' dir='ltr'>cognovisset</span> <span class='ocrx_word' id='word_1_189' title='bbox 700 1680 851 1710; x_wconf 83' lang='lat' dir='ltr'>nuntium</span> <span class='ocrx_word' id='word_1_190' title='bbox 865 1687 935 1709; x_wconf 86' lang='lat' dir='ltr'>esse</span> 
     </span>
     <span class='ocr_line' id='line_1_34' title="bbox 233 1725 936 1767; baseline -0.01 -7"><span class='ocrx_word' id='word_1_191' title='bbox 233 1730 389 1767; x_wconf 79' lang='lat' dir='ltr'>Justitiae,</span> <span class='ocrx_word' id='word_1_192' title='bbox 408 1728 570 1759; x_wconf 82' lang='lat' dir='ltr'>introduci</span> <span class='ocrx_word' id='word_1_193' title='bbox 592 1734 668 1756; x_wconf 90' lang='lat' dir='ltr'>eum</span> <span class='ocrx_word' id='word_1_194' title='bbox 687 1725 855 1764; x_wconf 60' lang='lat' dir='ltr'>praecepit.</span> <span class='ocrx_word' id='word_1_195' title='bbox 882 1725 936 1754; x_wconf 89' lang='lat' dir='ltr'>In-</span> 
     </span>
     <span class='ocr_line' id='line_1_35' title="bbox 234 1770 936 1814; baseline -0.009 -8"><span class='ocrx_word' id='word_1_196' title='bbox 234 1784 341 1814; x_wconf 76' lang='lat' dir='ltr'>gressa</span> <span class='ocrx_word' id='word_1_197' title='bbox 362 1775 471 1805; x_wconf 92' lang='lat' dir='ltr'>Oratio</span> <span class='ocrx_word' id='word_1_198' title='bbox 487 1773 527 1803; x_wconf 89' lang='lat' dir='ltr'>ad</span> <span class='ocrx_word' id='word_1_199' title='bbox 549 1774 670 1810; x_wconf 85' lang='lat' dir='ltr'>Regem</span> <span class='ocrx_word' id='word_1_200' title='bbox 684 1794 693 1809; x_wconf 90' lang='lat'><strong>‚</strong></span> <span class='ocrx_word' id='word_1_201' title='bbox 710 1770 877 1808; x_wconf 82' lang='lat' dir='ltr'>adoravit,</span> <span class='ocrx_word' id='word_1_202' title='bbox 902 1771 936 1801; x_wconf 86' lang='lat' dir='ltr'>et</span> 
     </span>
     <span class='ocr_line' id='line_1_36' title="bbox 234 1816 934 1859; baseline -0.009 -8"><span class='ocrx_word' id='word_1_203' title='bbox 234 1822 304 1851; x_wconf 82' lang='lat' dir='ltr'>ait:</span> <span class='ocrx_word' id='word_1_204' title='bbox 331 1822 420 1859; x_wconf 83' lang='lat' dir='ltr'>Rex,</span> <span class='ocrx_word' id='word_1_205' title='bbox 446 1820 481 1849; x_wconf 90' lang='lat' dir='ltr'>iu</span> <span class='ocrx_word' id='word_1_206' title='bbox 506 1820 667 1850; x_wconf 87' lang='lat' dir='ltr'>aeternum</span> <span class='ocrx_word' id='word_1_207' title='bbox 682 1817 770 1846; x_wconf 77' lang='lat' dir='ltr'>vive.</span> <span class='ocrx_word' id='word_1_208' title='bbox 798 1817 836 1846; x_wconf 89' lang='lat' dir='ltr'>Et</span> <span class='ocrx_word' id='word_1_209' title='bbox 854 1816 934 1847; x_wconf 90' lang='lat' dir='ltr'>ille:</span> 
     </span>
     <span class='ocr_line' id='line_1_37' title="bbox 236 1861 936 1897; baseline -0.01 0"><span class='ocrx_word' id='word_1_210' title='bbox 236 1867 379 1897; x_wconf 84' lang='lat' dir='ltr'>Rectene</span> <span class='ocrx_word' id='word_1_211' title='bbox 412 1865 488 1896; x_wconf 87' lang='lat' dir='ltr'>sunt</span> <span class='ocrx_word' id='word_1_212' title='bbox 516 1864 625 1894; x_wconf 91' lang='lat' dir='ltr'>omnia</span> <span class='ocrx_word' id='word_1_213' title='bbox 654 1863 740 1892; x_wconf 91' lang='lat' dir='ltr'>circa</span> <span class='ocrx_word' id='word_1_214' title='bbox 768 1861 936 1891; x_wconf 90' lang='lat' dir='ltr'>dominum</span> 
     </span>
     <span class='ocr_line' id='line_1_38' title="bbox 235 1908 935 1951; baseline -0.009 -8"><span class='ocrx_word' id='word_1_215' title='bbox 235 1917 326 1943; x_wconf 86' lang='lat' dir='ltr'>tuum</span> <span class='ocrx_word' id='word_1_216' title='bbox 338 1935 348 1951; x_wconf 91' lang='lat'>,</span> <span class='ocrx_word' id='word_1_217' title='bbox 377 1913 412 1942; x_wconf 90' lang='lat' dir='ltr'>et</span> <span class='ocrx_word' id='word_1_218' title='bbox 430 1920 501 1950; x_wconf 81' lang='lat' dir='ltr'>quae</span> <span class='ocrx_word' id='word_1_219' title='bbox 516 1911 605 1940; x_wconf 89' lang='lat' dir='ltr'>illius</span> <span class='ocrx_word' id='word_1_220' title='bbox 624 1909 699 1939; x_wconf 90' lang='lat' dir='ltr'>sunt</span> <span class='ocrx_word' id='word_1_221' title='bbox 717 1908 729 1937; x_wconf 73' lang='grc' dir='ltr'>ἓ</span> <span class='ocrx_word' id='word_1_222' title='bbox 747 1909 785 1938; x_wconf 86' lang='lat' dir='ltr'>Et</span> <span class='ocrx_word' id='word_1_223' title='bbox 800 1908 911 1938; x_wconf 89' lang='lat' dir='ltr'>Oratio</span> <span class='ocrx_word' id='word_1_224' title='bbox 928 1917 935 1937; x_wconf 77' lang='lat' dir='ltr'>t</span> 
     </span>
     <span class='ocr_line' id='line_1_39' title="bbox 237 1953 937 1997; baseline -0.009 -8"><span class='ocrx_word' id='word_1_225' title='bbox 237 1960 353 1997; x_wconf 75' lang='lat' dir='ltr'>Recte,</span> <span class='ocrx_word' id='word_1_226' title='bbox 381 1958 543 1994; x_wconf 87' lang='lat' dir='ltr'>Domine,</span> <span class='ocrx_word' id='word_1_227' title='bbox 567 1955 670 1986; x_wconf 62' lang='lat' dir='ltr'>vestri</span> <span class='ocrx_word' id='word_1_228' title='bbox 699 1953 814 1992; x_wconf 87' lang='lat' dir='ltr'>gratia.</span> <span class='ocrx_word' id='word_1_229' title='bbox 839 1956 937 1984; x_wconf 88' lang='lat' dir='ltr'>Porro</span> 
     </span>
     <span class='ocr_line' id='line_1_40' title="bbox 236 2000 939 2035; baseline -0.006 0"><span class='ocrx_word' id='word_1_230' title='bbox 236 2013 336 2035; x_wconf 89' lang='lat' dir='ltr'>unum</span> <span class='ocrx_word' id='word_1_231' title='bbox 352 2005 402 2034; x_wconf 90' lang='lat' dir='ltr'>est</span> <span class='ocrx_word' id='word_1_232' title='bbox 416 2002 647 2033; x_wconf 85' lang='lat' dir='ltr'>necessarium.</span> <span class='ocrx_word' id='word_1_233' title='bbox 662 2001 782 2031; x_wconf 75' lang='lat' dir='ltr'>Servus</span> <span class='ocrx_word' id='word_1_234' title='bbox 796 2000 852 2030; x_wconf 92' lang='lat' dir='ltr'>ille</span> <span class='ocrx_word' id='word_1_235' title='bbox 869 2009 939 2031; x_wconf 67' lang='lat' dir='ltr'>ves—</span> 
     </span>
     <span class='ocr_line' id='line_1_41' title="bbox 235 2045 940 2084; baseline -0.009 -4"><span class='ocrx_word' id='word_1_236' title='bbox 235 2051 286 2080; x_wconf 80' lang='lat' dir='ltr'>ter</span> <span class='ocrx_word' id='word_1_237' title='bbox 312 2058 330 2079; x_wconf 88' lang='lat' dir='ltr'>a</span> <span class='ocrx_word' id='word_1_238' title='bbox 355 2049 507 2079; x_wconf 88' lang='lat' dir='ltr'>cornibus</span> <span class='ocrx_word' id='word_1_239' title='bbox 532 2047 742 2077; x_wconf 89' lang='lat' dir='ltr'>unicornium</span> <span class='ocrx_word' id='word_1_240' title='bbox 770 2045 810 2075; x_wconf 91' lang='lat' dir='ltr'>ad</span> <span class='ocrx_word' id='word_1_241' title='bbox 836 2046 940 2084; x_wconf 88' lang='lat' dir='ltr'>impe-</span> 
     </span>
     <span class='ocr_line' id='line_1_42' title="bbox 236 2091 938 2132; baseline -0.004 -8"><span class='ocrx_word' id='word_1_242' title='bbox 236 2095 321 2124; x_wconf 84' lang='lat' dir='ltr'>rium</span> <span class='ocrx_word' id='word_1_243' title='bbox 337 2095 432 2132; x_wconf 87' lang='lat' dir='ltr'>Regis</span> <span class='ocrx_word' id='word_1_244' title='bbox 447 2095 589 2132; x_wconf 87' lang='lat' dir='ltr'>ereptus,</span> <span class='ocrx_word' id='word_1_245' title='bbox 599 2092 733 2122; x_wconf 81' lang='lat' dir='ltr'>divertit</span> <span class='ocrx_word' id='word_1_246' title='bbox 748 2091 788 2121; x_wconf 92' lang='lat' dir='ltr'>ad</span> <span class='ocrx_word' id='word_1_247' title='bbox 800 2091 938 2121; x_wconf 90' lang='lat' dir='ltr'>militem</span> 
     </span>
     <span class='ocr_line' id='line_1_43' title="bbox 238 2138 938 2175; baseline -0.003 -7"><span class='ocrx_word' id='word_1_248' title='bbox 238 2143 383 2170; x_wconf 88' lang='lat' dir='ltr'>vestrum</span> <span class='ocrx_word' id='word_1_249' title='bbox 397 2140 565 2170; x_wconf 88' lang='lat' dir='ltr'>dominum</span> <span class='ocrx_word' id='word_1_250' title='bbox 582 2147 692 2168; x_wconf 87' lang='lat' dir='ltr'>meum</span> <span class='ocrx_word' id='word_1_251' title='bbox 709 2147 717 2166; x_wconf 74' lang='grc' dir='ltr'>ι</span> <span class='ocrx_word' id='word_1_252' title='bbox 735 2138 787 2175; x_wconf 89' lang='lat' dir='ltr'>et,</span> <span class='ocrx_word' id='word_1_253' title='bbox 803 2138 938 2167; x_wconf 86' lang='lat' dir='ltr'>Domine</span> 
     </span>
     <span class='ocr_line' id='line_1_44' title="bbox 239 2184 940 2222; baseline -0.001 -8"><span class='ocrx_word' id='word_1_254' title='bbox 239 2186 285 2214; x_wconf 81' lang='lat' dir='ltr'>ini</span> <span class='ocrx_word' id='word_1_255' title='bbox 296 2207 306 2222; x_wconf 84' lang='lat'>,</span> <span class='ocrx_word' id='word_1_256' title='bbox 322 2188 408 2216; x_wconf 87' lang='lat' dir='ltr'>terra</span> <span class='ocrx_word' id='word_1_257' title='bbox 425 2186 479 2215; x_wconf 88' lang='grc'><strong>1113</strong></span> <span class='ocrx_word' id='word_1_258' title='bbox 495 2185 644 2215; x_wconf 88' lang='lat' dir='ltr'>australis</span> <span class='ocrx_word' id='word_1_259' title='bbox 660 2185 693 2214; x_wconf 84' lang='lat' dir='ltr'>et</span> <span class='ocrx_word' id='word_1_260' title='bbox 710 2192 805 2213; x_wconf 89' lang='lat' dir='ltr'>arens</span> <span class='ocrx_word' id='word_1_261' title='bbox 818 2184 868 2213; x_wconf 84' lang='lat' dir='ltr'>est</span> <span class='ocrx_word' id='word_1_262' title='bbox 880 2206 889 2221; x_wconf 90' lang='lat'>,</span> <span class='ocrx_word' id='word_1_263' title='bbox 907 2185 940 2213; x_wconf 88' lang='lat' dir='ltr'>et</span> 
     </span>
     <span class='ocr_line' id='line_1_45' title="bbox 239 2230 940 2261; baseline -0.003 0"><span class='ocrx_word' id='word_1_264' title='bbox 239 2232 348 2261; x_wconf 84' lang='lat' dir='ltr'>cibum</span> <span class='ocrx_word' id='word_1_265' title='bbox 371 2240 435 2260; x_wconf 89' lang='lat' dir='ltr'>non</span> <span class='ocrx_word' id='word_1_266' title='bbox 452 2232 562 2261; x_wconf 88' lang='lat' dir='ltr'>habet.</span> <span class='ocrx_word' id='word_1_267' title='bbox 585 2231 648 2260; x_wconf 89' lang='lat' dir='ltr'>Det</span> <span class='ocrx_word' id='word_1_268' title='bbox 668 2230 824 2259; x_wconf 85' lang='lat' dir='ltr'>Dominus</span> <span class='ocrx_word' id='word_1_269' title='bbox 837 2230 940 2260; x_wconf 83' lang='lat' dir='ltr'>bene-</span> 
     </span>
     <span class='ocr_line' id='line_1_46' title="bbox 241 2275 940 2313; baseline -0.004 -6"><span class='ocrx_word' id='word_1_270' title='bbox 241 2277 435 2313; x_wconf 85' lang='lat' dir='ltr'>dictionem,</span> <span class='ocrx_word' id='word_1_271' title='bbox 453 2279 486 2306; x_wconf 89' lang='lat' dir='ltr'>et</span> <span class='ocrx_word' id='word_1_272' title='bbox 500 2279 585 2306; x_wconf 87' lang='lat' dir='ltr'>terra</span> <span class='ocrx_word' id='word_1_273' title='bbox 600 2277 708 2306; x_wconf 85' lang='lat' dir='ltr'>nostra</span> <span class='ocrx_word' id='word_1_274' title='bbox 724 2275 778 2305; x_wconf 81' lang='lat' dir='ltr'>det</span> <span class='ocrx_word' id='word_1_275' title='bbox 795 2275 940 2305; x_wconf 80' lang='lat' dir='ltr'>fructum</span> 
     </span>
     <span class='ocr_line' id='line_1_47' title="bbox 240 2321 941 2359; baseline -0.001 -7"><span class='ocrx_word' id='word_1_276' title='bbox 240 2331 345 2352; x_wconf 78' lang='lat' dir='ltr'>suum.</span> <span class='ocrx_word' id='word_1_277' title='bbox 362 2323 407 2351; x_wconf 88' lang='lat' dir='ltr'>Eu</span> <span class='ocrx_word' id='word_1_278' title='bbox 423 2322 605 2359; x_wconf 73' lang='lat' dir='ltr'>congregati</span> <span class='ocrx_word' id='word_1_279' title='bbox 620 2322 726 2351; x_wconf 84' lang='lat' dir='ltr'>hostes</span> <span class='ocrx_word' id='word_1_280' title='bbox 743 2322 775 2350; x_wconf 90' lang='lat' dir='ltr'>in</span> <span class='ocrx_word' id='word_1_281' title='bbox 791 2321 941 2351; x_wconf 82' lang='lat' dir='ltr'>multitu-</span> 
     </span>
     <span class='ocr_line' id='line_1_48' title="bbox 241 2367 939 2406; baseline -0.001 -8"><span class='ocrx_word' id='word_1_282' title='bbox 241 2369 318 2398; x_wconf 84' lang='lat' dir='ltr'>dine</span> <span class='ocrx_word' id='word_1_283' title='bbox 329 2391 339 2405; x_wconf 92' lang='lat'>,</span> <span class='ocrx_word' id='word_1_284' title='bbox 351 2369 386 2397; x_wconf 91' lang='lat' dir='ltr'>ut</span> <span class='ocrx_word' id='word_1_285' title='bbox 394 2367 549 2397; x_wconf 81' lang='lat' dir='ltr'>dimicent</span> <span class='ocrx_word' id='word_1_286' title='bbox 561 2369 672 2397; x_wconf 82' lang='lat' dir='ltr'>eontra</span> <span class='ocrx_word' id='word_1_287' title='bbox 687 2376 756 2397; x_wconf 87' lang='lat' dir='ltr'>nos.</span> <span class='ocrx_word' id='word_1_288' title='bbox 773 2368 820 2397; x_wconf 88' lang='lat' dir='ltr'>Da</span> <span class='ocrx_word' id='word_1_289' title='bbox 835 2367 939 2406; x_wconf 91' lang='grc'><strong>1101115,</strong></span> 
     </span>
     <span class='ocr_line' id='line_1_49' title="bbox 244 2413 939 2450; baseline -0.003 -7"><span class='ocrx_word' id='word_1_290' title='bbox 244 2414 379 2443; x_wconf 85' lang='lat' dir='ltr'>Domine</span> <span class='ocrx_word' id='word_1_291' title='bbox 394 2435 403 2450; x_wconf 88' lang='lat'>,</span> <span class='ocrx_word' id='word_1_292' title='bbox 431 2413 590 2442; x_wconf 78' lang='lat' dir='ltr'>auxilium</span> <span class='ocrx_word' id='word_1_293' title='bbox 619 2413 658 2442; x_wconf 88' lang='lat' dir='ltr'>de</span> <span class='ocrx_word' id='word_1_294' title='bbox 690 2413 901 2442; x_wconf 82' lang='lat' dir='ltr'>tribulatione</span> <span class='ocrx_word' id='word_1_295' title='bbox 931 2421 939 2441; x_wconf 90' lang='lat'>:</span> 
     </span>
     <span class='ocr_line' id='line_1_50' title="bbox 241 2458 941 2498; baseline -0.001 -9"><span class='ocrx_word' id='word_1_296' title='bbox 241 2461 318 2498; x_wconf 82' lang='lat' dir='ltr'>quia</span> <span class='ocrx_word' id='word_1_297' title='bbox 331 2467 396 2488; x_wconf 91' lang='lat' dir='ltr'>non</span> <span class='ocrx_word' id='word_1_298' title='bbox 411 2460 458 2488; x_wconf 90' lang='lat' dir='ltr'>est</span> <span class='ocrx_word' id='word_1_299' title='bbox 471 2458 552 2488; x_wconf 87' lang='grc'><strong>311115</strong></span> <span class='ocrx_word' id='word_1_300' title='bbox 563 2458 619 2496; x_wconf 89' lang='lat' dir='ltr'>qui</span> <span class='ocrx_word' id='word_1_301' title='bbox 633 2459 755 2495; x_wconf 86' lang='lat' dir='ltr'>pugnet</span> <span class='ocrx_word' id='word_1_302' title='bbox 769 2467 826 2496; x_wconf 87' lang='lat' dir='ltr'>pro</span> <span class='ocrx_word' id='word_1_303' title='bbox 838 2459 941 2496; x_wconf 87' lang='lat' dir='ltr'>nobis,</span> 
     </span>
     <span class='ocr_line' id='line_1_51' title="bbox 244 2504 940 2540; baseline -0.001 -6"><span class='ocrx_word' id='word_1_304' title='bbox 244 2505 307 2534; x_wconf 85' lang='lat' dir='ltr'>nisi</span> <span class='ocrx_word' id='word_1_305' title='bbox 329 2505 366 2534; x_wconf 91' lang='lat' dir='ltr'>tu</span> <span class='ocrx_word' id='word_1_306' title='bbox 380 2505 465 2533; x_wconf 89' lang='lat' dir='ltr'>Deus</span> <span class='ocrx_word' id='word_1_307' title='bbox 479 2505 599 2533; x_wconf 84' lang='lat' dir='ltr'>noster.</span> <span class='ocrx_word' id='word_1_308' title='bbox 615 2504 711 2532; x_wconf 88' lang='lat' dir='ltr'>Porro</span> <span class='ocrx_word' id='word_1_309' title='bbox 728 2504 798 2532; x_wconf 80' lang='lat' dir='ltr'>Rex</span> <span class='ocrx_word' id='word_1_310' title='bbox 813 2506 940 2540; x_wconf 78' lang='lat' dir='ltr'>noster,</span> 
     </span>
     <span class='ocr_line' id='line_1_52' title="bbox 245 2549 942 2587; baseline -0.003 -8"><span class='ocrx_word' id='word_1_311' title='bbox 245 2550 337 2587; x_wconf 80' lang='lat' dir='ltr'>cujus</span> <span class='ocrx_word' id='word_1_312' title='bbox 353 2550 466 2579; x_wconf 86' lang='lat' dir='ltr'>natura</span> <span class='ocrx_word' id='word_1_313' title='bbox 490 2549 615 2578; x_wconf 84' lang='lat' dir='ltr'>bonitas</span> <span class='ocrx_word' id='word_1_314' title='bbox 629 2570 637 2586; x_wconf 93' lang='lat'>,</span> <span class='ocrx_word' id='word_1_315' title='bbox 653 2549 759 2578; x_wconf 85' lang='lat' dir='ltr'>motus</span> <span class='ocrx_word' id='word_1_316' title='bbox 770 2549 821 2577; x_wconf 90' lang='lat' dir='ltr'>his</span> <span class='ocrx_word' id='word_1_317' title='bbox 837 2549 942 2586; x_wconf 79' lang='lat' dir='ltr'>lacry-</span> 
     </span>
     <span class='ocr_line' id='line_1_53' title="bbox 246 2592 942 2631; baseline -0.003 -8"><span class='ocrx_word' id='word_1_318' title='bbox 246 2595 307 2624; x_wconf 86' lang='lat' dir='ltr'>mis</span> <span class='ocrx_word' id='word_1_319' title='bbox 332 2594 377 2625; x_wconf 85' lang='lat' dir='ltr'>ait</span> <span class='ocrx_word' id='word_1_320' title='bbox 393 2594 520 2631; x_wconf 87' lang='lat' dir='ltr'>:Quem</span> <span class='ocrx_word' id='word_1_321' title='bbox 544 2593 710 2624; x_wconf 86' lang='lat' dir='ltr'>mittemus</span> <span class='ocrx_word' id='word_1_322' title='bbox 734 2592 746 2621; x_wconf 73' lang='grc' dir='ltr'>ἓ</span> <span class='ocrx_word' id='word_1_323' title='bbox 775 2593 821 2622; x_wconf 84' lang='lat' dir='ltr'>Ad</span> <span class='ocrx_word' id='word_1_324' title='bbox 845 2602 942 2630; x_wconf 84' lang='lat' dir='ltr'>quem</span> 
     </span>
     <span class='ocr_line' id='line_1_54' title="bbox 246 2638 939 2678; baseline -0.001 -9"><span class='ocrx_word' id='word_1_325' title='bbox 246 2640 366 2670; x_wconf 83' lang='lat' dir='ltr'>Caritas</span> <span class='ocrx_word' id='word_1_326' title='bbox 383 2648 390 2668; x_wconf 76' lang='grc' dir='ltr'><strong><em>τ</em></strong></span> <span class='ocrx_word' id='word_1_327' title='bbox 408 2641 486 2670; x_wconf 85' lang='lat' dir='ltr'>Ecce</span> <span class='ocrx_word' id='word_1_328' title='bbox 503 2647 580 2678; x_wconf 88' lang='lat' dir='ltr'>ego,</span> <span class='ocrx_word' id='word_1_329' title='bbox 593 2639 747 2676; x_wconf 79' lang='lat' dir='ltr'>Domine,</span> <span class='ocrx_word' id='word_1_330' title='bbox 766 2638 859 2668; x_wconf 75' lang='lat' dir='ltr'>mitte</span> <span class='ocrx_word' id='word_1_331' title='bbox 876 2647 939 2668; x_wconf 75' lang='lat' dir='ltr'>nie.</span> 
     </span>
    </p>
   </div>
   <div class='ocr_carea' id='block_1_2' title="bbox 706 210 1221 244">
    <p class='ocr_par' dir='ltr' id='par_1_3' title="bbox 706 210 1221 244">
     <span class='ocr_line' id='line_1_55' title="bbox 706 210 1221 244; baseline -0.01 -1"><span class='ocrx_word' id='word_1_332' title='bbox 706 217 736 244; x_wconf 89' lang='lat' dir='ltr'>S.</span> <span class='ocrx_word' id='word_1_333' title='bbox 763 212 998 243; x_wconf 68' lang='lat' dir='ltr'>BERNARD!</span> <span class='ocrx_word' id='word_1_334' title='bbox 1024 210 1221 239; x_wconf 67' lang='lat' dir='ltr'>ABBA‘rls</span> 
     </span>
    </p>
   </div>
   <div class='ocr_carea' id='block_1_3' title="bbox 965 262 1693 1621">
    <p class='ocr_par' dir='ltr' id='par_1_4' title="bbox 965 262 1693 1621">
     <span class='ocr_line' id='line_1_56' title="bbox 967 262 1663 303; baseline -0.006 -8"><span class='ocrx_word' id='word_1_335' title='bbox 967 266 1040 295; x_wconf 86' lang='lat' dir='ltr'>Rex</span> <span class='ocrx_word' id='word_1_336' title='bbox 1063 265 1173 295; x_wconf 84' lang='lat' dir='ltr'>autem</span> <span class='ocrx_word' id='word_1_337' title='bbox 1198 264 1365 303; x_wconf 78' lang='lat' dir='ltr'>quaerebat</span> <span class='ocrx_word' id='word_1_338' title='bbox 1389 263 1429 294; x_wconf 90' lang='lat' dir='ltr'>de</span> <span class='ocrx_word' id='word_1_339' title='bbox 1454 263 1550 294; x_wconf 87' lang='lat' dir='ltr'>sociis</span> <span class='ocrx_word' id='word_1_340' title='bbox 1574 271 1581 292; x_wconf 89' lang='lat'>:</span> <span class='ocrx_word' id='word_1_341' title='bbox 1607 262 1663 293; x_wconf 85' lang='lat' dir='ltr'>sed</span> 
     </span>
     <span class='ocr_line' id='line_1_57' title="bbox 966 309 1664 341; baseline -0.004 -1"><span class='ocrx_word' id='word_1_342' title='bbox 966 310 1089 341; x_wconf 89' lang='lat' dir='ltr'>Caritas</span> <span class='ocrx_word' id='word_1_343' title='bbox 1115 310 1325 340; x_wconf 85' lang='lat' dir='ltr'>domesticam</span> <span class='ocrx_word' id='word_1_344' title='bbox 1348 309 1410 340; x_wconf 90' lang='lat' dir='ltr'>sibi</span> <span class='ocrx_word' id='word_1_345' title='bbox 1431 309 1589 339; x_wconf 85' lang='lat' dir='ltr'>familiam</span> <span class='ocrx_word' id='word_1_346' title='bbox 1613 316 1664 337; x_wconf 84' lang='lat' dir='ltr'>re—</span> 
     </span>
     <span class='ocr_line' id='line_1_58' title="bbox 966 355 1665 394; baseline -0.004 -8"><span class='ocrx_word' id='word_1_347' title='bbox 966 356 1096 394; x_wconf 88' lang='lat' dir='ltr'>spondit</span> <span class='ocrx_word' id='word_1_348' title='bbox 1124 356 1286 386; x_wconf 75' lang='lat' dir='ltr'>sui&#39;ficere.</span> <span class='ocrx_word' id='word_1_349' title='bbox 1302 355 1378 386; x_wconf 83' lang='lat' dir='ltr'>Exit</span> <span class='ocrx_word' id='word_1_350' title='bbox 1401 363 1476 394; x_wconf 87' lang='lat' dir='ltr'>ergo</span> <span class='ocrx_word' id='word_1_351' title='bbox 1498 362 1563 384; x_wconf 87' lang='lat' dir='ltr'>nna</span> <span class='ocrx_word' id='word_1_352' title='bbox 1591 361 1665 383; x_wconf 86' lang='lat' dir='ltr'>cum</span> 
     </span>
     <span class='ocr_line' id='line_1_59' title="bbox 965 400 1693 439; baseline -0.003 -8"><span class='ocrx_word' id='word_1_353' title='bbox 965 401 1067 431; x_wconf 81' lang='lat' dir='ltr'>nobili</span> <span class='ocrx_word' id='word_1_354' title='bbox 1081 402 1138 432; x_wconf 91' lang='grc'><strong>1110</strong></span> <span class='ocrx_word' id='word_1_355' title='bbox 1151 401 1308 432; x_wconf 87' lang='lat' dir='ltr'>comitatu</span> <span class='ocrx_word' id='word_1_356' title='bbox 1322 409 1379 430; x_wconf 86' lang='lat' dir='ltr'>suo</span> <span class='ocrx_word' id='word_1_357' title='bbox 1389 423 1399 438; x_wconf 88' lang='lat'>,</span> <span class='ocrx_word' id='word_1_358' title='bbox 1415 400 1531 439; x_wconf 84' lang='lat' dir='ltr'>gaudio</span> <span class='ocrx_word' id='word_1_359' title='bbox 1541 422 1550 437; x_wconf 87' lang='lat'>,</span> <span class='ocrx_word' id='word_1_360' title='bbox 1565 407 1644 438; x_wconf 89' lang='lat' dir='ltr'>pace</span> <span class='ocrx_word' id='word_1_361' title='bbox 1655 421 1664 437; x_wconf 89' lang='lat'>,</span> <span class='ocrx_word' id='word_1_362' title='bbox 1690 416 1693 417; x_wconf 31' lang='grc' dir='ltr'><em>ν</em></span> 
     </span>
     <span class='ocr_line' id='line_1_60' title="bbox 965 445 1666 486; baseline -0.003 -9"><span class='ocrx_word' id='word_1_363' title='bbox 965 447 1123 485; x_wconf 83' lang='lat' dir='ltr'>patientia</span> <span class='ocrx_word' id='word_1_364' title='bbox 1135 470 1144 486; x_wconf 88' lang='lat'>,</span> <span class='ocrx_word' id='word_1_365' title='bbox 1159 447 1425 486; x_wconf 83' lang='lat' dir='ltr'>longanimitate,</span> <span class='ocrx_word' id='word_1_366' title='bbox 1441 445 1642 485; x_wconf 86' lang='lat' dir='ltr'>benignitate</span> <span class='ocrx_word' id='word_1_367' title='bbox 1655 466 1666 483; x_wconf 91' lang='lat'>‚</span> 
     </span>
     <span class='ocr_line' id='line_1_61' title="bbox 965 491 1667 531; baseline 0 -10"><span class='ocrx_word' id='word_1_368' title='bbox 965 492 1132 531; x_wconf 89' lang='lat' dir='ltr'>bonitate,</span> <span class='ocrx_word' id='word_1_369' title='bbox 1159 493 1423 523; x_wconf 85' lang='lat' dir='ltr'>mansuetudine.</span> <span class='ocrx_word' id='word_1_370' title='bbox 1451 493 1508 522; x_wconf 88' lang='lat' dir='ltr'>His</span> <span class='ocrx_word' id='word_1_371' title='bbox 1531 491 1667 530; x_wconf 83' lang='lat' dir='ltr'>stipatus</span> 
     </span>
     <span class='ocr_line' id='line_1_62' title="bbox 966 537 1668 577; baseline -0.001 -9"><span class='ocrx_word' id='word_1_372' title='bbox 966 538 1033 568; x_wconf 85' lang='lat' dir='ltr'>dux</span> <span class='ocrx_word' id='word_1_373' title='bbox 1050 538 1184 577; x_wconf 90' lang='lat' dir='ltr'>insignis</span> <span class='ocrx_word' id='word_1_374' title='bbox 1197 538 1421 577; x_wconf 86' lang='lat' dir='ltr'>progreditur,</span> <span class='ocrx_word' id='word_1_375' title='bbox 1436 539 1608 576; x_wconf 89' lang='lat' dir='ltr'>certusque</span> <span class='ocrx_word' id='word_1_376' title='bbox 1626 537 1668 567; x_wconf 87' lang='lat' dir='ltr'>de</span> 
     </span>
     <span class='ocr_line' id='line_1_63' title="bbox 965 583 1669 623; baseline -0.001 -10"><span class='ocrx_word' id='word_1_377' title='bbox 965 584 1121 622; x_wconf 81' lang='lat' dir='ltr'>victoria,</span> <span class='ocrx_word' id='word_1_378' title='bbox 1145 585 1252 614; x_wconf 89' lang='lat' dir='ltr'>erecto</span> <span class='ocrx_word' id='word_1_379' title='bbox 1274 585 1365 622; x_wconf 87' lang='lat' dir='ltr'>signo</span> <span class='ocrx_word' id='word_1_380' title='bbox 1387 584 1579 622; x_wconf 89' lang='lat' dir='ltr'>triumphali</span> <span class='ocrx_word' id='word_1_381' title='bbox 1601 583 1669 623; x_wconf 88' lang='lat' dir='ltr'>pri-</span> 
     </span>
     <span class='ocr_line' id='line_1_64' title="bbox 966 630 1670 668; baseline 0.004 -10"><span class='ocrx_word' id='word_1_382' title='bbox 966 637 1050 658; x_wconf 90' lang='lat' dir='ltr'>mam</span> <span class='ocrx_word' id='word_1_383' title='bbox 1086 630 1260 668; x_wconf 85' lang='lat' dir='ltr'>pertransit</span> <span class='ocrx_word' id='word_1_384' title='bbox 1290 630 1516 668; x_wconf 84' lang='lat' dir='ltr'>inimicorum,</span> <span class='ocrx_word' id='word_1_385' title='bbox 1553 639 1670 661; x_wconf 88' lang='lat' dir='ltr'>secuu-</span> 
     </span>
     <span class='ocr_line' id='line_1_65' title="bbox 966 674 1669 714; baseline 0.004 -10"><span class='ocrx_word' id='word_1_386' title='bbox 966 674 1103 713; x_wconf 89' lang='lat' dir='ltr'>damque</span> <span class='ocrx_word' id='word_1_387' title='bbox 1134 675 1328 705; x_wconf 86' lang='lat' dir='ltr'>custodiam.</span> <span class='ocrx_word' id='word_1_388' title='bbox 1354 676 1497 714; x_wconf 87' lang='lat' dir='ltr'>Cumque</span> <span class='ocrx_word' id='word_1_389' title='bbox 1521 675 1669 706; x_wconf 83' lang='lat' dir='ltr'>venisset</span> 
     </span>
     <span class='ocr_line' id='line_1_66' title="bbox 966 721 1670 760; baseline 0.001 -10"><span class='ocrx_word' id='word_1_390' title='bbox 966 721 1005 751; x_wconf 90' lang='lat' dir='ltr'>ad</span> <span class='ocrx_word' id='word_1_391' title='bbox 1021 722 1161 759; x_wconf 84' lang='lat' dir='ltr'>portam,</span> <span class='ocrx_word' id='word_1_392' title='bbox 1171 721 1256 751; x_wconf 90' lang='lat' dir='ltr'>ultro</span> <span class='ocrx_word' id='word_1_393' title='bbox 1268 722 1380 760; x_wconf 87' lang='lat' dir='ltr'>aperta</span> <span class='ocrx_word' id='word_1_394' title='bbox 1396 722 1445 751; x_wconf 86' lang='lat' dir='ltr'>est</span> <span class='ocrx_word' id='word_1_395' title='bbox 1458 721 1500 751; x_wconf 89' lang='lat' dir='ltr'>ei.</span> <span class='ocrx_word' id='word_1_396' title='bbox 1517 721 1563 751; x_wconf 82' lang='lat' dir='ltr'>Ad</span> <span class='ocrx_word' id='word_1_397' title='bbox 1577 722 1670 759; x_wconf 86' lang='lat' dir='ltr'>cujus</span> 
     </span>
     <span class='ocr_line' id='line_1_67' title="bbox 967 767 1669 805; baseline 0.001 -10"><span class='ocrx_word' id='word_1_398' title='bbox 967 767 1146 804; x_wconf 84' lang='lat' dir='ltr'>ingressum</span> <span class='ocrx_word' id='word_1_399' title='bbox 1173 767 1258 797; x_wconf 77' lang='lat' dir='ltr'>facta</span> <span class='ocrx_word' id='word_1_400' title='bbox 1281 768 1331 797; x_wconf 87' lang='lat' dir='ltr'>est</span> <span class='ocrx_word' id='word_1_401' title='bbox 1355 767 1470 797; x_wconf 81' lang='lat' dir='ltr'>laetitia</span> <span class='ocrx_word' id='word_1_402' title='bbox 1494 775 1610 805; x_wconf 87' lang='lat' dir='ltr'>magna</span> <span class='ocrx_word' id='word_1_403' title='bbox 1634 767 1669 797; x_wconf 88' lang='lat' dir='ltr'>in</span> 
     </span>
     <span class='ocr_line' id='line_1_68' title="bbox 966 811 1671 850; baseline 0.001 -10"><span class='ocrx_word' id='word_1_404' title='bbox 966 812 1097 849; x_wconf 88' lang='lat' dir='ltr'>oppido.</span> <span class='ocrx_word' id='word_1_405' title='bbox 1114 812 1257 850; x_wconf 87' lang='lat' dir='ltr'>Cumque</span> <span class='ocrx_word' id='word_1_406' title='bbox 1273 811 1431 842; x_wconf 82' lang='lat' dir='ltr'>suadente</span> <span class='ocrx_word' id='word_1_407' title='bbox 1447 811 1564 849; x_wconf 79' lang='lat' dir='ltr'>gaudio</span> <span class='ocrx_word' id='word_1_408' title='bbox 1581 812 1671 841; x_wconf 86' lang='lat' dir='ltr'>voci-</span> 
     </span>
     <span class='ocr_line' id='line_1_69' title="bbox 967 857 1671 894; baseline 0.001 -8"><span class='ocrx_word' id='word_1_409' title='bbox 967 857 1267 887; x_wconf 80' lang='lat' dir='ltr'>ferarenturomnes</span> <span class='ocrx_word' id='word_1_410' title='bbox 1283 858 1314 887; x_wconf 90' lang='lat' dir='ltr'>et</span> <span class='ocrx_word' id='word_1_411' title='bbox 1331 857 1560 894; x_wconf 84' lang='lat' dir='ltr'>acclamarent,</span> <span class='ocrx_word' id='word_1_412' title='bbox 1573 866 1671 887; x_wconf 83' lang='lat' dir='ltr'>exor-</span> 
     </span>
     <span class='ocr_line' id='line_1_70' title="bbox 967 903 1669 941; baseline 0.003 -9"><span class='ocrx_word' id='word_1_413' title='bbox 967 904 1018 932; x_wconf 91' lang='lat' dir='ltr'>tus</span> <span class='ocrx_word' id='word_1_414' title='bbox 1030 904 1151 932; x_wconf 87' lang='lat' dir='ltr'>clamor</span> <span class='ocrx_word' id='word_1_415' title='bbox 1165 905 1355 933; x_wconf 81' lang='lat' dir='ltr'>exterorum</span> <span class='ocrx_word' id='word_1_416' title='bbox 1366 904 1469 932; x_wconf 89' lang='lat' dir='ltr'>castra</span> <span class='ocrx_word' id='word_1_417' title='bbox 1476 903 1669 941; x_wconf 81' lang='lat' dir='ltr'>perterruit.</span> 
     </span>
     <span class='ocr_line' id='line_1_71' title="bbox 967 948 1670 987; baseline 0.004 -11"><span class='ocrx_word' id='word_1_418' title='bbox 967 949 1004 978; x_wconf 87' lang='lat' dir='ltr'>Et</span> <span class='ocrx_word' id='word_1_419' title='bbox 1026 948 1097 977; x_wconf 90' lang='lat' dir='ltr'>illi:</span> <span class='ocrx_word' id='word_1_420' title='bbox 1126 949 1203 986; x_wconf 84' lang='lat' dir='ltr'>Quae</span> <span class='ocrx_word' id='word_1_421' title='bbox 1227 950 1276 978; x_wconf 90' lang='lat' dir='ltr'>est</span> <span class='ocrx_word' id='word_1_422' title='bbox 1299 949 1380 985; x_wconf 90' lang='lat' dir='ltr'>ista,</span> <span class='ocrx_word' id='word_1_423' title='bbox 1403 949 1580 987; x_wconf 87' lang='lat' dir='ltr'>inquiunt,</span> <span class='ocrx_word' id='word_1_424' title='bbox 1603 958 1670 985; x_wconf 77' lang='lat' dir='ltr'>yox</span> 
     </span>
     <span class='ocr_line' id='line_1_72' title="bbox 968 994 1671 1024; baseline 0.001 -1"><span class='ocrx_word' id='word_1_425' title='bbox 968 994 1196 1024; x_wconf 81' lang='lat' dir='ltr'>exsultationis</span> <span class='ocrx_word' id='word_1_426' title='bbox 1212 994 1247 1023; x_wconf 93' lang='lat' dir='ltr'>in</span> <span class='ocrx_word' id='word_1_427' title='bbox 1265 994 1398 1024; x_wconf 82' lang='lat' dir='ltr'>auribus</span> <span class='ocrx_word' id='word_1_428' title='bbox 1410 994 1529 1023; x_wconf 88' lang='lat' dir='ltr'>nostris</span> <span class='ocrx_word' id='word_1_429' title='bbox 1544 994 1583 1023; x_wconf 90' lang='lat' dir='ltr'>de</span> <span class='ocrx_word' id='word_1_430' title='bbox 1599 1003 1671 1024; x_wconf 88' lang='lat' dir='ltr'>cas-</span> 
     </span>
     <span class='ocr_line' id='line_1_73' title="bbox 968 1039 1671 1070; baseline 0.001 -1"><span class='ocrx_word' id='word_1_431' title='bbox 968 1041 1025 1070; x_wconf 84' lang='lat' dir='ltr'>tris</span> <span class='ocrx_word' id='word_1_432' title='bbox 1040 1039 1243 1070; x_wconf 66' lang='lat' dir='ltr'>lsrae12Nou</span> <span class='ocrx_word' id='word_1_433' title='bbox 1266 1039 1311 1070; x_wconf 88' lang='lat' dir='ltr'>ita</span> <span class='ocrx_word' id='word_1_434' title='bbox 1334 1039 1405 1069; x_wconf 89' lang='lat' dir='ltr'>heri</span> <span class='ocrx_word' id='word_1_435' title='bbox 1428 1040 1461 1069; x_wconf 85' lang='lat' dir='ltr'>et</span> <span class='ocrx_word' id='word_1_436' title='bbox 1485 1039 1671 1070; x_wconf 87' lang='lat' dir='ltr'>nudiuster-</span> 
     </span>
     <span class='ocr_line' id='line_1_74' title="bbox 968 1085 1669 1123; baseline -0.001 -7"><span class='ocrx_word' id='word_1_437' title='bbox 968 1087 1044 1116; x_wconf 80' lang='lat' dir='ltr'>tius,</span> <span class='ocrx_word' id='word_1_438' title='bbox 1062 1087 1156 1116; x_wconf 87' lang='lat' dir='ltr'>Forte</span> <span class='ocrx_word' id='word_1_439' title='bbox 1176 1085 1268 1116; x_wconf 78' lang='lat' dir='ltr'>venit</span> <span class='ocrx_word' id='word_1_440' title='bbox 1283 1086 1332 1115; x_wconf 89' lang='lat' dir='ltr'>eis</span> <span class='ocrx_word' id='word_1_441' title='bbox 1348 1085 1529 1123; x_wconf 81' lang='lat' dir='ltr'>auxilium,</span> <span class='ocrx_word' id='word_1_442' title='bbox 1556 1086 1590 1115; x_wconf 91' lang='lat' dir='ltr'>et</span> <span class='ocrx_word' id='word_1_443' title='bbox 1609 1085 1669 1115; x_wconf 91' lang='lat' dir='ltr'>im-</span> 
     </span>
     <span class='ocr_line' id='line_1_75' title="bbox 968 1131 1671 1171; baseline 0 -9"><span class='ocrx_word' id='word_1_444' title='bbox 968 1133 1081 1170; x_wconf 88' lang='lat' dir='ltr'>petum</span> <span class='ocrx_word' id='word_1_445' title='bbox 1106 1132 1227 1162; x_wconf 80' lang='lat' dir='ltr'>facient</span> <span class='ocrx_word' id='word_1_446' title='bbox 1253 1131 1286 1161; x_wconf 90' lang='lat' dir='ltr'>in</span> <span class='ocrx_word' id='word_1_447' title='bbox 1306 1139 1375 1161; x_wconf 90' lang='lat' dir='ltr'>nos.</span> <span class='ocrx_word' id='word_1_448' title='bbox 1397 1131 1570 1169; x_wconf 86' lang='lat' dir='ltr'>Fugiamus</span> <span class='ocrx_word' id='word_1_449' title='bbox 1595 1140 1671 1171; x_wconf 85' lang='lat' dir='ltr'>ergo</span> 
     </span>
     <span class='ocr_line' id='line_1_76' title="bbox 968 1178 1673 1216; baseline 0.001 -9"><span class='ocrx_word' id='word_1_450' title='bbox 968 1180 1120 1209; x_wconf 86' lang='lat' dir='ltr'>lsraelem</span> <span class='ocrx_word' id='word_1_451' title='bbox 1131 1187 1139 1216; x_wconf 84' lang='lat'><em>3</em></span> <span class='ocrx_word' id='word_1_452' title='bbox 1152 1178 1308 1208; x_wconf 88' lang='lat' dir='ltr'>Dominus</span> <span class='ocrx_word' id='word_1_453' title='bbox 1316 1178 1403 1207; x_wconf 90' lang='lat' dir='ltr'>enim</span> <span class='ocrx_word' id='word_1_454' title='bbox 1419 1179 1541 1216; x_wconf 88' lang='lat' dir='ltr'>pugnat</span> <span class='ocrx_word' id='word_1_455' title='bbox 1554 1186 1613 1216; x_wconf 90' lang='lat' dir='ltr'>pro</span> <span class='ocrx_word' id='word_1_456' title='bbox 1625 1178 1673 1208; x_wconf 90' lang='lat' dir='ltr'>eis</span> 
     </span>
     <span class='ocr_line' id='line_1_77' title="bbox 969 1223 1672 1255; baseline -0.001 -1"><span class='ocrx_word' id='word_1_457' title='bbox 969 1226 1079 1254; x_wconf 85' lang='lat' dir='ltr'>contra</span> <span class='ocrx_word' id='word_1_458' title='bbox 1097 1233 1166 1255; x_wconf 89' lang='lat' dir='ltr'>nos.</span> <span class='ocrx_word' id='word_1_459' title='bbox 1197 1225 1334 1254; x_wconf 84' lang='lat' dir='ltr'>Interim</span> <span class='ocrx_word' id='word_1_460' title='bbox 1357 1223 1479 1253; x_wconf 88' lang='lat' dir='ltr'>Caritas</span> <span class='ocrx_word' id='word_1_461' title='bbox 1493 1232 1590 1254; x_wconf 87' lang='lat' dir='ltr'>morae</span> <span class='ocrx_word' id='word_1_462' title='bbox 1611 1224 1672 1253; x_wconf 92' lang='lat' dir='ltr'>im-</span> 
     </span>
     <span class='ocr_line' id='line_1_78' title="bbox 968 1269 1670 1308; baseline -0.001 -8"><span class='ocrx_word' id='word_1_463' title='bbox 968 1271 1114 1308; x_wconf 82' lang='lat' dir='ltr'>patiens,</span> <span class='ocrx_word' id='word_1_464' title='bbox 1141 1270 1285 1300; x_wconf 86' lang='lat' dir='ltr'>ordinari</span> <span class='ocrx_word' id='word_1_465' title='bbox 1312 1269 1515 1306; x_wconf 80' lang='lat' dir='ltr'>exercitum,</span> <span class='ocrx_word' id='word_1_466' title='bbox 1548 1269 1670 1307; x_wconf 89' lang='lat' dir='ltr'>aperiri</span> 
     </span>
     <span class='ocr_line' id='line_1_79' title="bbox 970 1314 1669 1355; baseline -0.006 -8"><span class='ocrx_word' id='word_1_467' title='bbox 970 1318 1076 1355; x_wconf 90' lang='lat' dir='ltr'>portas</span> <span class='ocrx_word' id='word_1_468' title='bbox 1086 1337 1095 1355; x_wconf 82' lang='lat'>,</span> <span class='ocrx_word' id='word_1_469' title='bbox 1118 1318 1151 1347; x_wconf 92' lang='lat' dir='ltr'>et</span> <span class='ocrx_word' id='word_1_470' title='bbox 1165 1315 1318 1354; x_wconf 83' lang='lat' dir='ltr'>persequi</span> <span class='ocrx_word' id='word_1_471' title='bbox 1332 1315 1483 1354; x_wconf 88' lang='lat' dir='ltr'>praecipit</span> <span class='ocrx_word' id='word_1_472' title='bbox 1497 1314 1647 1344; x_wconf 88' lang='lat' dir='ltr'>inimicos</span> <span class='ocrx_word' id='word_1_473' title='bbox 1660 1337 1669 1352; x_wconf 85' lang='lat'>,</span> 
     </span>
     <span class='ocr_line' id='line_1_80' title="bbox 970 1360 1671 1400; baseline -0.004 -8"><span class='ocrx_word' id='word_1_474' title='bbox 970 1363 1082 1400; x_wconf 89' lang='lat' dir='ltr'>aperte</span> <span class='ocrx_word' id='word_1_475' title='bbox 1107 1362 1326 1392; x_wconf 87' lang='lat' dir='ltr'>denuntians:</span> <span class='ocrx_word' id='word_1_476' title='bbox 1349 1361 1471 1390; x_wconf 70' lang='lat' dir='ltr'>vadam</span> <span class='ocrx_word' id='word_1_477' title='bbox 1497 1360 1540 1389; x_wconf 85' lang='lat' dir='ltr'>ad</span> <span class='ocrx_word' id='word_1_478' title='bbox 1563 1360 1671 1398; x_wconf 88' lang='lat' dir='ltr'>portas</span> 
     </span>
     <span class='ocr_line' id='line_1_81' title="bbox 970 1406 1672 1446; baseline -0.003 -8"><span class='ocrx_word' id='word_1_479' title='bbox 970 1408 1078 1438; x_wconf 83' lang='lat' dir='ltr'>inseri.</span> <span class='ocrx_word' id='word_1_480' title='bbox 1108 1408 1224 1446; x_wconf 88' lang='lat' dir='ltr'>Sicque</span> <span class='ocrx_word' id='word_1_481' title='bbox 1251 1415 1317 1437; x_wconf 91' lang='lat' dir='ltr'>uno</span> <span class='ocrx_word' id='word_1_482' title='bbox 1344 1407 1472 1445; x_wconf 89' lang='lat' dir='ltr'>impetu</span> <span class='ocrx_word' id='word_1_483' title='bbox 1498 1406 1672 1436; x_wconf 87' lang='lat' dir='ltr'>universus</span> 
     </span>
     <span class='ocr_line' id='line_1_82' title="bbox 969 1451 1673 1490; baseline -0.001 -8"><span class='ocrx_word' id='word_1_484' title='bbox 969 1454 1116 1484; x_wconf 89' lang='lat' dir='ltr'>Caritatis</span> <span class='ocrx_word' id='word_1_485' title='bbox 1126 1453 1291 1483; x_wconf 80' lang='lat' dir='ltr'>exercitus</span> <span class='ocrx_word' id='word_1_486' title='bbox 1302 1452 1466 1490; x_wconf 87' lang='lat' dir='ltr'>procedit,</span> <span class='ocrx_word' id='word_1_487' title='bbox 1478 1460 1557 1490; x_wconf 89' lang='lat' dir='ltr'>quos</span> <span class='ocrx_word' id='word_1_488' title='bbox 1566 1451 1673 1490; x_wconf 74' lang='lat' dir='ltr'>Baby-</span> 
     </span>
     <span class='ocr_line' id='line_1_83' title="bbox 970 1498 1672 1536; baseline -0.003 -7"><span class='ocrx_word' id='word_1_489' title='bbox 970 1500 1048 1529; x_wconf 90' lang='lat' dir='ltr'>lonii</span> <span class='ocrx_word' id='word_1_490' title='bbox 1063 1508 1127 1529; x_wconf 88' lang='grc'><strong>11011</strong></span> <span class='ocrx_word' id='word_1_491' title='bbox 1138 1499 1280 1529; x_wconf 82' lang='lat' dir='ltr'>serentes</span> <span class='ocrx_word' id='word_1_492' title='bbox 1288 1499 1428 1536; x_wconf 83' lang='lat' dir='ltr'>fugiunt,</span> <span class='ocrx_word' id='word_1_493' title='bbox 1439 1498 1496 1527; x_wconf 91' lang='lat' dir='ltr'>sed</span> <span class='ocrx_word' id='word_1_494' title='bbox 1510 1506 1573 1527; x_wconf 91' lang='lat' dir='ltr'>non</span> <span class='ocrx_word' id='word_1_495' title='bbox 1589 1498 1672 1528; x_wconf 80' lang='lat' dir='ltr'>effu—</span> 
     </span>
     <span class='ocr_line' id='line_1_84' title="bbox 970 1538 1672 1582; baseline -0.001 -9"><span class='ocrx_word' id='word_1_496' title='bbox 970 1546 1073 1582; x_wconf 87' lang='lat' dir='ltr'>giunt.</span> <span class='ocrx_word' id='word_1_497' title='bbox 1083 1545 1208 1574; x_wconf 88' lang='lat' dir='ltr'>Cadunt</span> <span class='ocrx_word' id='word_1_498' title='bbox 1221 1552 1239 1573; x_wconf 87' lang='lat' dir='ltr'>a</span> <span class='ocrx_word' id='word_1_499' title='bbox 1252 1544 1355 1573; x_wconf 85' lang='lat' dir='ltr'>latere</span> <span class='ocrx_word' id='word_1_500' title='bbox 1371 1544 1508 1573; x_wconf 89' lang='lat' dir='ltr'>Timoris</span> <span class='ocrx_word' id='word_1_501' title='bbox 1523 1538 1626 1581; x_wconf 86' lang='lat' dir='ltr'>mille,</span> <span class='ocrx_word' id='word_1_502' title='bbox 1638 1544 1672 1573; x_wconf 89' lang='lat' dir='ltr'>et</span> 
     </span>
     <span class='ocr_line' id='line_1_85' title="bbox 970 1589 1548 1621; baseline -0.005 0"><span class='ocrx_word' id='word_1_503' title='bbox 970 1599 988 1620; x_wconf 91' lang='lat' dir='ltr'>a</span> <span class='ocrx_word' id='word_1_504' title='bbox 1003 1590 1127 1621; x_wconf 75' lang='lat' dir='ltr'>dextris</span> <span class='ocrx_word' id='word_1_505' title='bbox 1142 1590 1292 1620; x_wconf 87' lang='lat' dir='ltr'>Caritatis</span> <span class='ocrx_word' id='word_1_506' title='bbox 1307 1589 1419 1619; x_wconf 89' lang='lat' dir='ltr'>decem</span> <span class='ocrx_word' id='word_1_507' title='bbox 1434 1589 1548 1618; x_wconf 86' lang='lat' dir='ltr'>millia.</span> 
     </span>
    </p>
   </div>
   <div class='ocr_carea' id='block_1_4' title="bbox 1253 1670 1365 1676">
    <p class='ocr_par' dir='ltr' id='par_1_5' title="bbox 1253 1670 1365 1676">
     <span class='ocr_line' id='line_1_86' title="bbox 1253 1670 1365 1676; baseline 0 0"><span class='ocrx_word' id='word_1_508' title='bbox 1253 1670 1365 1676; x_wconf 95' lang='lat' dir='ltr'> </span> 
     </span>
    </p>
   </div>
   <div class='ocr_carea' id='block_1_5' title="bbox 1130 1719 1506 1825">
    <p class='ocr_par' dir='ltr' id='par_1_6' title="bbox 1130 1719 1506 1825">
     <span class='ocr_line' id='line_1_87' title="bbox 1130 1719 1506 1754; baseline -0.008 0"><span class='ocrx_word' id='word_1_509' title='bbox 1130 1720 1406 1754; x_wconf 79' lang='lat' dir='ltr'>PARABOLA</span> <span class='ocrx_word' id='word_1_510' title='bbox 1428 1719 1506 1752; x_wconf 88' lang='grc' dir='ltr'><strong>ΙΙΙ.</strong></span> 
     </span>
     <span class='ocr_line' id='line_1_88' title="bbox 1159 1793 1475 1825; baseline -0.009 -6"><span class='ocrx_word' id='word_1_511' title='bbox 1159 1795 1200 1819; x_wconf 91' lang='lat' dir='ltr'>De</span> <span class='ocrx_word' id='word_1_512' title='bbox 1215 1801 1309 1825; x_wconf 76' lang='lat' dir='ltr'>pugna</span> <span class='ocrx_word' id='word_1_513' title='bbox 1325 1793 1475 1825; x_wconf 82' lang='lat' dir='ltr'>spirituali.</span> 
     </span>
    </p>
   </div>
   <div class='ocr_carea' id='block_1_6' title="bbox 974 1859 1678 2678">
    <p class='ocr_par' dir='ltr' id='par_1_7' title="bbox 974 1859 1678 2678">
     <span class='ocr_line' id='line_1_89' title="bbox 1013 1859 1672 1898; baseline 0 -8"><span class='ocrx_word' id='word_1_514' title='bbox 1013 1860 1043 1890; x_wconf 79' lang='grc'>1.</span> <span class='ocrx_word' id='word_1_515' title='bbox 1072 1861 1181 1890; x_wconf 72' lang='lat' dir='ltr'>INTER</span> <span class='ocrx_word' id='word_1_516' title='bbox 1211 1859 1391 1889; x_wconf 88' lang='lat' dir='ltr'>Jerusalem</span> <span class='ocrx_word' id='word_1_517' title='bbox 1418 1861 1451 1889; x_wconf 87' lang='lat' dir='ltr'>et</span> <span class='ocrx_word' id='word_1_518' title='bbox 1475 1860 1672 1898; x_wconf 79' lang='lat' dir='ltr'>Babylonem</span> 
     </span>
     <span class='ocr_line' id='line_1_90' title="bbox 974 1905 1674 1937; baseline -0.001 0"><span class='ocrx_word' id='word_1_519' title='bbox 974 1907 1130 1937; x_wconf 81' lang='lat' dir='ltr'>ordinatae</span> <span class='ocrx_word' id='word_1_520' title='bbox 1148 1907 1222 1937; x_wconf 86' lang='lat' dir='ltr'>sunt</span> <span class='ocrx_word' id='word_1_521' title='bbox 1251 1905 1337 1935; x_wconf 86' lang='lat' dir='ltr'>acies</span> <span class='ocrx_word' id='word_1_522' title='bbox 1363 1905 1403 1935; x_wconf 89' lang='lat' dir='ltr'>ad</span> <span class='ocrx_word' id='word_1_523' title='bbox 1429 1906 1562 1935; x_wconf 90' lang='lat' dir='ltr'>bellum.</span> <span class='ocrx_word' id='word_1_524' title='bbox 1592 1906 1674 1936; x_wconf 84' lang='lat' dir='ltr'>Hinc</span> 
     </span>
     <span class='ocr_line' id='line_1_91' title="bbox 975 1951 1674 1990; baseline -0.001 -8"><span class='ocrx_word' id='word_1_525' title='bbox 975 1953 1078 1982; x_wconf 74' lang='lat' dir='ltr'>David</span> <span class='ocrx_word' id='word_1_526' title='bbox 1091 1961 1190 1982; x_wconf 89' lang='lat' dir='ltr'>manu</span> <span class='ocrx_word' id='word_1_527' title='bbox 1206 1951 1296 1981; x_wconf 85' lang='lat' dir='ltr'>fortis</span> <span class='ocrx_word' id='word_1_528' title='bbox 1318 1952 1421 1981; x_wconf 86' lang='lat' dir='ltr'>aciem</span> <span class='ocrx_word' id='word_1_529' title='bbox 1443 1952 1594 1990; x_wconf 85' lang='lat' dir='ltr'>producit</span> <span class='ocrx_word' id='word_1_530' title='bbox 1607 1952 1674 1982; x_wconf 85' lang='lat' dir='ltr'>vir-</span> 
     </span>
     <span class='ocr_line' id='line_1_92' title="bbox 975 1998 1675 2029; baseline 0.001 -1"><span class='ocrx_word' id='word_1_531' title='bbox 975 2000 1080 2029; x_wconf 90' lang='lat' dir='ltr'>tutum</span> <span class='ocrx_word' id='word_1_532' title='bbox 1105 1999 1286 2029; x_wconf 83' lang='lat' dir='ltr'>terribilem</span> <span class='ocrx_word' id='word_1_533' title='bbox 1308 2000 1341 2028; x_wconf 90' lang='lat' dir='ltr'>et</span> <span class='ocrx_word' id='word_1_534' title='bbox 1366 1998 1574 2027; x_wconf 87' lang='lat' dir='ltr'>ordinatam:</span> <span class='ocrx_word' id='word_1_535' title='bbox 1598 1999 1675 2029; x_wconf 90' lang='lat' dir='ltr'>inde</span> 
     </span>
     <span class='ocr_line' id='line_1_93' title="bbox 976 2043 1674 2081; baseline 0 -7"><span class='ocrx_word' id='word_1_536' title='bbox 976 2044 1267 2074; x_wconf 72' lang='lat' dir='ltr'>Nabuchodonosor</span> <span class='ocrx_word' id='word_1_537' title='bbox 1289 2043 1466 2081; x_wconf 68' lang='lat' dir='ltr'>Babylonis</span> <span class='ocrx_word' id='word_1_538' title='bbox 1490 2043 1674 2081; x_wconf 86' lang='lat' dir='ltr'>spiritualia</span> 
     </span>
     <span class='ocr_line' id='line_1_94' title="bbox 976 2090 1678 2129; baseline -0.001 -9"><span class='ocrx_word' id='word_1_539' title='bbox 976 2091 1129 2129; x_wconf 83' lang='lat' dir='ltr'>nequiliae</span> <span class='ocrx_word' id='word_1_540' title='bbox 1139 2112 1147 2127; x_wconf 85' lang='lat'>,</span> <span class='ocrx_word' id='word_1_541' title='bbox 1160 2098 1317 2128; x_wconf 86' lang='lat' dir='ltr'>suumque</span> <span class='ocrx_word' id='word_1_542' title='bbox 1333 2090 1488 2119; x_wconf 80' lang='lat' dir='ltr'>vitiorum</span> <span class='ocrx_word' id='word_1_543' title='bbox 1500 2090 1678 2119; x_wconf 88' lang='lat' dir='ltr'>tumultuo-</span> 
     </span>
     <span class='ocr_line' id='line_1_95' title="bbox 975 2135 1676 2173; baseline -0.003 -7"><span class='ocrx_word' id='word_1_544' title='bbox 975 2145 1044 2166; x_wconf 89' lang='lat' dir='ltr'>sum</span> <span class='ocrx_word' id='word_1_545' title='bbox 1062 2136 1244 2166; x_wconf 86' lang='lat' dir='ltr'>exercitum</span> <span class='ocrx_word' id='word_1_546' title='bbox 1258 2135 1369 2173; x_wconf 83' lang='lat' dir='ltr'>dirigit</span> <span class='ocrx_word' id='word_1_547' title='bbox 1384 2143 1426 2164; x_wconf 82' lang='lat' dir='ltr'>ex</span> <span class='ocrx_word' id='word_1_548' title='bbox 1442 2135 1588 2165; x_wconf 79' lang='lat' dir='ltr'>adverso.</span> <span class='ocrx_word' id='word_1_549' title='bbox 1601 2136 1676 2165; x_wconf 90' lang='lat' dir='ltr'>Pro-</span> 
     </span>
     <span class='ocr_line' id='line_1_96' title="bbox 977 2181 1676 2212; baseline -0.003 0"><span class='ocrx_word' id='word_1_550' title='bbox 977 2183 1064 2212; x_wconf 84' lang='lat' dir='ltr'>cedit</span> <span class='ocrx_word' id='word_1_551' title='bbox 1079 2182 1118 2212; x_wconf 90' lang='lat' dir='ltr'>de</span> <span class='ocrx_word' id='word_1_552' title='bbox 1138 2183 1250 2212; x_wconf 83' lang='lat' dir='ltr'>castris</span> <span class='ocrx_word' id='word_1_553' title='bbox 1267 2181 1371 2211; x_wconf 80' lang='lat' dir='ltr'>David</span> <span class='ocrx_word' id='word_1_554' title='bbox 1385 2181 1567 2210; x_wconf 82' lang='lat' dir='ltr'>tirunculus</span> <span class='ocrx_word' id='word_1_555' title='bbox 1581 2181 1676 2210; x_wconf 87' lang='lat' dir='ltr'>novi-</span> 
     </span>
     <span class='ocr_line' id='line_1_97' title="bbox 977 2225 1674 2265; baseline 0 -9"><span class='ocrx_word' id='word_1_556' title='bbox 977 2228 1057 2265; x_wconf 87' lang='lat' dir='ltr'>tius,</span> <span class='ocrx_word' id='word_1_557' title='bbox 1083 2235 1188 2265; x_wconf 84' lang='lat' dir='ltr'>nuper</span> <span class='ocrx_word' id='word_1_558' title='bbox 1208 2227 1242 2256; x_wconf 90' lang='lat' dir='ltr'>in</span> <span class='ocrx_word' id='word_1_559' title='bbox 1258 2226 1411 2255; x_wconf 88' lang='lat' dir='ltr'>militiam</span> <span class='ocrx_word' id='word_1_560' title='bbox 1425 2225 1510 2263; x_wconf 86' lang='lat' dir='ltr'>regis</span> <span class='ocrx_word' id='word_1_561' title='bbox 1524 2226 1650 2262; x_wconf 88' lang='lat' dir='ltr'>juratus</span> <span class='ocrx_word' id='word_1_562' title='bbox 1664 2249 1674 2264; x_wconf 90' lang='lat'>,</span> 
     </span>
     <span class='ocr_line' id='line_1_98' title="bbox 977 2271 1675 2310; baseline -0.003 -7"><span class='ocrx_word' id='word_1_563' title='bbox 977 2275 1009 2303; x_wconf 89' lang='lat' dir='ltr'>et</span> <span class='ocrx_word' id='word_1_564' title='bbox 1024 2281 1082 2310; x_wconf 86' lang='lat' dir='ltr'>per</span> <span class='ocrx_word' id='word_1_565' title='bbox 1098 2281 1211 2302; x_wconf 84' lang='lat' dir='ltr'>manus</span> <span class='ocrx_word' id='word_1_566' title='bbox 1226 2272 1328 2310; x_wconf 87' lang='lat' dir='ltr'>ipsius</span> <span class='ocrx_word' id='word_1_567' title='bbox 1338 2271 1450 2301; x_wconf 80' lang='lat' dir='ltr'>aeterni</span> <span class='ocrx_word' id='word_1_568' title='bbox 1464 2271 1569 2300; x_wconf 79' lang='lat' dir='ltr'>David</span> <span class='ocrx_word' id='word_1_569' title='bbox 1584 2272 1675 2301; x_wconf 82' lang='lat' dir='ltr'>verbi</span> 
     </span>
     <span class='ocr_line' id='line_1_99' title="bbox 977 2317 1676 2359; baseline 0 -11"><span class='ocrx_word' id='word_1_570' title='bbox 977 2319 1035 2348; x_wconf 89' lang='lat' dir='ltr'>Dei</span> <span class='ocrx_word' id='word_1_571' title='bbox 1057 2319 1161 2356; x_wconf 80' lang='lat' dir='ltr'>glad10</span> <span class='ocrx_word' id='word_1_572' title='bbox 1184 2319 1369 2359; x_wconf 75' lang='lat' dir='ltr'>accinctus,</span> <span class='ocrx_word' id='word_1_573' title='bbox 1393 2318 1426 2346; x_wconf 84' lang='lat' dir='ltr'>et</span> <span class='ocrx_word' id='word_1_574' title='bbox 1447 2317 1676 2354; x_wconf 86' lang='lat' dir='ltr'>spiritualibus</span> 
     </span>
     <span class='ocr_line' id='line_1_100' title="bbox 976 2363 1676 2403; baseline -0.004 -8"><span class='ocrx_word' id='word_1_575' title='bbox 976 2366 1074 2395; x_wconf 85' lang='lat' dir='ltr'>armis</span> <span class='ocrx_word' id='word_1_576' title='bbox 1089 2365 1277 2403; x_wconf 81' lang='lat' dir='ltr'>insignitus,</span> <span class='ocrx_word' id='word_1_577' title='bbox 1302 2365 1450 2401; x_wconf 85' lang='lat' dir='ltr'>ingentes</span> <span class='ocrx_word' id='word_1_578' title='bbox 1465 2371 1580 2400; x_wconf 82' lang='lat' dir='ltr'>gerens</span> <span class='ocrx_word' id='word_1_579' title='bbox 1605 2363 1676 2392; x_wconf 89' lang='lat' dir='ltr'>ani-</span> 
     </span>
     <span class='ocr_line' id='line_1_101' title="bbox 977 2409 1678 2450; baseline -0.004 -8"><span class='ocrx_word' id='word_1_580' title='bbox 977 2421 1062 2450; x_wconf 81' lang='lat' dir='ltr'>mos,</span> <span class='ocrx_word' id='word_1_581' title='bbox 1081 2413 1113 2442; x_wconf 90' lang='lat' dir='ltr'>et</span> <span class='ocrx_word' id='word_1_582' title='bbox 1142 2409 1253 2441; x_wconf 67' lang='grc'><strong>603113</strong></span> <span class='ocrx_word' id='word_1_583' title='bbox 1280 2410 1363 2447; x_wconf 88' lang='lat' dir='ltr'>regis</span> <span class='ocrx_word' id='word_1_584' title='bbox 1389 2409 1550 2445; x_wconf 84' lang='lat' dir='ltr'>edictum,</span> <span class='ocrx_word' id='word_1_585' title='bbox 1575 2409 1616 2438; x_wconf 87' lang='lat' dir='ltr'>ad</span> <span class='ocrx_word' id='word_1_586' title='bbox 1630 2409 1678 2439; x_wconf 80' lang='lat' dir='ltr'>fa-</span> 
     </span>
     <span class='ocr_line' id='line_1_102' title="bbox 978 2454 1675 2492; baseline -0.006 -4"><span class='ocrx_word' id='word_1_587' title='bbox 978 2458 1128 2488; x_wconf 88' lang='lat' dir='ltr'>ciendum</span> <span class='ocrx_word' id='word_1_588' title='bbox 1170 2457 1232 2487; x_wconf 89' lang='lat' dir='ltr'>sibi</span> <span class='ocrx_word' id='word_1_589' title='bbox 1270 2463 1391 2485; x_wconf 84' lang='lat' dir='ltr'>nomen</span> <span class='ocrx_word' id='word_1_590' title='bbox 1434 2455 1604 2492; x_wconf 84' lang='lat' dir='ltr'>plusquam</span> <span class='ocrx_word' id='word_1_591' title='bbox 1636 2454 1675 2484; x_wconf 84' lang='lat' dir='ltr'>ad</span> 
     </span>
     <span class='ocr_line' id='line_1_103' title="bbox 978 2499 1673 2538; baseline -0.004 -5"><span class='ocrx_word' id='word_1_592' title='bbox 978 2504 1104 2533; x_wconf 87' lang='lat' dir='ltr'>hostem</span> <span class='ocrx_word' id='word_1_593' title='bbox 1131 2501 1330 2532; x_wconf 82' lang='lat' dir='ltr'>vincendum</span> <span class='ocrx_word' id='word_1_594' title='bbox 1360 2499 1673 2538; x_wconf 85' lang='lat' dir='ltr'>impatientissimus.</span> 
     </span>
     <span class='ocr_line' id='line_1_104' title="bbox 977 2545 1677 2587; baseline -0.006 -10"><span class='ocrx_word' id='word_1_595' title='bbox 977 2550 1084 2587; x_wconf 85' lang='lat' dir='ltr'>Equus</span> <span class='ocrx_word' id='word_1_596' title='bbox 1099 2549 1168 2579; x_wconf 87' lang='lat' dir='ltr'>erat</span> <span class='ocrx_word' id='word_1_597' title='bbox 1189 2549 1220 2578; x_wconf 86' lang='lat' dir='ltr'>ei</span> <span class='ocrx_word' id='word_1_598' title='bbox 1242 2546 1405 2583; x_wconf 79' lang='lat' dir='ltr'>fervidus,</span> <span class='ocrx_word' id='word_1_599' title='bbox 1423 2545 1588 2583; x_wconf 85' lang='lat' dir='ltr'>proprium</span> <span class='ocrx_word' id='word_1_600' title='bbox 1605 2554 1677 2574; x_wconf 85' lang='lat' dir='ltr'>cor-</span> 
     </span>
     <span class='ocr_line' id='line_1_105' title="bbox 977 2590 1676 2632; baseline -0.007 -8"><span class='ocrx_word' id='word_1_601' title='bbox 977 2603 1052 2632; x_wconf 84' lang='lat' dir='ltr'>pus3</span> <span class='ocrx_word' id='word_1_602' title='bbox 1069 2595 1108 2624; x_wconf 87' lang='lat' dir='ltr'>de</span> <span class='ocrx_word' id='word_1_603' title='bbox 1124 2601 1219 2623; x_wconf 82' lang='lat' dir='ltr'>succo</span> <span class='ocrx_word' id='word_1_604' title='bbox 1231 2593 1335 2623; x_wconf 85' lang='lat' dir='ltr'>adhuc</span> <span class='ocrx_word' id='word_1_605' title='bbox 1351 2591 1458 2621; x_wconf 79' lang='lat' dir='ltr'>saeculi</span> <span class='ocrx_word' id='word_1_606' title='bbox 1476 2591 1581 2628; x_wconf 82' lang='lat' dir='ltr'>fortis,</span> <span class='ocrx_word' id='word_1_607' title='bbox 1595 2590 1676 2619; x_wconf 89' lang='lat' dir='ltr'>viri-</span> 
     </span>
     <span class='ocr_line' id='line_1_106' title="bbox 978 2637 1674 2678; baseline -0.003 -9"><span class='ocrx_word' id='word_1_608' title='bbox 978 2640 1043 2676; x_wconf 78' lang='grc'><strong>(115,</strong></span> <span class='ocrx_word' id='word_1_609' title='bbox 1067 2639 1227 2678; x_wconf 65' lang='lat' dir='ltr'>lascivus,</span> <span class='ocrx_word' id='word_1_610' title='bbox 1254 2638 1443 2676; x_wconf 81' lang='lat' dir='ltr'>animusque</span> <span class='ocrx_word' id='word_1_611' title='bbox 1466 2637 1534 2675; x_wconf 69' lang='lat' dir='ltr'>ojus</span> <span class='ocrx_word' id='word_1_612' title='bbox 1552 2644 1674 2667; x_wconf 61' lang='lat' dir='ltr'>conve-</span> 
     </span>
    </p>
   </div>
  </div>
 </body>
</html>
