1830 3073
219 191 240 221 6

262 244 279 252 u

260 253 291 273 a.
321 242 402 274 Puto
426 242 535 273 tamen
557 241 641 272 hanc
675 242 794 280 ipsam,
820 250 916 280 quam

220 288 414 320 obedientiae
437 288 472 318 et
491 286 662 326 patientiae
688 287 819 317 tertiam
842 285 914 315 addi

219 335 388 373 volumus,
406 333 599 372 sapientiam
626 333 839 362 nihilominus
860 332 917 361 tri-

218 381 341 418 plicem
351 379 514 416 inveniri,
524 379 562 409 ut
577 378 721 408 nostrum
737 376 797 405 hoc
809 375 917 405 condi-

217 425 366 456 mentum
377 425 470 456 velut
485 424 590 454 tribus
601 421 791 461 quibusdam
806 420 916 450 herbis

683 189 714 217 S.
733 188 965 218 BERNARDI
985 189 1177 218 ABBATIS

951 241 1044 271 homo
1057 263 1066 278 ,
1082 242 1152 271 sine
1167 243 1314 280 passione
1326 242 1450 274 habens
1466 244 1646 284 actionem,

950 285 1073 316 habens
1085 286 1182 316 etiam
1190 288 1376 319 sinelabore
1388 289 1645 320 meditationem.

947 330 1027 360 Dico
1041 332 1151 361 autem
1161 333 1287 369 quando
1307 333 1430 371 positus
1440 334 1537 364 estin
1551 341 1647 372 para-

948 374 1065 413 disum,
1081 377 1118 406 ut
1132 378 1321 414 operaretur
1335 380 1370 409 et
1382 379 1569 409 custodiret.
1580 379 1646 408 Ve-

946 428 1019 449 rum
1033 420 1111 450 hinc
1125 429 1254 459 quoque
1274 422 1302 451 si
1321 430 1387 453 non
1402 424 1534 454 caderet
1545 445 1554 461 ,
1575 423 1647 453 erat

219 469 416 500 conficiatur.
432 469 520 507 Opus
543 468 591 498 est
610 467 698 497 enim
725 466 764 496 ut
787 464 915 502 justitia
928 477 931 513 Ιι
947 465 1119 503 aliquando
1146 467 1399 506 promovendus,
1422 469 1460 499 ut
1484 469 1549 498 sola
1577 469 1645 505 jam

218 515 263 546 sit
286 515 322 545 in
346 514 547 551 intentione,
572 511 719 542 hilaritas
747 511 782 539 in
804 517 930 548 opera-·
946 510 1110 541 frueretur
1125 513 1396 550 contemplatione
1415 522 1425 543 τ
1447 514 1531 544 sicut
1549 514 1582 543 et
1603 521 1645 542 ex

218 556 308 590 tione
320 581 330 597 ,
350 558 517 589 humilitas
538 557 573 586 in
592 554 808 593 reputatione.
833 553 917 583 Insi—
946 556 1007 585 hoc
1022 556 1168 587 inferiori
1183 557 1300 595 gradu,
1315 566 1413 595 quem
1429 559 1523 588 modo
1534 559 1644 595 tenet,

218 605 295 644 pida
320 612 460 643 namque
484 604 551 632 Deo
576 603 609 631 et
632 601 752 630 insulsa
777 599 915 638 quodam
946 601 1008 631 nisi
1027 610 1194 640 resurgere
1214 603 1355 640 satagat,
1379 602 1414 632 in
1435 602 1581 632 infimum
1596 603 1645 632 est

219 650 314 680 modo
327 650 435 680 nostra
447 647 631 678 obedientia
641 667 650 683 ‚
666 654 725 675 seu
745 645 844 675 etiam
857 652 929 687 pass
945 647 1135 686 quandoque
1148 656 1279 678 casurus
1293 656 1301 677 z
1315 647 1518 678 videlicetut
1530 649 1564 677 in
1578 648 1644 677 sola

216 696 335 726 ⁴tientia
352 696 416 732 est,
431 694 493 723 nisi
519 691 662 722 omnium
677 698 749 728 quae
770 691 825 720 vel
848 691 916 729 agi-
927 702 929 732 i
942 691 1010 727 jam
1024 692 1171 729 passione
1186 691 1353 729 versetur,
1369 693 1455 730 quod
1468 701 1529 722 nec
1543 700 1643 730 opuS,

218 749 291 770 mus
301 762 310 778 ‚
325 740 377 770 vel
389 740 527 777 patimur
537 759 545 774 ‚
558 737 629 774 ipse
644 736 686 765 sit
704 743 798 765 causa
814 744 823 764 ι
839 737 914 774 quia
927 733 929 739 ⁴
945 743 1005 765 nec
1020 737 1116 774 ratio,
1135 737 1191 766 sed
1203 737 1329 767 tantum
1339 738 1445 775 passio
1461 738 1547 776 apud
1561 737 1645 767 infe-

219 787 254 815 et
265 784 417 823 quicquid
431 782 564 812 facimus
574 803 584 819 ,
596 781 750 818 jubemur
760 781 867 811 facere
879 782 914 811 in
926 795 929 830 l
945 789 995 810 ros
1007 781 1060 812 sit.
1070 782 1162 812 Felix
1173 782 1307 820 quidem
1317 782 1410 819 cujus
1421 784 1561 812 animam
1575 790 1645 812 cor·

218 831 351 868 gloriam
374 829 449 865 Dei;
464 829 496 857 et
509 835 575 857 non
596 827 623 856 si
648 827 728 864 quid
751 827 914 865 patimur,
944 835 1004 864 pus
1024 835 1088 857 non
1104 827 1315 865 aggravabat,
1331 828 1407 865 quia
1422 835 1484 857 nec
1499 836 1644 857 corrum-

219 876 275 905 sed
297 876 321 905 si
334 874 409 912 quid
424 874 555 911 propter
574 872 734 909 justitiam
754 872 928 910 patimur,÷
944 873 1093 910 pebatur.
1109 873 1173 903 Sed
1187 873 1282 911 longe
1304 873 1451 910 felicior,
1476 873 1503 903 si
1527 873 1566 902 ad
1581 873 1643 902 hoc

217 921 318 950 beati.
335 919 468 957 Oportet
489 919 597 947 autem
615 917 927 958 pusillanimitatem}
943 919 1158 956 pervenisset,
1173 918 1210 948 ut
1224 918 1400 948 minoratus
1415 918 1501 956 actu,
1512 918 1644 956 plenius

218 973 345 1002 quoque
370 965 402 993 et
416 963 582 993 tristitiam
604 964 637 992 in
663 963 828 1000 omnibus,
843 962 927 1000 quae'
943 963 1184 1002 perfectiusque
1220 964 1405 1002 perciperet
1430 964 1642 1002 sapientiam,

220 1010 337 1047 agenda
350 1009 484 1039 suntvel
496 1009 679 1046 toleranda,
693 1009 802 1038 caveri
816 1017 824 1036 ε
838 1009 928 1062 quia}
944 1009 1041 1046 gratis
1051 1009 1188 1047 diligens
1198 1017 1325 1047 corpus,
1336 1010 1488 1048 tanquam
1502 1009 1535 1037 in
1550 1009 1643 1038 nullo

218 1057 345 1085 hilarem
371 1055 508 1084 datorem
531 1055 625 1092 diligit
648 1056 743 1084 Deus.
767 1053 927 1092 Denique3
944 1054 1092 1092 indigens
1113 1063 1258 1092 corpore.
1279 1055 1371 1084 Esset
1386 1055 1472 1084 enim
1495 1054 1549 1083 hic
1566 1055 1642 1092 pul-

219 1100 361 1130 hilaritas
372 1099 441 1137 ipsa
450 1100 483 1129 et
493 1099 610 1129 devota
618 1099 767 1129 voluntas
779 1098 818 1127 ad
828 1095 927 1138 eam,j
944 1099 1123 1129 cherrimus
1138 1100 1232 1137 ordo,
1252 1099 1286 1129 et
1307 1099 1370 1129 erit
1389 1099 1495 1129 adhuc
1513 1099 1642 1137 quando

217 1153 310 1183 quam
334 1151 430 1182 supra
459 1144 619 1181 diximus,
646 1142 926 1181 praeparationem}
945 1144 1016 1173 erit.
1032 1145 1142 1182 Neque
1155 1144 1242 1174 enim
1255 1145 1458 1183 aliquatenus
1467 1144 1641 1182 desperan-

217 1190 401 1228 specialiter
435 1189 580 1219 noscitur
615 1189 792 1227 pertinere.
818 1186 926 1241 Porro}¹
943 1190 1035 1227 dum,
1049 1191 1085 1220 ut
1099 1190 1254 1220 videlicet
1266 1190 1349 1220 sicut
1368 1190 1476 1220 anima
1487 1190 1556 1219 Deo
1568 1211 1577 1226 ,
1594 1189 1640 1220 sic

217 1236 389 1265 elationem
412 1243 509 1273 super
523 1234 630 1264 omnia
644 1234 755 1272 fugere
779 1242 925 1274 necesse¹
943 1236 1058 1266 animae
1071 1244 1144 1265 caro
1157 1235 1265 1265 dicere
1277 1235 1444 1265 videretur
1460 1244 1468 1264 :
1486 1236 1640 1274 Quoniam

216 1283 275 1311 est.
288 1280 438 1319 Quisquis
449 1280 536 1310 enim
555 1280 655 1309 altum
673 1280 773 1318 sapit,
786 1281 820 1309 et
833 1278 926 1318 opus5
944 1281 1093 1311 bonorum
1112 1290 1252 1311 meorum
1273 1289 1335 1310 non
1356 1290 1438 1319 eqes‚·
1454 1280 1639 1318 Adimplebis

215 1327 304 1363 ejus,
334 1326 368 1355 et
392 1325 549 1363 patientia
576 1333 695 1354 vanum
723 1324 828 1363 sapit·,
852 1324 926 1355 nect
944 1336 988 1356 me
1004 1328 1121 1363 loetz'tia,
1135 1327 1198 1362 ait,
1214 1335 1282 1356 cum
1297 1326 1383 1356 vultu
1398 1327 1459 1355 luo.
1475 1325 1553 1354 Inde
1567 1324 1639 1362 ple-

216 1372 342 1408 gravior
371 1371 458 1400 ullus
493 1378 598 1408 sapor,
626 1371 681 1399 aut
710 1370 812 1408 magis
839 1379 913 1400 con·
942 1372 1071 1409 nitudo,
1093 1372 1168 1401 inde
1190 1372 1340 1409 satietas,
1357 1379 1431 1400 cum
1453 1368 1640 1408 apparuerit

216 1417 332 1446 irarius
353 1417 402 1446 est
429 1416 573 1446 veritati.
595 1415 734 1445 Videsne
754 1423 851 1452 quam
871 1417 925 1454 sit]
942 1417 1041 1453 gloria
1055 1419 1121 1446 tua.
1136 1418 1216 1446 Nam
1237 1417 1321 1455 quod
1343 1417 1382 1446 de
1399 1423 1567 1454 corporum
1584 1422 1639 1444 re-

211 1462 296 1492 utile
327 1462 450 1491 homini
489 1462 571 1491 scire
601 1469 635 1491 se
663 1461 848 1499 hominem,
876 1463 911 1492 ut

212 1507 348 1545 proinde
360 1507 401 1537 sit
412 1508 543 1545 paratus
550 1506 591 1536 ad
601 1507 822 1536 mandatorum
835 1507 926 1556 ohe-r

215 1552 371 1582 dientiam
385 1573 394 1589 ,
410 1552 444 1582 et
454 1551 661 1581 tolerantiam
684 1551 885 1589 flagellorum
901 1561 909 1581 t
923 1558 925 1588 ρ

215 1605 252 1625 ac
278 1596 431 1634 deinceps
451 1596 597 1632 studeat,
613 1597 649 1625 ut
667 1596 722 1633 qui
744 1604 805 1625 nec
825 1592 925 1626 lal›o·'

215 1649 285 1670 rem
301 1641 432 1671 interim
447 1642 552 1680 potest
564 1641 728 1678 effugere,
744 1649 804 1671 nec
822 1642 911 1672 dolo-

214 1695 301 1723 rem3
327 1687 373 1717 sic
397 1687 511 1717 saltem
533 1687 657 1716 laboret
682 1687 716 1717 et
736 1686 858 1724 doleat,
875 1687 924 1718 ut'

212 1733 282 1762 haec
302 1732 363 1761 sihi
385 1733 419 1763 in
444 1732 532 1762 cibos
552 1732 715 1763 transeant
739 1732 925 1776 salutares?¹

214 1778 381 1815 Siquidem
410 1779 519 1808 'melior
549 1780 593 1807 est
619 1778 787 1807 obedientia
818 1787 909 1816 quam

214 1825 360 1859 fictimoe,
373 1824 407 1853 et
428 1823 536 1853 Melior
550 1824 594 1853 est
605 1824 723 1861 patiens
740 1824 804 1852 viro
823 1823 908 1860 forti.

213 1868 439 1898 inobedientia
463 1869 512 1898 est
531 1876 626 1898 causa
649 1867 782 1897 mortis:
799 1875 910 1899 omnes

216 1914 418 1952 experimur,
449 1921 560 1944 omnes
595 1913 751 1943 morimur
778 1915 924 1952 propter¹

212 1968 297 1989 cam.
314 1959 519 1998 impatientia
531 1981 540 1997 ,
556 1959 670 1989 animae
692 1958 832 1997 perditio
848 1961 908 1997 est,
922 1959 925 1980 ³

213 2005 343 2035 dicente
380 2005 516 2035 Domino
536 2013 544 2034 ι
562 2005 600 2034 In
630 2005 779 2043 patientia
809 2007 910 2035 vestra

211 2051 397 2088 possidebitis
435 2052 558 2080 animas
587 2051 715 2080 vestras.
740 2049 925 2080 Nihilomi-i

215 2103 276 2124 nus
291 2096 397 2125 autem
414 2095 574 2133 sapientia
587 2103 733 2133 quoque,
749 2103 845 2132 quam
861 2096 910 2125 di-

214 2139 340 2177 ximus,
361 2141 542 2170 necessaria
564 2141 614 2170 est
633 2140 674 2170 ad
694 2140 844 2170 salutem.
861 2140 910 2169 Si—

213 2184 346 2222 quidem
360 2193 424 2214 non
445 2187 546 2215 solum
568 2187 698 2224 propter
720 2185 910 2215 inobedien-

213 2231 294 2259 tiam
326 2230 445 2267 quibus
477 2231 663 2261 obedientia
701 2230 825 2268 defuit,
854 2232 909 2260 aut

214 2277 346 2313 propter
357 2275 592 2313 impatientiam
614 2277 668 2315 qui
685 2276 842 2314 patientia
857 2284 925 2310 ca-,

211 2320 369 2358 ruerunt3
387 2321 442 2350 sed
456 2322 488 2350 et
502 2321 555 2358 qui
571 2330 636 2351 non
657 2322 841 2352 habuerunt
859 2313 925 2351 sa·-¹

212 2365 388 2403 pientiam,
412 2366 544 2404 propter
568 2374 661 2396 suam
687 2367 908 2405 insipientiam

213 2410 391 2449 perierunt.

252 2456 283 2485 6.
299 2457 338 2485 Et
352 2456 419 2485 haec
435 2455 566 2494 quidem
580 2455 617 2485 ut
636 2454 738 2486 sciant
762 2455 909 2486 homines

213 2501 366 2539 quoniam
382 2501 529 2531 homines
541 2502 633 2538 sunt,
649 2502 829 2531 actionibus
841 2502 908 2538 jain

214 2547 249 2576 nt
277 2546 481 2584 passionibus
504 2546 666 2584 deputati3
690 2546 759 2575 erat
782 2549 908 2583 quando

219 2591 251 2620 in
266 2592 393 2623 actione
416 2592 449 2622 et
468 2591 677 2624 meditatione
695 2591 819 2629 positus
841 2592 907 2621 crat
925 2620 928 2625 ,

942 1462 1152 1500 formatione,
1175 1464 1207 1493 et
1227 1462 1478 1491 conformatione
1498 1459 1640 1491 claritati

942 1508 1082 1545 corporis
1103 1508 1173 1544 eJ'us
1197 1508 1446 1545 exspectamus,
1470 1514 1513 1535 ex
1535 1506 1638 1534 abun-

942 1552 1029 1581 danti
1045 1552 1181 1590 quodam
1197 1552 1290 1581 modo
1306 1554 1339 1581 et
1349 1559 1508 1581 mensurae
1524 1559 1638 1588 super-

941 1597 1109 1627 effluentia
1136 1597 1199 1627 erit
1219 1605 1227 1626 :
1246 1599 1283 1626 ut
1294 1596 1442 1635 'feliciter
1457 1596 1588 1633 quidem
1604 1595 1639 1624 in

942 1642 1042 1680 ipsius
1057 1642 1289 1680 glorificatione
1300 1663 1309 1679 ,
1324 1642 1381 1671 sed
1395 1649 1459 1670 non
1474 1641 1638 1678 principa—

941 1688 1016 1718 liter
1029 1687 1234 1726 gaudeamus.
1251 1688 1351 1723 Usor,
1368 1686 1490 1724 inquit,
1503 1688 1576 1722 tua,
1596 1686 1638 1716 si-

940 1735 989 1763 cut
998 1734 1066 1763 vilis
1076 1733 1247 1768 abundans,
1257 1734 1289 1762 in
1300 1732 1443 1762 lateribus
1449 1732 1556 1760 (lomus
1564 1733 1636 1760 tuoe.

941 1778 1157 1807 Honorabitur
1169 1785 1255 1813 caro,
1267 1776 1336 1813 sed,
1348 1776 1439 1813 juxta
1452 1783 1637 1805 mensuram

940 1831 1041 1854 suam,
1053 1823 1159 1852 nonin
1170 1822 1278 1851 medIO
1287 1821 1398 1851 domus
1409 1821 1569 1857 habitans,
1581 1820 1638 1849 sed

922 1865 925 1872 ⁴
940 1877 1099 1906 seorsum3
1113 1876 1174 1898 nec
1191 1870 1224 1897 in
1240 1867 1321 1896 facie
1337 1866 1430 1896 nobis
1443 1888 1451 1903 ,
1472 1866 1528 1895 sed
1543 1866 1577 1895 in
1589 1866 1637 1894 la-

940 1917 1009 1944 tere
1034 1914 1218 1944 constituta.
1243 1914 1316 1942 Filii
1327 1913 1372 1942 tui
1380 1933 1390 1946 ,
1411 1913 1489 1941 sicut
1513 1912 1637 1941 norellae

940 1961 1107 1996 olivarum,
1123 1960 1155 1988 in
1171 1959 1299 1988 circuitu
1314 1965 1425 1987 mensoe
1441 1958 1513 1986 tuae.
1534 1956 1638 1985 Nimi-

939 2013 1011 2034 rum
1025 2012 1123 2042 opera
1135 2003 1233 2033 etiam
1247 2003 1316 2040 ipsa
1330 2010 1395 2031 non
1409 2001 1566 2038 deerunt,
1580 2001 1637 2031 sed

940 2058 1010 2088 quae
1031 2057 1117 2079 nunc
1138 2048 1220 2078 fiunt
1233 2069 1242 2085 ,
1268 2056 1332 2077 non
1353 2056 1424 2086 quae
1444 2047 1523 2076 fient
1540 2047 1637 2083 tunc;

940 2095 1022 2125 sicut
1039 2094 1194 2133 scriptum
1211 2094 1259 2124 est
1274 2102 1282 2122 t
1300 2094 1400 2131 Opera
1414 2094 1495 2122 enim
1514 2093 1637 2122 illorum

939 2142 1108 2179 sequuntur
1122 2140 1200 2170 illos.
1214 2140 1334 2169 Verum
1350 2138 1411 2168 etsi
1436 2138 1638 2175 gratulemur

941 2187 973 2215 et
995 2193 1123 2223 agamus
1144 2184 1262 2222 gratias
1284 2185 1352 2213 Deo
1376 2191 1473 2220 super
1494 2182 1545 2212 his
1565 2189 1638 2219 quae

940 2231 1041 2268 ipsius
1056 2230 1216 2266 adjutorio
1231 2229 1399 2267 gessimus,
1415 2235 1480 2257 non
1493 2227 1636 2265 primum

939 2277 1049 2306 tamen
1077 2275 1124 2304 eis
1141 2275 1248 2304 locum
1262 2274 1427 2311 dabimus,
1450 2272 1507 2302 sed
1522 2272 1557 2301 in
1574 2272 1638 2301 eir-

941 2321 1031 2351 cuitu
1041 2320 1245 2350 locabuntur.

981 2367 1011 2395 7.
1020 2367 1110 2395 Nunc
1122 2373 1199 2395 vero
1212 2365 1245 2394 in
1253 2364 1384 2401 regione
1395 2371 1562 2401 corporum
1578 2362 1637 2391 ha-

940 2411 1094 2448 bitantes,
1111 2410 1297 2448 corporibus
1310 2417 1419 2438 sumus
1431 2407 1564 2437 obnoxii
1580 2416 1588 2435 :
1604 2407 1638 2436 et

941 2464 981 2485 ex
997 2465 1060 2494 quo
1075 2456 1313 2493 dissipaverunt
1328 2456 1434 2492 legem
1443 2452 1570 2482 Domini
1578 2459 1636 2489 pa-

940 2503 1049 2531 rentes
1056 2501 1168 2537 nostri,
1180 2500 1344 2529 nonmodo
1359 2499 1498 2529 faciendi
1510 2499 1638 2534 tempus

942 2548 989 2575 est
1001 2569 1010 2584 ,
1037 2546 1094 2575 scd
1119 2547 1218 2575 etiam
1246 2545 1414 2582 patiendi,
1440 2544 1473 2573 et
1492 2542 1635 2571 omnium

941 2592 1084 2621 nostrum
1101 2591 1240 2630 amplius
1254 2590 1344 2620 labor
1358 2590 1390 2619 et
1411 2588 1509 2618 dolor.
1531 2588 1636 2617 Durus
