1846 3078
284 223 343 255 2⁸52

753 229 785 256 S.
812 227 1044 255 BERNAnm
1072 226 1268 254 AssssATls

284 287 380 318 supra
387 280 507 318 petram
516 280 601 320 pedes
611 289 703 318 meos,
713 283 739 311 et
748 282 858 311 direxit
868 289 986 318 qressus
1000 279 1142 316 {pientia
1163 280 1306 318 ordinat,
1323 279 1503 319 deliberat,
1516 280 1717 319 moderatum

284 334 376 356 meos.
392 325 487 362 Cujus
503 335 601 356 manu
627 327 781 365 erigeris,
805 326 906 363 ipsius
927 333 986 354 ne-
1020 324 1124 353 virtus
1139 325 1341 362 exsequitur.

284 379 373 401 cesse
391 373 439 402 est
455 372 577 402 virtute
595 372 748 402 tenearis.
770 372 846 400 Haec
871 378 930 408 pro
946 379 983 400 eo

282 417 367 455 quod
383 417 466 455 dixi,
481 426 561 456 opus
576 426 632 447 nos
646 418 765 446 habere
789 415 914 453 Verbo,
931 416 983 445 cui

282 462 462 492 innitamur
473 463 513 492 ad
527 463 697 492 virtutem.

322 508 352 537 7.
367 508 532 545 Nuncjam
547 507 723 537 videndum
735 506 783 535 est
796 505 835 536 de
849 513 886 535 eo
899 505 982 543 quod

281 553 361 584 item
381 553 578 588 memoravi,
601 560 661 590 per
689 552 833 581 Verbum
856 551 983 582 scilieet

280 597 490 628 nihilominus
508 606 565 627 nos
593 596 763 627 reformari
793 597 834 627 ad
854 597 983 635 sapien-

280 643 371 673 tiam.
383 644 524 673 verbum
537 643 655 680 virtus,
666 643 811 673 Verbum
823 642 982 681 sapientia

280 691 339 719 est.
358 690 470 720 Sumat
486 697 561 727 ergo
577 689 684 718 anima
707 689 747 718 de
770 689 895 718 virtute
917 689 982 719 vir-

280 735 381 765 tutem
395 757 404 772 ,
425 743 462 764 ac
487 735 528 765 de
544 735 704 773 sapientia
720 735 930 773 sapientiam,
949 736 983 765 et

281 781 335 809 uni
351 781 457 810 Verbo
472 789 591 811 munus
613 781 789 820 utrumque
806 781 979 811 adscribat.

279 826 431 864 Alioquin
444 826 470 857 si
486 826 618 856 aliunde
641 827 698 856 aut
712 827 882 865 utramque
894 849 904 865 ,
926 828 982 857 aut

278 871 467 901 alterutram
494 873 623 909 arroget
645 872 726 909 sibi3
758 873 856 910 neget
882 873 980 902 etiarn

278 916 374 945 simul
391 917 443 947 vel
467 916 507 947 de
528 917 617 947 fonte
641 918 767 955 rivum,
783 917 838 947 vel
861 917 900 947 de
913 917 980 947 vite

277 961 410 1000 vinum,
427 963 479 992 vel
495 963 608 993 lumen
624 963 702 992 oriri
718 963 758 993 de
774 963 912 992 lumine.
930 963 982 992 Fi-

276 1006 358 1037 delis
373 1016 478 1038 sermo
496 1017 504 1037 :
522 1010 556 1039 Si
569 1009 653 1047 quis,
670 1008 789 1047 inquit,
802 1009 913 1046 z'ndiqet
927 1017 982 1039 sa-

276 1054 391 1090 pientia
401 1075 410 1091 ,
420 1055 551 1092 postulet
566 1064 587 1084 a
605 1056 670 1085 Deo
681 1076 691 1091 ,
704 1056 758 1093 qui
770 1055 824 1084 dat
840 1052 981 1084 omnibus

276 1099 440 1136 affluenter
451 1121 460 1137 ,
476 1102 503 1130 et
518 1109 580 1130 uon
597 1101 785 1139 improperat
795 1110 805 1138 ,·
817 1102 844 1130 et
857 1100 982 1130 dabitur

276 1145 315 1174 ei.
332 1145 408 1174 Haec
430 1144 499 1175 ille.
526 1147 589 1184 Ego
612 1154 690 1176 vero
715 1146 801 1175 haud
826 1154 920 1176 secus
940 1145 980 1175 de

275 1189 396 1220 virtute
405 1191 575 1221 senserim.
588 1191 726 1230 Cognata
735 1192 841 1222 virtus
853 1192 982 1230 sapien-

275 1235 330 1265 tiae
346 1236 406 1266 est«.
428 1237 556 1266 Donum
578 1237 639 1267 Dei
661 1237 767 1267 virtus
788 1238 855 1275 est,
877 1237 982 1275 depu—

275 1281 372 1310 tanda
394 1282 429 1311 in
445 1282 536 1312 donis
551 1282 683 1320 optimis
694 1304 703 1320 ,
727 1283 929 1312 descendens
947 1283 980 1312 et

276 1326 345 1364 ipsa
360 1327 527 1358 desursum
543 1337 561 1358 a
577 1329 670 1358 Patre
685 1329 798 1358 Verbi.
811 1330 849 1359 Et
863 1329 890 1358 si
907 1329 980 1367 quis

275 1373 445 1404 existimet
467 1374 499 1403 id
520 1382 580 1413 per
602 1375 711 1404 onmia
734 1383 805 1405 eam
830 1375 915 1413 quod
930 1384 980 1405 sa—

275 1417 431 1454 pientiam
441 1419 743 1457 esse,noninficior,
753 1419 978 1458 sedinVerbo,

275 1471 340 1492 non
358 1464 391 1493 in
412 1464 531 1494 anima.
551 1466 627 1502 Quae
644 1466 731 1495 enim
748 1466 781 1495 in
796 1466 902 1496 Verbo
921 1474 979 1504 pro

277 1508 349 1545 ejus
364 1509 520 1547 singulari
537 1509 656 1539 divinae
680 1511 803 1541 naturae
819 1511 979 1548 simplici-

277 1554 344 1583 tate
357 1563 458 1584 unum
473 1556 566 1592 sunt,
582 1564 685 1585 unum
701 1557 809 1586 tamen
827 1557 978 1587 effectum

276 1599 309 1629 in
325 1600 433 1630 anima
449 1609 513 1630 non
527 1601 671 1639 habent,
688 1602 746 1631 sed
767 1602 807 1632 ad
823 1603 911 1633 illius
923 1611 978 1632 va-

274 1644 337 1674 rias
352 1646 385 1675 et
398 1646 542 1676 diversas
561 1647 791 1684 necessitates,
808 1648 913 1676 veluti
928 1648 978 1677 di-

273 1699 366 1720 versa
380 1712 388 1727 ,
402 1699 470 1721 sese
483 1692 708 1729 participanda
722 1693 976 1723 accommodant.

273 1736 371 1766 Juxta
379 1745 476 1775 quam
492 1737 653 1767 rationem
670 1738 816 1776 profecto
831 1738 922 1768 aliud
931 1740 979 1769 est

274 1782 381 1812 animo
404 1783 528 1813 virtute
552 1783 621 1821 agi,
649 1785 681 1813 et
702 1784 793 1813 aliud
818 1784 977 1822 sapientia

272 1829 366 1867 regi:
384 1829 473 1858 aliud
493 1829 651 1859 dominari
674 1831 707 1859 in
724 1830 866 1868 virtute,
890 1831 977 1861 aliud

272 1876 307 1904 in
338 1874 498 1904 suavitate
530 1875 690 1905 deliciari.
719 1875 810 1905 Licet
836 1885 977 1915 namque

273 1920 306 1950 et
327 1920 487 1959 sapientia
511 1921 644 1959 potens,
674 1923 706 1952 et
735 1922 840 1952 virtus
870 1923 978 1953 suavis

271 1967 427 2003 exsistat3
449 1967 485 1996 ut
500 1967 607 1996 tamen
625 1969 771 2005 proprias
793 1967 977 2006 quibusque

272 2011 444 2041 reddamus
465 2012 631 2041 vocabulis
654 2012 899 2052 significantias,
925 2015 977 2044 vi-

270 2064 326 2093 gor
338 2057 507 2095 v1rtutem,
520 2058 712 2095 sapientiam
725 2059 896 2097 placiditas
911 2060 978 2089 ani-

271 2102 316 2131 mi
342 2111 415 2132 cum
447 2103 608 2142 spirituali
640 2105 779 2143 quadam
815 2105 976 2136 suavitate

271 2146 482 2178 demonstrat.
495 2149 582 2179 Hanc
595 2151 674 2187 puto
699 2149 739 2178 ab
755 2150 903 2187 Apostolo
919 2151 976 2180 de-

271 2195 448 2231 signatam,
477 2194 535 2223 ubi
559 2197 630 2232 post
654 2196 754 2225 multa
772 2196 975 2227 hortamenta

270 2238 468 2277 pertinentia
484 2240 525 2269 ad
550 2241 726 2278 virtutem,
748 2241 869 2278 adjecit
889 2242 975 2280 quod

269 2284 439 2323 sapientiae
463 2286 512 2314 est
534 2294 542 2315 :
560 2288 596 2316 Ιη
618 2289 785 2324 suavitate,
800 2289 832 2317 in
859 2288 974 2326 sz'rz'tu

268 2331 386 2360 sancto.
410 2329 511 2367 Igitur
533 2332 637 2370 stare,
653 2333 823 2370 resistere,
848 2333 914 2362 vim
939 2333 972 2363 vi

270 2375 451 2413 repellere,
467 2384 539 2412 quae
555 2377 668 2414 utique
684 2378 718 2407 in
740 2378 888 2416 partibus
906 2378 975 2408 vir-

269 2420 351 2450 tutis
373 2419 586 2458 deputantur,
611 2422 712 2452 honor
740 2424 889 2462 quidem,
916 2424 973 2453 sed

270 2466 360 2496 labor
383 2466 443 2495 est.
469 2466 538 2496 Non
562 2468 611 2496 est
635 2468 721 2496 enim
748 2469 888 2507 idipsum
914 2471 973 2500 ho-

269 2520 382 2542 norem
407 2512 500 2542 tuum
529 2512 688 2542 laboriose
710 2513 886 2545 defendere
901 2539 910 2553 ,
940 2517 972 2546 et

270 2558 380 2596 quiete
419 2558 595 2598 possidere.
633 2558 701 2587 Non
727 2560 775 2588 est
798 2560 883 2590 idem
905 2561 970 2590 vir-

267 2603 337 2633 tute
346 2603 410 2641 agi,
426 2604 460 2634 et
470 2604 592 2634 virtute
610 2603 686 2633 frui.
700 2604 859 2642 Quicquid
868 2606 971 2636 virtus

269 2649 424 2686 elaborat,
441 2649 598 2688 sapientia
615 2649 732 2680 fruitur
748 2658 756 2678 t
775 2651 807 2680 et
822 2652 905 2688 quod
919 2659 969 2680 sa-

1057 368 1089 397 8.
1111 370 1302 407 Sapientiam
1325 370 1422 401 scribe
1446 372 1478 400 in
1500 372 1578 408 otia,
1596 371 1643 402 ait
1663 371 1719 401 Sa-

1018 412 1123 450 piens.
1137 415 1217 451 Ergo
1232 415 1400 452 sapientiae
1411 416 1474 447 otia
1487 416 1617 454 negotia
1629 418 1717 454 sunt,

1019 458 1051 488 et
1062 467 1124 497 quo
1133 459 1264 489 otiosior
1276 460 1446 499 sapientia,
1459 470 1497 491 eo
1510 461 1719 492 exercitatior

1018 503 1052 532 in
1066 513 1185 542 genere
1201 513 1270 535 suo.
1285 506 1308 534 E
1324 506 1456 544 regione
1471 507 1576 537 virtus
1591 507 1721 538 exerci-

1016 549 1083 580 tata
1103 550 1220 580 clarior
1245 551 1313 589 est,
1334 559 1437 589 eoque
1457 552 1640 590 probatior,
1655 561 1719 591 quo

1017 595 1199 626 officiosior.
1212 597 1250 627 Et
1265 597 1290 626 si
1300 597 1373 635 quis
1384 597 1576 636 sapientiam
1588 598 1721 628 virtutis

1016 648 1159 671 amorem
1173 641 1354 679 diffinierit,
1370 642 1524 672 nonmihi
1537 650 1554 671 a
1569 650 1647 672 vero
1661 643 1720 673 de-

1016 685 1105 715 viare
1120 686 1262 716 videtur.
1281 687 1342 716 Ubi
1358 687 1469 716 autem
1483 694 1573 716 amor
1591 688 1656 726 est,
1671 688 1720 718 la-

1015 731 1073 761 bor
1086 740 1151 762 non
1164 732 1231 771 est,
1248 733 1306 763 sed
1321 741 1426 771 sapor.
1443 732 1483 762 Et
1497 732 1579 763 forte
1590 733 1720 772 sapien-

1015 777 1059 807 tia
1075 786 1092 807 a
1108 787 1221 816 sapore
1238 779 1485 816 denominatur,
1504 779 1590 817 quod
1605 780 1719 810 virtuti

1015 823 1172 854 accedens
1185 846 1194 861 ,
1214 825 1377 862 quoddam
1400 824 1504 855 veluti
1531 824 1719 855 condimen-

1015 869 1084 898 tum
1099 891 1108 907 ,
1123 871 1268 908 sapidam
1283 871 1415 909 reddat,
1440 879 1513 909 quae
1533 879 1594 909 per
1617 879 1650 902 se
1667 872 1719 902 in-

1015 914 1100 943 sulsa
1112 915 1251 952 quodam
1271 915 1366 945 modo
1378 916 1412 945 et
1424 923 1537 953 aspera
1552 916 1719 947 sentIeba-

1015 959 1079 988 tur.
1102 960 1166 989 Nec
1181 960 1334 989 duxerim
1346 960 1653 998 reprehendendum
1665 984 1674 1000 ,
1690 964 1718 993 si

1015 1005 1088 1042 quis
1103 1006 1297 1044 sapientiam
1311 1013 1459 1044 saporem
1475 1005 1552 1035 boni
1566 1006 1717 1039 diffiniat.

1015 1051 1105 1081 Hunc
1121 1060 1268 1089 saporem
1280 1052 1483 1090 perdidimus
1499 1052 1620 1091 abipso
1633 1063 1718 1092 pene

1016 1098 1131 1127 exortu
1140 1098 1269 1135 generis
1282 1098 1395 1128 nostri.
1406 1099 1453 1127 Ex
1465 1107 1529 1137 quo
1541 1100 1646 1130 cordis
1660 1109 1720 1139 pa-

1015 1142 1115 1172 latum
1131 1151 1229 1173 sensu
1253 1144 1359 1174 carnis
1378 1145 1579 1182 praevalente
1602 1145 1719 1178 infecit

1015 1188 1105 1218 virus
1129 1190 1291 1227 serpentis
1306 1190 1451 1228 antiqui,
1478 1190 1579 1229 coepit
1601 1192 1717 1223 animae

1015 1241 1079 1263 non
1105 1242 1220 1273 sapere
1247 1235 1385 1273 bonum,
1415 1243 1452 1265 ac
1477 1244 1572 1274 sapor
1597 1239 1717 1268 noxius

1014 1280 1208 1311 subintrare.
1233 1282 1382 1320 Denique
1405 1283 1499 1321 prom·
1517 1286 1590 1315 sant
1612 1293 1718 1315 sensus

1014 1326 1157 1362 hominis,
1170 1328 1197 1357 et
1207 1328 1403 1365 coqitationes
1420 1329 1452 1357 ἰη
1464 1329 1583 1359 malum
1595 1330 1633 1360 ab
1643 1331 1718 1360 ado-

1013 1372 1154 1402 lescentia
1167 1393 1177 1409 ,
1196 1373 1256 1402 boc
1272 1373 1322 1402 est
1344 1374 1383 1402 ab
1399 1373 1589 1412 insipientia
1603 1376 1717 1414 primae

1013 1418 1172 1448 mulieris.
1193 1419 1242 1448 Ita
1256 1418 1446 1457 insipientia
1461 1420 1608 1451 mulieris
1622 1430 1716 1460 sapo-

1013 1471 1082 1492 rem
1098 1464 1171 1493 boni
1187 1464 1341 1502 exclusit,
1357 1466 1434 1503 quia
1449 1467 1611 1504 serpentis
1623 1469 1717 1498 mali-

1013 1508 1058 1538 tia
1071 1509 1220 1539 mulieris
1233 1510 1458 1547 insipientiam
1481 1511 1713 1551 circumvenit.

1012 1553 1075 1583 Sed
1098 1555 1185 1584 unde
1212 1555 1338 1585 malitia
1364 1556 1432 1585 visa
1454 1557 1504 1586 est
1531 1558 1649 1589 vicisse
1675 1561 1717 1589 ad

1014 1599 1160 1638 tempus,
1173 1600 1250 1630 inde
1265 1608 1299 1630 se
1316 1600 1438 1630 victam
1464 1601 1552 1632 dolet
1566 1603 1600 1633 in
1622 1605 1716 1635 aeter-

1012 1653 1102 1674 num.
1118 1647 1197 1675 Nam
1210 1654 1286 1676 ecce
1302 1646 1407 1676 denuo
1419 1647 1587 1684 Sapientia
1599 1651 1717 1681 mulie-

1012 1691 1056 1720 ris
1079 1699 1133 1721 cor
1156 1693 1190 1722 et
1206 1700 1321 1730 corpus
1336 1693 1505 1730 implevit,
1521 1694 1558 1724 ut
1581 1696 1639 1733 qui
1657 1705 1716 1735 per

1013 1735 1170 1766 feminam
1183 1736 1357 1767 deformati
1376 1737 1409 1767 in
1424 1737 1650 1776 insipientiam
1661 1751 1716 1773 su-

1012 1790 1100 1820 mus,
1121 1791 1180 1820 per
1196 1782 1351 1813 feminam
1375 1783 1591 1815 reformemur
1605 1787 1646 1817 ad
1665 1797 1717 1818 sa-

1011 1828 1184 1865 pientiam.
1215 1829 1254 1858 Et
1281 1838 1369 1859 nunc
1401 1830 1529 1860 assidue
1555 1832 1715 1870 sapientia

1012 1874 1114 1904 vincit
1137 1874 1296 1904 malitiam
1328 1875 1363 1905 in
1387 1877 1553 1907 mentibus
1577 1878 1617 1908 ad
1634 1887 1714 1918 quas

1011 1920 1203 1958 intraverit,
1237 1929 1383 1959 saporem
1409 1922 1508 1960 mali,
1538 1932 1635 1961 quem
1657 1925 1714 1956 illa

1012 1966 1157 2004 invexit,
1178 1975 1291 2005 sapore
1317 1968 1542 1999 exterminans
1570 1970 1712 2001 meliori.

1010 2014 1134 2043 Intrans
1156 2013 1336 2051 sapientia,
1359 2013 1435 2043 dum
1457 2022 1587 2044 sensum
1608 2017 1714 2047 carnis

1013 2058 1172 2095 infatuat,
1194 2059 1345 2097 purificat
1367 2059 1593 2098 intellectum,
1608 2063 1714 2092 cordis

1011 2105 1154 2141 palatum
1170 2106 1260 2134 sanat
1277 2105 1310 2135 et
1332 2106 1473 2144 reparat.
1495 2106 1578 2136 Sano
1602 2108 1713 2145 palato

1009 2151 1093 2188 sapit
1110 2150 1177 2188 jam
1193 2150 1332 2188 bonum,
1349 2151 1434 2189 sapit
1449 2151 1518 2188 ipsa
1533 2151 1690 2189 sapientia
1701 2176 1710 2191 ‚

1009 2204 1072 2234 qua
1096 2197 1130 2226 in
1144 2196 1237 2226 honis
1252 2197 1378 2226 nullum
1397 2197 1527 2226 melius.

1049 2240 1078 2271 9.
1095 2242 1196 2279 Quam
1209 2242 1311 2271 multa
1322 2241 1403 2271 fiunt
1418 2241 1501 2271 bona
1512 2263 1521 2279 ,
1538 2243 1570 2272 et
1582 2251 1645 2272 non
1660 2253 1711 2274 sa-

1007 2287 1102 2325 piunt
1117 2287 1328 2317 facientibus!
1348 2287 1509 2325 siquidem
1521 2295 1585 2318 non
1597 2296 1711 2327 sapore

1008 2333 1082 2362 honi
1096 2333 1135 2363 ad
1151 2333 1205 2362 illa
1216 2354 1225 2370 ,
1241 2333 1298 2363 sed
1313 2334 1369 2363 aut
1381 2333 1518 2371 ratione,
1534 2334 1591 2364 aut
1605 2335 1712 2372 quali-

1007 2386 1145 2416 cumque
1161 2378 1345 2416 occasione,
1365 2386 1423 2408 seu
1440 2379 1634 2409 necessitate
1650 2380 1710 2410 im-

1008 2424 1196 2461 pelluntur:
1214 2424 1248 2454 et
1267 2432 1284 2453 e
1301 2423 1462 2454 contrario
1484 2424 1615 2462 multis,
1635 2433 1708 2464 quae

1008 2469 1144 2506 faciunt,
1160 2478 1224 2500 non
1246 2470 1376 2509 sapiunt
1393 2470 1495 2507 mala,
1512 2470 1568 2500 sed
1583 2470 1622 2500 ad
1639 2471 1708 2501 haec

1007 2515 1225 2554 inducuntur,
1248 2517 1303 2546 aut
1318 2516 1409 2546 metu
1422 2537 1431 2554 ,
1448 2516 1505 2546 aut
1526 2516 1707 2554 cupiditate

1006 2561 1053 2590 rei
1066 2560 1246 2599 cujuspiam
1261 2561 1367 2599 potius
1382 2569 1478 2599 quam
1490 2569 1603 2599 sapore
1615 2561 1704 2590 mali.

1005 2607 1065 2643 Qui
1080 2608 1188 2637 autem
1204 2607 1403 2636 transierunt
1419 2607 1453 2636 in
1468 2607 1616 2636 affectum
1636 2614 1709 2635 cor-

1006 2652 1072 2689 dis,
1090 2653 1145 2683 aut
1164 2653 1328 2690 sapientes
1352 2653 1444 2690 sunt,
1466 2652 1498 2682 et
1516 2651 1584 2690 ipso
1599 2651 1705 2682 delec-
