1810 3073
488 204 533 231 IN
556 199 754 231 CANTICA
778 197 927 225 SERMO
947 196 1115 224 xxxxii.

123 260 153 291 6.
170 258 241 289 Erat
261 265 334 297 crgo
353 263 484 293 aurora,
503 256 535 285 et
551 255 618 292 ipsa
640 251 773 283 subobs-

84 314 159 335 cura
191 303 285 341 satis,
310 302 375 331 tota
400 301 455 330 illa
483 300 599 330 Christi
622 297 775 329 videlicet

86 348 282 380 conversatio
305 355 401 385 super
421 347 560 383 terram,
579 352 678 382 usque
700 342 775 371 dum

85 394 275 425 occumbens
290 392 323 421 et
336 399 462 421 rursum
480 390 631 420 exoriens
641 410 650 426 ‚
666 387 777 417 solaris

85 447 150 468 suae
164 437 340 475 praesentiae
360 436 483 465 lumine
504 434 630 464 clariori
654 431 778 470 fugavit

84 491 251 519 auroram,
277 483 310 511 et
331 490 426 511 mane
449 481 532 510 facto
556 479 704 516 absorpta
730 476 778 505 est

84 535 148 557 nox
176 528 210 556 iu
236 527 385 557 victoria.
412 526 560 563 Denique
582 523 682 553 habes
705 531 712 550 :
737 523 777 551 Et

84 574 170 603 valde
184 582 274 603 mane
295 581 359 602 tuta
374 572 573 603 sabbatorum
593 569 718 599 veneunt
740 568 778 596 ad

84 621 333 654 vitonumenhmz,
363 619 429 647 orlo
447 616 517 654 jum
541 615 613 645 sole.
643 615 691 642 An
715 619 777 641 non

86 671 179 693 mane
198 663 259 693 fuit
271 685 280 700 ,
297 662 425 700 quando
440 662 526 690 ortus
541 660 590 689 est
604 658 780 688 Solmttu-

87 708 125 737 lit
139 710 246 738 autem
261 716 381 737 novum
403 706 442 736 de
464 703 699 735 resurreetione
723 703 780 732 de-

87 761 192 782 corem
204 775 213 790 ,
238 754 271 782 et
300 751 498 781 sereniorem
532 749 626 779 solito
653 749 760 776 lucem
771 769 779 784 ‚

87 798 234 835 quoniam
250 799 305 827 etsi
326 802 507 825 noveramus
526 803 595 823 eum
617 793 780 823 secundum

86 851 209 872 carnem
220 863 229 878 ,
244 843 293 872 secl
307 850 386 870 nunc
395 841 464 878 jam
483 848 545 868 non
564 839 714 868 norimus.
730 838 782 866 Est

86 887 241 924 scriptum
263 887 295 916 in
308 886 465 924 Propheta
482 893 489 914 ε
505 887 652 915 Decorem
667 884 781 918 induit,

87 934 184 962 imlnit
199 933 420 970 fortitudinem,
437 933 465 960 et
475 930 637 968 proecinxit
646 938 687 964 se,
700 928 783 966 quod

88 979 194 1007 carnis
216 978 358 1014 infirma,
376 979 540 1014 tamquam
564 974 676 1003 nubila
696 982 783 1011 quae-

87 1022 160 1051 dam
174 1023 353 1052 excusserit
364 1022 494 1058 ,stolam
510 1019 618 1057 gloriae
634 1019 782 1048 induens.

89 1068 171 1097 Sane
185 1068 304 1097 extunc
318 1067 463 1096 elevatus
479 1067 527 1096 est
542 1065 606 1102 Sol,
620 1064 783 1094 etsensim

88 1111 219 1141 demum
245 1112 424 1141 diffundens
450 1119 522 1141 suos
549 1110 655 1139 radios
689 1118 786 1147 super

89 1158 230 1195 terram,
247 1158 346 1195 coepit
360 1157 518 1195 paulatim
534 1156 654 1193 ubique
671 1156 786 1184 clarior

89 1209 245 1239 apparere
259 1224 267 1239 ,
286 1202 503 1239 fervidiorque
525 1201 650 1231 sentiri.
667 1202 785 1230 Verum

89 1246 331 1282 quantumlibet
351 1245 524 1275 incalescat
539 1245 573 1274 et
590 1244 786 1282 invalescat,

89 1291 288 1329 multiplicet
315 1292 346 1321 et
363 1290 478 1321 dilatet
502 1290 609 1320 radios
631 1298 704 1320 suos
729 1298 788 1327 per

89 1343 184 1366 omne
201 1337 296 1373 hujus
315 1338 432 1366 nostrae
456 1336 662 1365 mortalitatis
684 1336 787 1365 curri-

90 1382 216 1418 culum,
243 1381 326 1420 (erit
342 1382 428 1411 enim
444 1381 612 1411 nobiscum
628 1389 729 1418 usque
748 1382 787 1411 ad

91 1427 398 1456 consummationem
425 1427 532 1456 saeculi
549 1434 557 1455 ε
572 1424 582 1465 )
599 1434 663 1455 non
678 1426 786 1456 tamen

91 1471 131 1501 ad
144 1472 358 1501 meridianum
374 1472 544 1509 perveniet
571 1472 683 1501 lumen
695 1493 704 1509 ,
726 1479 786 1501 nec

91 1516 125 1545 in
142 1517 195 1545 illa
211 1517 257 1545 sui
274 1516 478 1555 plenitudine
491 1516 659 1546 videbitur
674 1516 766 1546 modo
778 1538 786 1554 ,

90 1561 126 1590 in
140 1570 201 1599 qua
213 1562 372 1592 videndus
386 1564 433 1592 est
448 1563 571 1600 postea,
584 1562 623 1591 ab
636 1562 686 1591 his
699 1561 788 1591 dum-

90 1608 192 1645 taxat,
205 1616 284 1645 quos
296 1609 354 1637 bae
366 1608 491 1637 visione
505 1608 573 1645 ipse
588 1607 786 1645 dignabitur.

91 1651 116 1680 Ο
132 1660 207 1681 vere
224 1652 376 1681 meridies
388 1674 397 1690 ,
413 1652 580 1690 plenitudo
604 1651 741 1681 fervoris
757 1653 788 1682 et

94 1697 174 1726 lucis
184 1719 192 1734 ,
209 1699 284 1727 solis
298 1698 392 1727 statio
405 1720 414 1736 ‚
429 1699 614 1727 umbrarum
633 1697 788 1727 extermi-

93 1743 181 1771 natio
193 1765 201 1779 ,
230 1743 406 1772 desiccatio
437 1743 590 1781 paludum
603 1764 610 1778 ,
640 1742 787 1772 foetorum

93 1788 253 1825 depulsio!
269 1789 293 1817 Ο
309 1796 451 1826 perenne
467 1788 652 1824 solstitium,
665 1788 790 1825 quando

91 1833 156 1870 jam
184 1842 247 1862 non
276 1834 487 1863 inclinabitur
512 1833 581 1862 dies
597 1832 604 1861 !
635 1841 652 1862 ο
680 1833 789 1861 lumen

93 1878 328 1916 meridianum,
350 1886 367 1908 ο
392 1878 533 1908 vernalis
556 1877 752 1916 temperies,
774 1886 791 1906 o

93 1923 205 1952 aestiva
223 1927 392 1961 venustas,
405 1932 423 1953 0
438 1923 635 1954 autumnalis
646 1922 790 1960 ubertas,

93 1969 125 1998 et
139 1968 198 2005 (ne
214 1969 292 2006 quid
309 1970 421 2000 videar
436 1969 651 2007 praeteriisse)
666 1977 683 1998 ο
699 1969 792 2006 quies

94 2014 127 2043 et
139 2014 265 2044 feriatio
281 2015 450 2045 hiemalis!
474 2016 536 2045 Aut
561 2016 669 2052 certe,
687 2014 712 2043 si
734 2015 791 2043 hoc

95 2059 195 2096 magis
207 2060 322 2097 probas
334 2082 342 2097 ,
358 2061 425 2090 sola
441 2061 518 2090 tunc
532 2060 639 2090 hiems
664 2060 746 2090 abiit
761 2062 792 2089 et

93 2106 238 2134 recessit.
264 2106 357 2135 Hunc
385 2108 511 2144 locum,
542 2107 667 2145 inquit,
694 2107 792 2137 tantae

93 2151 249 2181 claritatis
265 2152 296 2181 et
312 2152 399 2190 pacis
410 2154 442 2182 et
456 2152 670 2191 plenitudinis
685 2152 791 2182 indica

93 2195 194 2233 mihi,
215 2197 251 2226 ut
271 2198 542 2235 quemadmodum
566 2198 664 2227 Jacob
687 2198 792 2227 adhue

93 2241 128 2270 in
144 2250 273 2279 corpore
286 2251 422 2273 manens
433 2243 516 2273 vidit
528 2243 699 2272 Dominum
711 2242 792 2272 facie

95 2286 136 2315 ad
158 2286 273 2316 faciem
288 2309 297 2324 ,
327 2289 360 2317 et
386 2289 473 2318 salva
502 2288 585 2318 facta
614 2289 663 2317 est
688 2289 793 2319 anima

97 2331 182 2367 ejus,
197 2333 247 2360 vel
265 2334 353 2362 certe
369 2333 451 2363 sicut
464 2334 586 2371 Moyses
600 2334 685 2363 vidit
701 2342 792 2372 eum,

96 2385 159 2406 non
184 2386 241 2414 per
263 2378 377 2414 figuras
393 2379 425 2408 et
441 2378 629 2417 aenigmata,
653 2387 710 2409 seu
737 2387 794 2416 per

96 2423 217 2450 >omnia
231 2443 239 2455 ,
255 2423 300 2452 uti
326 2424 491 2460 Prophetae
518 2424 593 2460 alii,
622 2424 678 2453 sed
701 2426 794 2455 modo

96 2467 191 2504 plane
208 2469 404 2505 przecfflleffli
427 2471 522 2506 atque
545 2469 717 2506 inexperto
734 2479 795 2500 cae-

97 2513 177 2542 teris
189 2535 197 2549 ,
209 2513 268 2541 sibi
283 2515 357 2543 noto
375 2516 407 2543 et
423 2515 506 2552 Deo3
523 2516 577 2544 vel
596 2516 681 2547 sicut
698 2517 795 2548 lsaias

98 2559 251 2588 revelatis
267 2559 368 2589 oculis
384 2560 486 2589 cordis
501 2560 584 2590 vidit
600 2569 672 2591 eum
697 2571 795 2602 super

98 2603 213 2635 solium
226 2605 390 2635 excelsum
401 2605 434 2635 et
443 2606 603 2636 elevatum
614 2608 684 2644 3vel
695 2608 793 2638 etiam

1444 193 1504 223 265

807 247 964 287 quomodo
989 247 1107 276 Paulus
1130 244 1239 282 raptus
1269 246 1301 274 in
1323 246 1503 282 paradisum

808 295 933 324 audivit
954 293 1054 323 verba
1069 290 1264 326 ineffabilia,
1286 290 1318 319 et
1332 291 1504 319 Dominum

809 346 901 368 suum
915 337 1024 366 Jesum
1039 335 1201 364 Christum
1210 333 1293 363 vidit
1303 334 1404 361 oculis
1418 334 1504 362 suis:

810 385 853 414 ita
869 391 926 422 ego
946 389 1073 420 quoque
1095 381 1127 409 te
1150 380 1184 408 in
1206 378 1330 407 lumine
1347 378 1401 406 tuo
1425 379 1456 406 et
1472 378 1506 407 in

810 429 923 458 decore
936 429 990 458 tuo
1004 434 1063 464 per
1074 424 1369 454 mentisexcessum
1381 430 1507 450 mereor

811 473 1018 511 contemplari
1035 470 1220 510 pascentem
1237 467 1382 502 uberiuS,
1399 466 1509 503 quies-

812 521 938 549 centem
954 517 1109 549 securius.

851 565 880 594 7.
895 565 974 593 Nam
988 564 1020 593 et
1034 562 1087 592 hic
1100 560 1223 600 pascis,
1237 558 1293 589 sed
1313 564 1377 587 non
1402 556 1436 585 in
1458 564 1511 584 sa-

813 609 945 639 turitate
962 618 971 638 2
988 617 1049 639 nec
1066 608 1183 637 cubare
1197 605 1293 641 lieet,
1309 603 1366 633 sed
1380 602 1464 631 stare
1476 601 1511 630 et

813 655 946 692 vigilare
971 653 1098 692 oportet
1118 652 1250 690 propter
1272 649 1404 679 timores
1431 654 1513 675 noc-

814 700 935 728 turnos.
951 698 1043 731 Heu!
1059 705 1120 727 nec
1136 697 1223 726 clara
1234 695 1310 731 lux,
1325 701 1384 723 nec
1412 691 1510 729 plena

814 744 946 773 refectio
960 765 969 781 ,
984 751 1044 773 nec
1060 742 1183 772 mansio
1198 740 1268 770 tuta
1285 749 1292 768 ι
1310 739 1343 769 et
1367 738 1440 767 ideo
1464 738 1512 765 in-

814 789 880 819 dica
895 789 973 818 mihi
995 789 1048 818 ubi
1061 797 1170 826 pascas
1183 809 1192 824 ,
1205 786 1258 816 ubi
1271 785 1359 815 cubes
1374 785 1406 813 in
1420 782 1513 811 meri-

815 836 871 864 die.
887 835 1020 864 Beatam
1044 841 1096 863 me
1123 833 1203 863 dicis
1230 839 1302 861 cum
1331 828 1437 859 esurio
1448 849 1457 864 ,
1480 826 1515 856 et

816 879 889 910 sitio
902 880 1073 917 justitiam.
1088 878 1170 916 Quid
1183 878 1243 907 hoc
1259 877 1299 906 ad
1314 876 1443 905 illorum
1465 871 1514 901 fe-

817 925 974 954 licitatem
986 947 995 962 ‚
1024 925 1080 963 qui
1114 923 1232 961 repleti
1261 922 1337 952 sunt
1363 920 1396 949 in
1422 917 1516 947 bonis

818 970 929 999 domus
944 972 1005 1000 tuae
1017 992 1025 1007 ,
1040 969 1096 1007 qui
1112 969 1285 1007 epulantur
1301 966 1334 995 et
1350 963 1517 994 exsultant

820 1015 852 1044 in
866 1015 1041 1052 conspectu
1055 1015 1133 1051 Dei,
1151 1015 1183 1043 et.
1195 1011 1399 1042 delectantur
1414 1009 1446 1038 in
1462 1009 1516 1037 lae-

821 1060 914 1090 titia?
929 1061 991 1090 Sed
1007 1061 1039 1090 et
1050 1061 1076 1090 si
1092 1060 1170 1098 quid
1185 1058 1289 1097 patior
1304 1056 1435 1095 propter
1446 1054 1516 1091 jus—

821 1107 924 1136 titiam
933 1128 942 1144 ,
951 1105 1163 1136 nihilominus
1174 1105 1301 1134 beatam
1314 1100 1515 1141 pronuntias.

821 1153 857 1182 Et
872 1154 958 1182 certe
979 1152 1066 1190 pasci
1082 1151 1138 1180 ubi
1161 1150 1276 1180 timeas
1297 1148 1364 1187 pati
1377 1170 1386 1185 ,
1399 1147 1518 1183 jucun-

821 1198 955 1227 ditatem
980 1197 1096 1234 habet,
1125 1196 1182 1225 sed
1209 1203 1273 1225 non
1296 1192 1516 1224 securitatem.

821 1243 915 1272 Porro
931 1242 1040 1272 autem
1052 1240 1139 1279 pasci
1155 1240 1188 1270 et
1202 1239 1268 1278 pati
1284 1238 1397 1274 simul,
1410 1243 1518 1265 nonne

822 1288 955 1317 molesta
968 1287 1152 1324 jucunditas
1168 1284 1354 1315 est20mnia
1369 1281 1451 1311 mihi
1463 1281 1518 1310 bic

822 1334 940 1363 cedunt
965 1333 1045 1362 citra
1061 1331 1264 1370 perfeetum,
1286 1330 1380 1367 plura
1399 1327 1518 1365 praeter

822 1379 930 1408 votum
946 1399 955 1416 ,
977 1378 1011 1408 et.
1024 1379 1129 1407 tutum
1154 1376 1248 1406 nihil.
1264 1373 1396 1411 Quando
1418 1371 1519 1401 adim-

822 1424 925 1461 plebis
938 1432 990 1453 me
1010 1423 1123 1453 laetitia
1138 1430 1212 1452 cum
1233 1421 1328 1451 vultu
1350 1417 1428 1448 tuo?
1440 1417 1519 1446 Vul-

822 1471 889 1499 tum
904 1470 994 1499 tuum
1004 1490 1013 1506 ‚
1028 1468 1165 1498 Domine
1178 1489 1188 1505 ,
1208 1465 1384 1504 requiram.
1404 1462 1520 1492 Vultus

822 1516 895 1544 tuus
906 1515 1060 1544 meridies
1070 1514 1128 1544 est.
1138 1514 1243 1543 Indica
1251 1511 1327 1541 milti
1336 1510 1390 1540 ubi
1397 1517 1519 1547 pascas,

820 1561 873 1590 ubi
887 1561 974 1591 cubes
985 1562 1016 1589 in
1030 1558 1243 1590 meridieAEcio
1256 1557 1332 1587 satis
1342 1555 1397 1585 ubi
1409 1561 1521 1592 pascas

822 1615 884 1635 non
900 1606 1020 1635 cubans
1037 1614 1045 1634 :
1062 1605 1170 1634 indica
1184 1603 1266 1633 mihi
1280 1602 1337 1633 ubi
1352 1608 1464 1640 pascas
1488 1599 1522 1628 et

822 1652 930 1680 cubes.
947 1651 1015 1680 Non
1030 1650 1140 1687 ignoro
1154 1649 1211 1679 ubi
1227 1648 1299 1678 aliis
1320 1644 1522 1684 temporibus

823 1705 952 1734 pascere
969 1697 1071 1726 soleas
1089 1705 1097 1725 :
1114 1695 1171 1726 sed
1191 1695 1274 1726 scire
1286 1693 1385 1724 velim
1410 1691 1468 1721 ubi
1486 1690 1520 1719 iu

823 1743 959 1772 meridie
972 1743 1180 1780 pascas.Nam
1189 1742 1376 1778 intempore
1389 1737 1521 1775 quidem

824 1789 1027 1818 mortalitatis
1042 1797 1139 1825 meae,
1156 1788 1189 1817 et
1204 1788 1238 1816 in
1253 1787 1322 1816 loco
1337 1784 1524 1823 peregrina-

824 1835 920 1864 tionis
934 1842 1016 1864 meae
1029 1833 1181 1863 consuevi
1193 1841 1268 1863 sane
1281 1831 1340 1861 sub
1352 1832 1405 1860 tua
1418 1829 1525 1859 custo-

824 1879 875 1908 dia
890 1879 997 1917 pasci,
1020 1880 1053 1909 et
1073 1887 1205 1917 pascere
1228 1877 1263 1907 in
1277 1878 1379 1914 Lege,
1401 1876 1435 1905 et
1447 1875 1524 1903 Pro-

824 1925 952 1963 phetis,
969 1926 1002 1954 et
1030 1924 1166 1954 Psalmis
1181 1924 1221 1953 de
1243 1924 1276 1953 te
1300 1932 1308 1952 τ
1337 1929 1464 1952 necnon
1490 1921 1524 1949 in

825 1970 1020 2007 evangelicis
1038 1970 1186 2008 pascuis,
1203 1969 1236 1998 et
1260 1967 1345 2006 apud
1360 1965 1525 2004 Apostolos

825 2015 976 2045 similiter
987 2015 1135 2053 requievi
1149 2023 1156 2044 :
1175 2013 1361 2052 frequenter
1373 2011 1471 2042 etiam
1483 2010 1525 2040 de

825 2061 921 2099 gestis
935 2061 1124 2090 Sanctorum
1136 2082 1144 2097 ,
1159 2060 1191 2090 et
1206 2059 1333 2096 verbis,
1350 2058 1382 2087 et
1397 2056 1526 2094 scriptis

826 2115 934 2138 eorum
946 2107 1088 2145 ,victum
1104 2106 1186 2135 mihi
1202 2106 1298 2144 atque
1310 2102 1526 2134 attinentibus

826 2153 907 2182 mihi
925 2152 1111 2182 mendicavi
1131 2152 1166 2182 ut
1183 2151 1277 2190 potui
1296 2158 1304 2179 :
1321 2147 1526 2188 frequentius

826 2198 935 2226 autem
962 2195 1135 2236 (quoniam
1162 2197 1189 2226 is
1204 2195 1306 2234 magis
1331 2195 1372 2225 ad
1394 2202 1526 2224 manum

826 2241 906 2282 fuit)
921 2242 1114 2272 manducavi
1129 2251 1247 2280 panem
1271 2241 1388 2272 doloris
1401 2262 1410 2278 ,
1433 2241 1465 2271 et
1480 2239 1528 2270 vi-

826 2297 903 2318 num
920 2288 1280 2327 compunctionisbibi3
1298 2288 1331 2317 et
1354 2287 1443 2325 factae
1458 2287 1530 2317 sunt

826 2337 902 2366 milti
916 2337 1060 2374 Iucrymce
1087 2343 1161 2365 mese
1174 2344 1269 2373 panes
1296 2335 1341 2363 dfe
1363 2343 1399 2364 ac
1423 2333 1527 2369 nocte,

827 2382 898 2411 [lum
915 2383 1025 2411 (licitur
1041 2382 1119 2411 mihi
1133 2382 1282 2420 quotidie,
1302 2380 1360 2411 Ubi
1379 2381 1422 2409 cst
1446 2380 1529 2408 Deus

828 2430 895 2458 tuus
905 2427 990 2457 ?Nisi
1002 2428 1086 2465 quod
1104 2427 1143 2456 de
1158 2435 1267 2456 mensa
1280 2426 1333 2456 tua
1348 2423 1527 2464 (siquidem

827 2475 946 2512 puras&¹
957 2475 987 2503 in
1000 2474 1157 2511 conspectu
1165 2482 1231 2502 meo
1242 2479 1378 2501 ‘mensam
1387 2470 1528 2499 adversus

827 2529 876 2549 cos
891 2521 944 2558 qui
963 2519 1112 2549 tribulant
1128 2518 1194 2556 me)
1212 2518 1251 2547 de
1274 2517 1359 2553 ipsa,
1377 2515 1528 2551 inquam,

829 2565 891 2595 tuae
908 2565 1039 2603 quidem
1053 2564 1212 2593 beneficio
1228 2559 1444 2591 miserationis
1454 2579 1463 2593 ,
1476 2564 1529 2585 ac-

830 2610 929 2648 cipio,
942 2610 974 2639 in
988 2617 1050 2647 quo
1066 2609 1241 2649 utcumque
1258 2603 1379 2643 respiro
1404 2602 1530 2642 quoties
