1846 3078
430 344 686 389 &mestas
725 344 843 389 &13¹3
882 343 1269 388 &fflfflfflm'auass

488 460 531 483 Ex
547 460 575 484 S·
591 460 772 483 BERNARDI
787 459 953 483 opi-:mnus
966 459 1201 483 DEPROMPTAE.

124 618 382 647 Penicmmrun
397 618 526 648 castitas
546 619 579 648 in
594 618 721 649 deliciis
734 640 743 656 ‚
759 619 825 647 Hu-

168 663 290 693 nithas
305 664 338 692 in
354 664 479 693 divitiis
490 665 614 701 ‚Pietas
629 665 663 694 in
675 664 827 702 negotiis,

168 709 296 738 VerItas
323 709 358 738 in
386 709 592 748 multiloquio
609 730 618 747 ,
644 709 765 738 Caritas
794 707 828 737 in

170 753 230 783 hoc
252 762 393 792 nequam
410 756 540 785 saeculo.
564 757 610 786 De
625 756 768 785 convers.
788 754 828 783 ad

168 801 248 830 Cler.
262 809 349 830 mem.
366 799 417 830 57.

124 845 212 875 Nihil
237 847 410 883 pretiosius
433 845 580 883 tempore
602 853 611 874 ε
633 843 709 883 sed,
738 843 827 874 heu!

166 891 250 921 nihil
270 891 367 921 hodie
391 891 493 921 vilius
515 891 705 921 aestimatur.
724 892 778 921 Tr.
794 892 828 921 de

166 939 247 966 cont.
261 939 367 967 Mand.
381 938 420 967 acl
436 938 516 967 (Εἶεν.
533 945 566 966 n.
584 937 635 966 55.

125 983 307 1013 Transeunt
327 983 397 1013 dies
414 982 527 1012 salutis
539 1004 548 1020 ‚
565 981 598 1012 et
620 990 717 1012 nemo
737 990 828 1012 reco-

167 1027 248 1063 gitat
264 1035 272 1056 :
289 1035 384 1057 nemo
410 1027 473 1057 sibi
498 1035 564 1056 non
591 1027 738 1057 reditura
760 1035 829 1057 mo‘

165 1072 273 1102 menta
292 1073 414 1110 perisse
431 1073 592 1102 causatur.
609 1073 686 1103 Ibid.

126 1118 175 1146 {iil
202 1118 268 1147 tarn
285 1119 402 1148 durum
416 1140 425 1156 ,
447 1119 533 1156 quod
550 1119 672 1149 duriori
690 1127 755 1149 non
777 1128 829 1150 ce-

165 1163 229 1192 dat.
245 1164 295 1194 IV
306 1164 341 1193 dc
357 1166 479 1194 Consid.
500 1173 527 1205 c.
545 1165 576 1194 5.
599 1166 679 1195 Hinc
697 1167 829 1196 Consue-

168 1211 238 1239 tudo
254 1211 469 1240 consuetudine
482 1212 625 1240 vincitur.

129 1255 201 1284 'l'ihi
215 1255 647 1294 imputa‚quidquidpateris
660 1257 761 1295 abeo,
771 1257 828 1295 qui

165 1301 237 1331 sine
253 1302 285 1331 te
300 1302 408 1339 potest
427 1302 582 1332 nihil.1V
592 1303 626 1331 de
640 1304 730 1332 Cons.
746 1312 778 1332 n.
796 1304 826 1333 9.

125 1347 293 1385 Scorpioni
310 1356 374 1377 non
393 1348 444 1378 est
463 1348 497 1377 in
520 1347 601 1377 faeie
616 1349 703 1386 quod
718 1348 829 1378 formi-

164 1393 239 1430 des,
254 1393 310 1422 sed
326 1393 442 1431 pungit
455 1401 473 1422 a
491 1393 604 1423 cauda.
622 1394 700 1423 Ibid.

129 1438 213 1475 Quid
232 1438 326 1475 juvat
341 1439 521 1477 sapientem
538 1447 608 1469 esse
619 1460 628 1477 ,
644 1439 671 1468 si
687 1439 748 1469 tibi
764 1448 828 1470 non

172 1484 275 1514 fueris
287 1484 300 1514 ἓ
312 1487 345 1514 11
355 1486 390 1515 cle
403 1486 525 1515 Consid.
541 1485 573 1514 2.

126 1529 241 1559 Omnia
259 1530 307 1559 illi
323 1530 458 1568 desunt,
473 1530 527 1568 qui
543 1530 628 1559 nihil
640 1530 702 1560 sibi
715 1530 828 1561 deesse

166 1575 271 1612 putat.
287 1577 322 1605 ΙΙ
332 1576 367 1605 de
379 1577 500 1606 Consz'd.
517 1585 585 1614 cap.
602 1575 632 1605 7.

127 1620 227 1650 Simia
243 1621 278 1650 in
292 1621 397 1659 tecto,
419 1629 480 1651 rex
497 1621 605 1651 fatuus
626 1622 661 1651 in
676 1623 756 1653 solio
776 1631 829 1653 se-

170 1666 262 1696 dens.
278 1667 360 1698 Ibid.

124 1711 213 1741 Tene
232 1712 377 1741 medium
388 1733 397 1749 ‚
414 1711 441 1741 si
457 1720 521 1741 non
535 1712 585 1742 vis
599 1711 737 1751 perdere
762 1719 829 1741 mo-

168 1757 258 1786 dum.
275 1759 307 1787 11
318 1759 353 1787 de
369 1758 490 1788 Consta.
507 1767 576 1796 cap.
595 1759 644 1788 10.

124 1802 323 1841 l'rosperitas
336 1803 397 1833 hoc
410 1804 458 1832 est
474 1803 627 1841 incautis,
642 1803 729 1841 quod
745 1802 828 1841 ignis

166 1848 207 1877 ad
236 1856 343 1878 ceram
358 1871 367 1886 ‚
395 1849 471 1878 solis
502 1849 614 1879 radius
638 1850 680 1879 ad
703 1849 827 1878 nivem.

169 1895 242 1923 [Ide
255 1896 377 1924 Consid.
391 1904 459 1934 cap.
475 1895 524 1924 12.

129 1939 197 1968 Non
214 1948 365 1978 magnum
383 1941 432 1971 est
452 1949 522 1970 esse
537 1940 696 1971 humilem
714 1941 748 1970 in
772 1939 830 1969 ab·

167 1984 312 2022 jectione
326 1995 334 2015 :
351 1994 422 2015 rara
440 1986 546 2016 virtus
559 2008 568 2024 ,
584 1985 753 2016 humilitas
772 1985 827 2015 ho-

164 2032 289 2061 norata.
308 2034 401 2062 Hom.
414 2032 433 2061 [ι
448 2042 516 2071 sup.
532 2034 618 2063 Miss.

124 2076 216 2106 Nulla
231 2078 339 2107 verior
357 2078 488 2108 miseria
501 2101 510 2116 ,
533 2086 629 2117 quam
654 2077 732 2108 falsa
746 2077 830 2108 laeti-

162 2123 222 2153 tia.
241 2125 287 2153 De
303 2123 355 2153 lib.
373 2124 441 2153 arb.
454 2132 487 2152 n.
504 2123 555 2153 ils.

123 2170 215 2199 Velle
250 2169 348 2207 plane
374 2169 622 2207 convincimur,
651 2167 737 2207 quod
765 2176 829 2198 non

164 2214 258 2244 fieret
272 2214 298 2243 si
313 2214 486 2244 nollemus.
500 2214 579 2244 Ibid-

128 2259 252 2288 liffusus
277 2260 404 2289 animus
434 2259 553 2289 damna
583 2258 742 2289 interiora
766 2266 830 2288 non

163 2304 273 2334 sentit.
291 2306 335 2334 De
349 2306 445 2334 Conv.
463 2306 502 2334 ad
519 2305 599 2335 Εἶεν.
613 2313 682 2343 cap.
699 2303 718 2333 [ι
730 2325 739 2342 ,
751 2313 783 2333 n.
797 2304 828 2333 5.

125 2351 246 2387 Fugere
271 2349 554 2387 persecutionem,
571 2357 637 2378 non
662 2350 712 2379 est
736 2351 831 2388 culpa

165 2394 338 2433 fugientis,
355 2394 412 2424 sed
425 2395 666 2432 persequentis.
679 2396 780 2432 Epist.
798 2395 828 2425 1.

125 2440 280 2469 voluntas
301 2448 358 2478 pro
385 2439 470 2469 facto
492 2440 656 2478 habetur,
679 2441 737 2470 ubi
763 2441 832 2471 fac-

164 2486 233 2515 tum
256 2486 404 2516 excludit
428 2485 619 2516 necessitas.
656 2487 763 2516 Tract.
789 2487 830 2517 ad

169 2533 288 2570 Haqon.
303 2541 335 2561 n.
352 2531 384 2562 9.

125 2577 221 2605 ’it-mo
237 2577 338 2614 magis
354 2577 435 2605 iram
451 2576 617 2614 meretur,
630 2585 728 2616 quam
745 2577 827 2606 ami-

166 2632 237 2652 cum
275 2623 432 2653 simulans
459 2623 622 2653 inimicus.
661 2625 706 2653 Dc
733 2624 845 2668 Cone.T

170 2678 198 2697 ιι.
213 2670 262 2698 53.

861 618 929 648 Non
944 618 993 648 est
1010 626 1068 648 cur
1082 618 1170 649 fures
1184 618 1340 657 timeant,
1362 619 1418 658 qui
1439 618 1502 650 sibi
1528 621 1561 650 in

902 664 984 693 coelo
1000 664 1234 695 thesaurizant.
1249 667 1296 696 De
1314 667 1408 697 Conv.
1424 666 1464 696 ad
1481 666 1562 696 Cler.

902 717 935 737 n.
952 708 1003 738 [41.

860 753 928 783 Non
937 753 1059 792 placat,
1069 754 1125 791 qui
1138 754 1206 792 ipse
1222 763 1286 784 non
1298 754 1417 792 placet.
1426 755 1564 786 Ibid.5.3.

862 798 1047 829 Insolentiae
1063 800 1260 830 elericorum
1274 801 1380 831 mater
1394 802 1443 832 est
1460 803 1565 840 negli-

901 844 1012 882 gentia
1028 845 1271 883 Episcoporum.
1287 847 1383 885 Epist.
1397 847 1467 877 152.

861 889 983 919 Amicis
997 891 1126 928 oportet
1138 899 1250 928 gerere
1265 900 1388 921 morem
1401 913 1411 929 ,
1425 892 1484 922 sed
1499 901 1564 923 non

903 934 938 963 in
950 943 1041 964 suam
1056 937 1207 966 mortem.
1221 938 1320 975 Epist.
1337 937 1409 967 215.

863 979 1021 1010 Fluminis
1045 990 1126 1019 aqua
1147 982 1173 1011 si
1196 983 1280 1013 stare
1302 982 1457 1020 eoeperit‚
1478 990 1565 1012 com-

904 1027 1075 1064 putrescit.
1092 1029 1191 1057 Serm.
1206 1028 1235 1057 1.
1249 1030 1283 1058 de
1298 1029 1458 1067 taadraq.

863 1070 978 1101 Omnia
994 1081 1065 1110 quae
1088 1073 1121 1101 in
1141 1074 1261 1103 mundo
1277 1075 1372 1111 sunt,
1389 1074 1486 1103 finem
1508 1075 1566 1104 lia-

903 1116 982 1146 bent
999 1125 1006 1145 :
1024 1117 1097 1147 finis
1123 1118 1233 1147 autem
1254 1126 1385 1156 eorum,
1408 1126 1474 1148 non
1501 1119 1565 1149 erit

903 1161 987 1192 finis.
1005 1164 1104 1192 Serm.
1120 1164 1152 1193 9.
1168 1165 1200 1193 in
1217 1165 1309 1194 Cant.

862 1207 959 1237 Dahis
971 1207 1043 1237 voci
1060 1208 1121 1238 tuae
1136 1217 1249 1238 vocem
1265 1208 1414 1246 virtutis,
1431 1209 1458 1240 si
1479 1210 1566 1248 quod

903 1252 1018 1282 suades
1031 1273 1040 1290 ,
1064 1253 1154 1290 prius
1181 1254 1241 1283 tibi
1268 1254 1332 1292 ipsi
1351 1256 1563 1293 persuaseris.

902 1299 1001 1327 Serm.
1018 1298 1056 1328 65
1072 1300 1103 1328 ἱη
1116 1301 1206 1329 Cant.
1223 1308 1255 1329 n.
1272 1300 1303 1330 5.

864 1343 955 1373 illius
981 1344 1127 1374 Doctoris
1150 1345 1292 1374 libenter
1311 1344 1406 1375 audio
1427 1354 1539 1376 vocem
1555 1368 1563 1383 ⁷

903 1389 956 1427 qui
970 1397 1033 1419 non
1046 1391 1107 1420 sihi
1119 1391 1285 1428 plausum,
1297 1391 1355 1421 sed
1365 1391 1446 1420 mihi
1455 1392 1568 1430 planc-

902 1436 972 1464 tum
987 1436 1128 1466 moveat.
1150 1437 1230 1466 Ibid.

862 1480 1010 1510 Turturis
1023 1489 1087 1510 vox
1096 1489 1159 1510 non
1172 1481 1267 1510 dulce
1279 1481 1382 1519 sonat,
1392 1481 1448 1511 sed
1460 1481 1566 1511 dulcia

903 1526 1020 1564 signat,
1031 1535 1136 1565 nempe
1150 1528 1295 1557 Amorem
1308 1529 1473 1565 comparis.
1487 1528 1564 1557 Ibz‘ct.

863 1571 952 1600 Velis
964 1593 973 1609 ,
989 1572 1085 1608 nolis,
1100 1572 1183 1601 intra
1198 1572 1279 1601 fines
1292 1573 1363 1601 tuos
1376 1573 1501 1602 habitat
1512 1573 1565 1602 Je-

902 1616 1030 1646 busaeus
1040 1617 1221 1654 :subjugari
1232 1617 1354 1654 polest,
1365 1616 1421 1645 sed
1434 1625 1497 1646 non
1510 1626 1567 1647 ex-

904 1662 1085 1692 terminari.
1102 1665 1201 1692 Scrm.
1215 1663 1252 1692 57
1267 1664 1298 1692 in
1308 1663 1398 1692 Cant.
1412 1671 1498 1692 num.
1511 1663 1562 1693 10.

861 1708 977 1736 Parum
993 1708 1041 1737 est
1058 1709 1158 1737 semel
1173 1709 1302 1746 putasse.
1321 1716 1427 1745 :saepe
1448 1709 1565 1746 putan-

902 1753 980 1782 dum
1003 1754 1070 1791 est,
1094 1754 1194 1783 immo
1216 1761 1356 1790 semper.
1381 1754 1461 1783 Ibid.
1482 1755 1565 1784 Nam

903 1801 980 1829 vilia
997 1800 1158 1829 identidem
1170 1799 1372 1838 repullulant.

861 1844 931 1873 Non
962 1845 1069 1883 potest
1095 1845 1199 1874 virtus
1223 1852 1296 1874 cum
1322 1843 1413 1874 vitiis
1440 1844 1564 1882 pariter

899 1897 1045 1919 crescere
1061 1890 1195 1928 putetur
1210 1888 1371 1927 cupiditas
1383 1910 1392 1927 ,
1409 1890 1446 1919 ut
1463 1889 1564 1919 virtus

901 1935 1083 1965 roboretur.
1100 1935 1180 1965 Ibid.

862 1980 952 2010 Tolle
979 1980 1161 2019 superflua,
1191 1980 1225 2011 et
1249 1979 1391 2010 salubria
1416 1979 1563 2017 surgunt.

903 2027 1047 2057 Utilitati
1063 2027 1201 2065 accedit,
1217 2026 1376 2065 quidquid
1392 2025 1564 2065 cupiditati

904 2074 1019 2104 demis.
1038 2074 1114 2104 Ibid.

862 2121 972 2149 Pastor
989 2119 1101 2149 doctus
1111 2141 1120 2157 ‚
1137 2118 1193 2149 sed
1207 2126 1271 2148 non
1286 2117 1402 2156 bonus,
1416 2124 1481 2146 non
1496 2116 1561 2147 tam

902 2166 997 2196 uberi
1013 2165 1160 2195 doctrina
1172 2187 1181 2203 ,
1203 2164 1325 2202 nutrit,
1347 2172 1444 2202 quam
1460 2163 1565 2192 sterili

901 2211 1085 2242 vitanoeeff.
1096 2213 1195 2241 Serm.
1213 2209 1251 2239 76
1264 2211 1295 2240 in
1311 2211 1402 2240 Cant.
1416 2217 1504 2238 nam.
1515 2207 1565 2237 10.

844 2262 846 2279 ³
863 2257 966 2287 Minus
978 2258 1159 2295 quandoque
1173 2255 1268 2285 nocet
1280 2255 1383 2293 potita
1398 2254 1483 2284 votis
1498 2261 1564 2283 am-

903 2303 985 2334 bitio
997 2324 1007 2341 ‚
1036 2310 1133 2341 quam
1162 2301 1327 2331 frustrata.
1364 2301 1464 2339 Epist.
1494 2298 1566 2334 126,

902 2359 977 2380 nam
998 2350 1038 2379 ad
1060 2349 1193 2379 violenta
1213 2348 1313 2377 media
1340 2346 1538 2377 convertitur.

864 2394 910 2425 Ad
939 2393 1139 2423 audiendum
1153 2414 1162 2430 ,
1193 2391 1411 2429 legendumve
1446 2388 1563 2418 amoris

905 2447 1035 2470 carmen
1051 2438 1167 2469 frustra
1181 2438 1236 2476 qui
1251 2445 1315 2467 non
1327 2436 1411 2465 amat
1426 2433 1560 2464 accedit.

903 2487 1003 2516 Serm.
1019 2484 1058 2515 79
1074 2486 1105 2515 in
1121 2485 1211 2515 Cant.
1226 2492 1258 2512 n.
1277 2483 1307 2510 1.

862 2532 931 2561 Non
957 2531 1062 2569 potest
1090 2538 1205 2568 capere
1231 2526 1367 2565 ignitum
1391 2523 1556 2561 eloquium

902 2577 1055 2616 frigidum
1070 2577 1194 2614 pectus.
1212 2573 1288 2603 lbid.
1306 2572 1388 2601 Sicut
1404 2577 1498 2607 qraecc
1514 2568 1556 2597 lo-

903 2624 1042 2661 quentem
1057 2630 1118 2652 non.
1133 2619 1268 2656 intelliqit
1280 2618 1332 2655 qui
1347 2623 1478 2654 arincam
1500 2622 1559 2643 non

902 2669 993 2698 novit.
