1846 3078
470 217 513 244 IN
537 215 731 244 CANTICA
754 213 902 242 SERMO
921 213 1081 241 XXXIX.

1432 220 1491 250 263

69 279 181 303 versus
193 271 355 311 principes
369 271 403 301 et
417 270 603 309 potestates,
617 269 769 299 adversus
799 269 932 306 potestas
956 267 1165 298 tenebrarum.
1195 269 1289 298 Porro
1322 272 1495 307 praesident

69 318 181 346 mundi
193 318 334 348 rectores
341 316 547 346 tenebrarum
559 315 686 352 harum,
694 322 769 344 con-

69 363 119 392 tra
144 362 324 401 spiritualia
345 361 502 399 nequitiae
523 361 557 390 in
573 360 768 390 coelestibus.

69 407 108 437 Et
134 416 330 445 prosequere
364 407 459 436 modo
485 414 614 436 mecum
644 405 770 444 singula

69 452 285 490 proportionis
298 452 455 482 membra.
465 452 512 481 lbi
522 453 661 490 populus
672 451 770 481 educ-

72 498 126 526 tus
148 497 188 526 de
211 499 362 536 AEgypto,
386 497 440 527 hic
455 497 550 527 homo
574 497 613 527 de
629 497 769 527 saeculo:

68 542 115 572 ihi
131 543 347 580 prosternitur
361 543 497 580 Pharao,
524 543 578 572 hic
603 542 769 572 diabolus:

67 585 115 616 ibi
134 587 367 618 subvertuntur
380 596 491 617 currus
508 587 700 625 Pharaonis,
716 586 771 616 hic

69 633 213 662 carnalia
225 634 258 663 et
269 633 435 663 saecularia
445 632 616 670 desideria,
631 640 702 670 quae
711 631 772 660 1111-

67 677 168 708 litant
195 679 348 708 adversus
379 679 521 708 animam
548 676 769 714 subruuntur3

69 722 120 752 illi
135 723 169 753 in
182 724 346 763 fluctibus,
361 724 415 754 isti
432 724 465 753 in
480 722 611 752 fletibus
627 731 634 750 :
651 722 771 751 marini

68 768 130 807 illi,
147 770 247 799 amari
263 770 328 800 isti.
351 770 431 798 Puto
447 769 480 798 et
499 775 585 797 nunc
605 767 771 796 clamitare

70 814 246 853 daemonia,
260 815 287 844 si
303 814 385 844 forte
402 813 567 850 contingat
582 812 725 841 incidere
739 813 771 842 in

67 859 166 888 talem
178 859 336 889 animam:
349 860 519 897 Fuqz'amns
533 858 690 894 Israelem,
698 859 772 895 quia

67 905 220 934 Dominus
232 906 349 943 pugnat
358 913 415 942 pro
426 913 472 933 eo.
489 903 587 932 Visne
604 902 702 932 etiam
714 903 773 932 ali·

69 957 150 986 quos
164 950 204 979 de
219 950 423 988 principibus
440 949 614 978 Pharaonis
635 948 772 986 propriis

68 993 129 1023 tibi
141 995 307 1033 designem
320 995 519 1031 nominibus,
530 994 613 1024 etde
625 994 772 1024 curribus

70 1039 262 1078 describam,
278 1041 318 1070 ad
330 1041 429 1070 instar
443 1048 580 1078 quorum
595 1040 630 1069 tu
645 1048 771 1078 quoque

71 1084 170 1122 alios,
189 1085 216 1114 si
231 1087 286 1123 qui
302 1086 394 1122 sunt,
414 1094 473 1123 per
487 1087 520 1115 te
541 1085 648 1123 ipsum
665 1085 772 1115 valeas

70 1129 240 1160 invenire?
255 1132 384 1169 Magnus
399 1131 531 1168 quidam
546 1130 697 1168 princeps
709 1131 773 1169 spi-

70 1174 198 1205 ritualis
222 1176 318 1214 atque
343 1176 521 1205 invisibilis
540 1176 625 1213 regis
646 1177 769 1214 AEgypti

69 1220 215 1257 profecto
230 1222 351 1251 Malitia
369 1222 436 1258 est,
460 1229 594 1258 magnus
611 1221 771 1259 Luxuria,

71 1273 206 1303 magnus
227 1267 383 1296 Avaritia.
400 1267 438 1296 Et
458 1267 493 1296 hi
517 1266 649 1304 quidem
670 1267 774 1305 possi-

70 1309 150 1340 dent
164 1312 321 1341 terminos
335 1320 409 1342 suos
424 1312 482 1341 snb
501 1320 577 1349 rege
592 1320 668 1349 suo,
690 1312 771 1341 sicul

71 1356 123 1386 sui
139 1353 256 1395 cuitIue
277 1357 429 1396 assignati
451 1358 540 1388 sunt.
554 1358 634 1387 Nam
651 1357 772 1387 Malitia

72 1402 108 1431 in
136 1403 226 1432 omni
250 1403 381 1440 regione
412 1403 648 1433 maleficiorum
676 1404 772 1441 atque

70 1447 249 1477 facinorum
258 1448 459 1478 dominatur:
470 1448 612 1477 Luxuria
620 1448 707 1478 omni
716 1449 774 1477 im-

71 1493 243 1523 munditiae
259 1494 291 1523 et
301 1494 500 1531 turpitudini
516 1494 622 1523 carnis
637 1494 771 1531 praeest:

70 1538 214 1568 Avaritia
228 1539 261 1568 in
273 1539 380 1576 partes
394 1539 518 1576 rapinae
533 1539 566 1569 et
576 1538 698 1569 fraudis
705 1548 774 1569 sor-

69 1583 128 1613 tita
141 1583 189 1613 est
200 1583 432 1622 principatum.

109 1628 140 1658 6.
166 1628 286 1667 Accipe
314 1637 402 1659 nunc
428 1637 556 1668 quoque
582 1630 693 1667 quales
721 1629 773 1660 his

72 1674 140 1704 suis
163 1675 367 1713 principibus
395 1675 518 1705 Pharao
541 1676 774 1714 praeparaverit

72 1727 186 1749 currus
201 1720 241 1750 ad
253 1720 515 1759 persequendum
527 1721 684 1759 populum
698 1721 770 1751 Dei.

71 1766 179 1796 Habet
204 1775 346 1805 namque
374 1767 496 1796 Malitia
521 1775 651 1796 currum
679 1776 772 1798 suum

69 1812 148 1842 rotis
174 1812 313 1850 quatuor
338 1812 569 1843 consistentem
584 1821 593 1841 τ
620 1812 751 1842 Saevitia
762 1835 770 1851 ,

68 1858 296 1896 Impatientia,
350 1858 492 1888 Audacia
503 1880 513 1896 ,
555 1858 770 1896 Impudentia.

69 1903 171 1933 Valde
189 1903 310 1933 etenim
322 1905 421 1933 velox
437 1904 489 1933 cst
512 1912 626 1934 currus
651 1904 712 1934 iste
733 1905 771 1933 ad

69 1948 305 1979 effundendum
326 1949 532 1987 sanguinem,
555 1949 611 1987 qui
637 1957 698 1979 nec
722 1950 770 1979 in-

69 1995 220 2025 nocentia
235 1995 372 2032 sistitur,
383 2003 445 2024 nec
459 1994 618 2033 patientia
630 1994 772 2025 retarda-

69 2041 134 2078 tur,
149 2048 210 2070 nec
225 2041 342 2070 timore
355 2040 511 2077 frenatur,
529 2048 590 2069 nec
605 2040 773 2070 inhibetur

68 2085 205 2124 pudore.
217 2085 370 2115 Trahitur
385 2085 495 2115 autem
517 2085 642 2115 duobus
662 2086 772 2115 admo-

69 2131 145 2160 dum
171 2131 360 2169 pernicibus
382 2131 486 2169 equis,
517 2132 549 2161 et
573 2131 614 2160 ad
643 2139 772 2161 omnem

68 2176 248 2215 perniciem
264 2176 495 2215 paratissimis,
511 2176 640 2206 terrena
657 2177 772 2207 Poten-

69 2222 128 2260 tia,
151 2223 184 2252 et
204 2222 355 2252 saeculari
369 2223 499 2260 Pompa.
522 2223 610 2252 Tunc
633 2231 771 2262 namque

69 2267 223 2304 quadriga
236 2268 297 2297 ista
311 2268 444 2298 malitiae
460 2267 563 2298 currit
575 2268 670 2298 valde
683 2269 773 2299 velo-

69 2313 169 2349 citer,
179 2321 253 2342 cum
267 2313 344 2343 hinc
359 2313 492 2351 quiden]
507 2314 662 2352 potentiae
678 2315 773 2345 effec-

69 2358 124 2386 tus
143 2357 255 2387 subest
275 2357 347 2394 ejus
367 2358 582 2396 adimplendis
604 2359 773 2389 malitiosis

70 2402 263 2432 conatibus:
278 2402 354 2433 inde
368 2403 502 2441 plausus
515 2411 641 2442 pompae
652 2404 773 2435 arridet

69 2447 265 2486 perpetratis
279 2449 468 2487 sceleribus,
478 2449 514 2478 ut
521 2457 625 2479 sermo
637 2449 773 2488 implea-

69 2493 124 2522 tur
147 2493 202 2531 qui
218 2494 358 2531 scriptus
371 2494 418 2524 est
433 2502 441 2522 ε
457 2495 611 2533 Quoniam
626 2495 772 2526 laudatur

69 2541 209 2578 peccator
233 2541 266 2569 in
286 2541 439 2570 desideriis
457 2541 569 2570 animoe
580 2549 656 2577 suoe,
671 2543 699 2571 et
713 2543 773 2571 ini-

73 2593 150 2622 quus
171 2584 367 2615 benedicitur.
384 2586 423 2616 Et
441 2585 563 2615 iterum
584 2585 647 2616 alia
669 2587 772 2625 scrip-

72 2630 164 2660 tura:
184 2632 256 2662 Iloec
282 2632 343 2668 est,
359 2631 483 2670 inquit,
510 2631 586 2662 hora
602 2634 714 2670 vestra,
744 2635 772 2663 et

802 312 925 343 duobus
937 313 989 343 his
1005 313 1097 350 equis
1109 313 1228 351 aurigae
1246 313 1307 343 duo
1317 335 1325 351 ,
1337 316 1452 347 Tumor
1465 321 1497 349 et

801 358 916 389 Livor:
934 359 967 388 et
978 359 1086 388 tumor
1099 357 1230 395 quidem
1241 366 1403 396 pompam,
1417 362 1498 392 livor

802 412 878 434 vero
890 403 1069 442 potentiam
1080 402 1158 440 agit.
1172 403 1202 432 Is
1217 403 1303 432 enim
1318 404 1428 440 rapido
1438 405 1500 436 fer-

802 449 853 478 tur
883 449 1118 479 diabolicarum
1151 456 1260 477 amore
1296 456 1501 486 pomparum,

802 494 894 531 cujus
910 495 996 534 apud
1015 503 1048 524 se
1064 502 1119 524 cor
1140 493 1230 532 prius
1245 493 1412 523 intumuit.
1425 494 1501 523 Nam

801 540 885 577 quod
899 541 933 571 in
941 549 975 571 se.
990 540 1126 570 firmiter
1135 540 1197 570 stat
1212 539 1327 568 timore
1340 546 1501 575 compres-

801 593 891 624 sum,
907 586 1065 624 gravitate
1090 585 1291 622 modestum,
1315 583 1502 612 humilitate

801 631 953 668 solidum,
973 632 1116 669 puritate
1142 638 1274 667 sanum3
1303 637 1381 659 aura
1406 627 1504 664 liujus

801 676 955 706 vanitatis
978 684 1181 714 nequaquam
1205 674 1326 705 leviter
1344 673 1500 711 rapietur.

802 721 882 750 Item
894 721 1225 758 terrenaejumentum
1233 719 1389 758 potentiae
1397 726 1503 748 nonne

801 766 926 797 invidia
944 767 1068 805 agitur,
1085 768 1118 797 et
1132 766 1223 804 quasi
1248 764 1441 804 quibusdam
1463 763 1504 792 li-

801 812 887 842 voris
899 812 1031 849 urgetur
1046 811 1123 841 hinc
1144 811 1222 841 inde
1237 810 1434 847 calcaribus,
1453 817 1505 838 su-

801 857 943 894 spicione
958 857 1072 895 utique
1081 856 1273 893 decedendi,
1287 856 1319 885 et
1330 856 1420 884 metu
1434 863 1506 884 suc-

803 901 1000 932 cumbendi?
1025 902 1121 932 Aliud
1153 902 1203 931 est
1227 901 1315 931 enim
1340 899 1425 938 quod
1449 908 1505 929 su-

802 949 931 986 spectus
965 949 1014 978 est
1036 955 1213 985 successor,
1244 946 1277 976 ct
1301 945 1391 976 aliud
1418 945 1504 983 qnod

802 993 936 1024 timetur
970 994 1111 1023 invasor.
1138 992 1195 1022 Ilis
1223 992 1333 1029 itaque
1363 989 1504 1020 stimulis

802 1040 930 1069 terrena
949 1038 1097 1077 potentia
1116 1037 1268 1067 continue
1291 1036 1442 1074 agitatur.
1466 1035 1504 1064 Et

803 1092 914 1114 currus
929 1084 1062 1122 quidem
1077 1083 1210 1113 malitiae
1231 1083 1276 1112 sic
1292 1090 1326 1111 se
1351 1081 1462 1111 habet.

843 1130 873 1158 7.
900 1129 1052 1159 Luxuriae
1086 1136 1166 1157 vero
1206 1135 1319 1157 currus
1350 1126 1504 1165 quadriga

802 1175 1018 1205 nihilominus
1026 1174 1169 1204 volvitur
1179 1173 1344 1210 vitiorum,
1358 1171 1504 1211 Ingluvie

804 1220 961 1251 videlicet
975 1220 1111 1257 ventris,
1125 1219 1274 1249 Libidine
1292 1219 1407 1256 coitus,
1426 1218 1505 1247 Mol-

805 1266 876 1296 litie
889 1266 1050 1303 vestium,
1074 1265 1133 1295 otii
1156 1265 1343 1302 soporisque
1368 1264 1505 1293 Resolu—

804 1312 904 1341 tione.
930 1311 1082 1341 Trahitur
1113 1310 1207 1348 equis
1241 1319 1332 1347 aequo
1361 1309 1504 1346 duobus,

803 1357 1017 1396 Prosperitate
1026 1357 1113 1393 vitae,
1122 1358 1153 1386 et
1162 1364 1270 1385 rerum
1282 1354 1483 1384 Abundantia
1496 1363 1505 1390 3

805 1403 837 1432 et
851 1403 906 1442 qui
925 1404 976 1433 his
991 1402 1168 1441 praesident
1184 1402 1260 1439 duo,
1273 1401 1410 1438 ignaviae
1426 1401 1505 1429 Tor-

804 1458 872 1486 por,
888 1450 921 1479 et
937 1449 1035 1478 infida
1059 1447 1241 1477 Securitas:
1264 1447 1341 1484 quia
1358 1446 1391 1475 et
1412 1446 1505 1483 copia

806 1494 966 1532 ignaviam
983 1493 1095 1531 solvit,
1117 1493 1150 1522 et
1165 1492 1344 1522 secundum
1366 1491 1505 1529 scriptu-

803 1548 884 1577 ram,
909 1541 1103 1577 Prosperilas
1120 1539 1284 1569 stultorum
1296 1539 1399 1576 perdet
1414 1538 1479 1567 illos
1496 1548 1505 1566 .·

803 1593 867 1614 non
887 1593 965 1614 sane
982 1585 1021 1614 ob
1037 1584 1140 1622 aliud,
1162 1583 1227 1612 nisi
1252 1582 1403 1621 quoniam
1418 1583 1504 1612 male

803 1638 934 1660 securos
957 1630 1084 1660 reddat.
1115 1631 1194 1660 Cum
1221 1631 1323 1659 autem
1352 1630 1505 1663 dixerint,

804 1678 875 1705 Pax
889 1678 917 1706 ct
933 1677 1101 1713 securitas3
1122 1677 1193 1704 tnnc
1209 1674 1386 1705 subitaneus
1400 1683 1506 1711 super-

804 1723 897 1752 veniet
912 1723 953 1752 eis
977 1722 1128 1751 interitus.
1155 1721 1196 1749 Hi
1212 1719 1349 1749 calcaria
1370 1719 1505 1748 minime

805 1767 938 1804 habent,
953 1775 1060 1804 neque
1073 1766 1202 1804 flagella
1213 1787 1222 1803 ,
1234 1766 1288 1795 vel
1303 1764 1427 1802 aliquid
1443 1764 1507 1794 hu-

801 1812 942 1849 jusmodi
959 1821 968 1840 :
986 1811 1043 1841 sed
1065 1819 1123 1849 pro
1139 1811 1190 1841 his
1205 1810 1343 1840 utuntur
1363 1817 1505 1847 conopeo

804 1859 844 1888 ad
866 1858 1050 1888 faciendam
1066 1857 1227 1895 umbram,
1253 1856 1286 1886 et
1310 1855 1440 1886 flabello
1467 1855 1506 1884 ad

804 1904 970 1934 citandum
979 1903 1125 1934 ventum.
1137 1903 1234 1932 Porro
1246 1909 1425 1939 conopeum
1436 1900 1507 1931 Dis-

803 1948 967 1979 simulatio
985 1948 1046 1985 est,
1059 1948 1208 1977 umbram
1223 1947 1359 1983 faciens,
1383 1947 1416 1975 et
1430 1954 1507 1984 pro-

803 1995 914 2032 tegens
926 1994 966 2024 ab
982 1995 1062 2024 aestu
1073 2001 1234 2022 curarum.
1243 1992 1410 2030 Proprium
1417 2000 1507 2021 nam-

803 2049 865 2078 que
882 2041 930 2070 est
943 2039 1049 2069 mollis
1065 2039 1097 2069 et
1110 2038 1258 2068 delicatae
1274 2037 1390 2067 animae
1407 2037 1506 2067 etiam

802 2085 1002 2116 necessarias
1030 2085 1236 2115 dissimulare
1265 2092 1376 2120 curaS,
1403 2083 1436 2113 et
1464 2092 1506 2113 ne

802 2132 976 2162 aestuantes
986 2130 1223 2161 sollicitudines
1234 2129 1366 2167 sentiat,
1382 2130 1441 2159 sub
1459 2130 1507 2159 la-

802 2177 907 2208 tibulo
921 2175 1191 2206 dissimulationis
1206 2175 1370 2205 abscondi.
1380 2176 1508 2204 Flabel-

801 2223 869 2253 lum
876 2230 954 2253 vero
961 2221 1084 2251 Effusio
1097 2221 1157 2258 est,
1166 2221 1300 2251 ventum
1313 2220 1509 2251 adulationis

802 2269 987 2307 apportans.
1006 2267 1099 2306 Largi
1117 2266 1191 2297 sunt
1218 2267 1305 2296 enirn
1327 2267 1506 2304 luxuriosi,

804 2314 949 2344 ementes
964 2322 1042 2343 auro
1064 2314 1200 2343 ventum
1223 2313 1262 2343 de
1286 2321 1341 2342 ore
1360 2312 1508 2342 adulato-

803 2368 887 2390 rum.
898 2360 936 2389 Et
951 2359 991 2389 de
1005 2360 1065 2389 hoc
1081 2359 1171 2389 satis.

842 2406 874 2436 8.
900 2406 971 2435 Jam
998 2412 1076 2435 vero
1101 2403 1244 2434 Avaritia
1272 2403 1351 2433 rotis
1379 2403 1413 2432 et
1437 2401 1506 2439 ipsa

803 2451 936 2483 vehitur
951 2450 1263 2490 quatuor-vitiorum,
1276 2457 1346 2488 quae
1361 2447 1433 2478 sunt
1446 2448 1507 2476 Pu-

803 2496 1009 2526 sillanimitas
1019 2517 1028 2533 ,
1042 2495 1264 2524 Inhumanitas
1273 2516 1281 2531 ,
1298 2491 1505 2528 Contemptus

805 2543 878 2580 Dei,
890 2541 1004 2571 mortis
1019 2541 1158 2570 Oblivio.
1172 2541 1266 2568 Porro
1279 2535 1427 2574 jumenta
1438 2537 1505 2565 tra-

805 2586 935 2624 hentia,
949 2586 1138 2622 Tenacitas,
1155 2584 1188 2613 et
1202 2581 1392 2620 Rapacitas:
1410 2578 1505 2608 ethis

802 2641 887 2663 unus
897 2632 1006 2671 auriga
1019 2631 1173 2661 ambobus
1188 2626 1349 2667 praesidet,
1361 2624 1504 2655 habendi
