1846 3078
678 221 919 250 PARABOLA
941 225 1004 251 ΙΙΙ.

122 277 232 314 niens,
249 275 301 307 cui
326 276 468 307 insidens
483 276 648 307 serebatur
659 277 796 316 insignis
813 284 822 313 3

121 323 365 360 castrorumque
381 330 513 352 suorum
528 322 707 361 dedignans
725 322 824 353 disci-

120 368 242 404 plinam
253 389 262 404 ,
279 367 473 406 contemptis
489 368 597 406 sociis,
613 369 729 399 stolida
743 377 824 407 qua-

120 413 192 441 dam
207 413 460 450 praesumptione
482 413 576 451 longe
606 422 673 452 prae
696 414 822 444 caeteris

118 457 399 496 progrediebatur,
416 459 554 489 aestuans
567 460 600 489 et
614 460 770 490 anhelans
782 460 823 489 ad

118 503 305 532 faciendum
330 503 392 533 sibi
419 512 552 534 nomen.
580 505 703 534 videns
717 504 822 535 David

116 549 331 586 impetuosam
347 549 418 586 ejus
436 549 725 588 praesumptionem
739 572 748 588 ,
763 559 823 588 per

115 592 219 622 filium
232 601 327 622 suum
341 593 547 623 Salomonem
559 594 619 623 sub
628 594 822 624 Intermina-

115 639 204 668 tione
221 639 252 668 ei
267 638 454 668 mandavit:
474 640 529 670 Voe
544 640 624 675 soli,
642 640 716 678 quia
731 641 759 670 εἰ
772 649 821 670 ce-

115 685 238 721 ciderit,
253 693 316 714 non
342 684 465 714 habebit
485 684 706 714 sublevantem.
723 685 821 720 Cujus

115 730 171 759 ille
185 730 307 760 monita
321 729 413 768 parvi
428 730 587 768 pendenS,
601 737 676 759 cum
691 729 754 759 sibi
767 730 820 759 vel

114 775 186 805 aliis
195 776 365 806 ostendere
375 783 498 814 magnae
509 774 641 805 virtutis
656 783 721 804 suae
732 783 821 813 quae-

114 823 202 852 reret
217 822 420 858 occasiones,
434 821 467 851 et
481 821 674 859 praeclarum
690 820 819 858 aliquod

113 869 238 898 facinus
249 867 441 904 moliretur-3
463 866 673 904 conspicatur
688 866 818 896 eminus

114 914 146 943 in
161 915 252 952 parte
264 912 374 942 hostili
389 921 490 942 unum
506 912 547 942 de
563 911 708 942 inimicis
724 912 818 942 fortis

112 960 246 990 malitiae
257 982 266 997 ,
282 960 394 989 astutae
406 958 574 996 nequitiae,
591 966 679 988 arma
695 958 820 988 haben-

113 1008 179 1034 tem
209 1005 305 1043 ignea
316 1026 325 1042 ,
354 1012 535 1042 manusque
562 1004 676 1041 plenas
702 1003 819 1040 jaculis

113 1051 215 1088 igneis
226 1072 234 1088 ,
257 1050 377 1080 multos
392 1050 621 1080 vulnerantem
632 1071 642 1087 ,
665 1050 819 1079 vulnera-

111 1099 159 1126 tos
176 1096 378 1126 occidentem
389 1117 398 1132 ,
422 1094 543 1124 occisos
558 1095 817 1135 conculcantem,

112 1142 207 1172 facile
224 1141 425 1179 capientem,
440 1140 576 1170 difficile
591 1141 816 1181 relaxantem3

111 1188 262 1227 spiritum
278 1186 528 1217 Fornicationis.

151 1234 180 1263 2.
195 1234 255 1263 Hic
267 1241 300 1263 se
313 1234 516 1263 ostensurum
524 1240 724 1270 praesumens
733 1242 817 1273 prae-

111 1282 229 1310 claram
241 1279 396 1310 virtutem
405 1287 508 1316 suam,
522 1279 683 1317 impetum
698 1280 732 1309 in
741 1289 816 1311 eum

111 1327 234 1364 dirigit,
247 1326 280 1355 et
289 1325 475 1363 promptum
488 1324 581 1354 illum
591 1333 711 1363 equum
719 1334 813 1356 suum

108 1371 305 1409 jejuniorum
314 1370 556 1406 verberibus,et
563 1370 747 1408 vigiliarum
755 1371 815 1400 cal-

110 1418 236 1447 caribus
248 1416 533 1454 perurgen3,t0tus
545 1415 650 1446 fertur
659 1416 694 1446 in
708 1417 813 1447 illum.

110 1463 233 1493 clamat
242 1470 259 1491 a
274 1462 364 1499 tergo
376 1461 552 1491 Prudentia
565 1463 693 1500 :Parce,
702 1471 812 1501 parce.

107 1508 230 1539 Clamat
238 1506 396 1536 Discretio
413 1515 421 1535 z
436 1507 585 1544 Sustine,
598 1508 736 1537 sustine.
754 1509 814 1538 To-

107 1557 223 1593 tusque
240 1559 314 1583 eum
331 1552 506 1589 concrepat
521 1552 700 1583 Davidicus
716 1561 813 1583 exer-

108 1600 203 1630 citus.
219 1599 303 1636 Quos
318 1598 375 1627 ille
389 1605 502 1627 omnes
521 1597 619 1627 surda
635 1606 713 1628 aure
729 1607 814 1636 prae—

106 1647 250 1682 teriens,
266 1644 372 1675 fertur
392 1643 493 1672 miser
514 1643 604 1673 totus
629 1643 664 1672 in
690 1645 811 1674 malum

106 1699 218 1727 suum,
233 1690 266 1719 et
281 1688 396 1719 nescit.
416 1687 538 1717 Videns
558 1687 813 1718 Nabuchodono-

107 1745 158 1766 sor
172 1735 339 1772 infremit,
360 1734 393 1764 ct
405 1734 528 1763 malum
544 1733 575 1763 ei
590 1742 707 1771 parans
722 1734 811 1766 dolos

105 1782 285 1821 praemittit.
303 1780 488 1810 Occurrunt
505 1780 594 1809 enIm
609 1780 659 1809 illi
671 1788 689 1810 a
705 1781 809 1811 latere

105 1830 138 1857 in
151 1835 295 1866 praeceps
315 1826 421 1866 ruenti
440 1834 565 1856 sorores
580 1825 670 1864 duae,
690 1826 812 1864 Super-

105 1874 158 1903 bia
174 1874 207 1904 et
221 1874 311 1902 Vana
333 1871 452 1910 gloria,
477 1872 693 1902 acclamantes
718 1873 750 1902 ei
776 1873 810 1902 in

104 1919 178 1949 dolo
200 1927 209 1948 :
235 1919 322 1956 Euge
333 1939 342 1955 ,
360 1925 453 1956 euge.
477 1917 602 1954 Quibus
627 1917 685 1948 ille
709 1918 810 1949 miser

103 1965 201 1994 nim1s
216 1964 381 2000 credulus,
393 1964 481 1993 totus
491 1963 594 1993 fertur
602 1964 636 1993 in
650 1972 808 2002 praeceps,

103 2012 136 2041 et
144 2010 250 2040 nescit
261 2009 404 2047 quaeJam
416 2009 561 2047 undique
574 2016 650 2039 eum
667 2009 810 2040 circum-

102 2055 226 2087 vallent
240 2055 379 2086 insidiae.
393 2054 533 2093 Spiritus
547 2055 681 2093 quidem
696 2056 809 2086 Forni-

101 2101 260 2139 cationis‚
291 2100 359 2138 jam
385 2100 499 2130 crebro
523 2101 606 2131 tales
631 2101 667 2130 et
690 2101 808 2131 talium

101 2147 243 2185 impetus
267 2147 442 2184 expertus,
464 2145 573 2185 fugam
600 2146 757 2186 simulat,
775 2148 809 2177 et

101 2193 250 2223 delusum
271 2192 428 2222 miserum
452 2192 545 2230 sequi
560 2194 736 2231 provocat,
753 2194 808 2224 do-

100 2246 162 2267 nec
189 2245 249 2275 per
282 2237 452 2275 patentem
480 2237 608 2275 portam
637 2237 673 2267 in
698 2238 807 2269 medio

101 2283 275 2322 Babylonis
286 2284 507 2314 introductum
521 2284 588 2314 suis
604 2284 699 2314 illum
711 2285 807 2316 sociis

100 2329 237 2360 tradidit
264 2329 481 2359 illudendum.
512 2330 744 2369 Gastrimargia
774 2332 808 2361 et

99 2374 282 2404 Fornicatio
304 2382 424 2412 equum
446 2374 509 2404 sibi
532 2375 719 2415 vindicant,
745 2386 807 2408 nec

99 2421 268 2451 dominum
283 2429 377 2450 suum
398 2420 452 2458 jus
466 2421 502 2451 in
523 2429 561 2451 eo
580 2421 704 2454 habere
719 2423 807 2453 ultra

99 2466 306 2505 permittunt.
319 2467 389 2496 Jam
408 2466 530 2505 quippe
543 2466 728 2507 deficiebat,
739 2468 807 2506 jam

100 2512 253 2550 fatigatus
268 2511 432 2542 divertere
447 2512 626 2551 quaerebat.
642 2513 679 2542 In
697 2514 806 2544 medio

99 2559 221 2597 quippe
234 2566 352 2596 pugnae
365 2558 426 2588 sub
446 2559 612 2597 pugnante
627 2559 805 2598 ceciderat,

101 2605 134 2634 ct
150 2612 226 2634 casu
248 2612 305 2634 suo
321 2605 535 2635 vehementer
553 2604 726 2636 attriverat
739 2614 808 2637 ses-

100 2657 204 2681 sorem
217 2658 329 2689 suum,
345 2658 441 2690 quem
467 2650 513 2680 illi
532 2651 613 2682 cibis
635 2652 807 2690 Babylonis

228 2706 253 2722 d-

1495 235 1553 265 [114⁴]

857 276 1037 316 refectum,
1058 278 1333 317 reimpinguatum
1354 287 1419 316 suis
1443 288 1553 319 subdi-

857 322 935 352 dere
958 323 1112 353 servitiis.
1143 325 1180 353 In
1201 325 1354 357 miserum
1382 338 1459 361 vero
1481 333 1528 363 ira
1543 355 1552 371 ,

857 368 993 408 invidia,
1010 370 1192 408 caeteraque
1211 370 1363 402 vitiorum
1376 374 1466 406 turba
1482 387 1554 407 con-

857 415 971 453 surgit,
984 415 1018 444 et
1028 415 1227 445 fiducialiter
1235 424 1330 453 supra
1343 417 1469 449 dorsum
1484 423 1554 459 ejus

856 459 1016 490 fabricant
1030 461 1230 498 peccatores.
1247 461 1310 491 Sed
1322 462 1355 491 et
1366 463 1555 504 Fornicatio,

855 505 947 542 cujus
963 506 1025 536 nisi
1041 507 1131 544 terga
1143 505 1300 545 fugientis
1314 507 1361 537 nil
1377 508 1481 538 adhuc
1497 511 1554 542 ille

855 550 1003 589 viderat,
1016 552 1128 590 aperta
1140 551 1207 590 jam
1228 552 1312 582 facie
1328 553 1556 591 etimpudenti

855 596 959 627 fronte
974 598 1008 627 in
1023 606 1098 628 eum
1122 599 1305 637 consurgit,
1323 599 1356 629 et
1371 599 1494 637 spicula
1511 600 1557 637 ig-

854 650 916 672 nea
929 643 963 672 in
980 652 1034 673 eor
1050 644 1120 681 ejus
1130 644 1280 683 torquet,
1296 645 1505 683 gladiumque
1524 646 1557 675 in

855 688 1019 718 cervicem
1045 689 1116 725 ejus
1139 690 1283 728 exserit,
1312 690 1560 730 projectumque

854 731 888 759 in
916 732 1037 761 terram
1066 735 1257 771 conculcat3
1281 736 1315 764 et
1343 743 1446 773 coquo
1474 736 1560 773 regis

852 775 1104 814 Babyloniorum
1110 778 1330 809 Nabuzardam
1340 787 1413 809 eum
1422 781 1562 819 tradens,

854 820 924 857 ejus
937 822 1112 852 immundis
1128 824 1400 862 gurgitationibus
1415 827 1561 857 subdidit

854 867 1070 898 illudendum.
1079 869 1145 899 Nec
1158 869 1225 906 jam
1232 871 1368 909 patitur,
1377 873 1414 902 ut
1423 872 1559 903 honesta

853 912 887 943 in
904 921 980 942 eum
996 914 1077 943 vitia
1097 922 1232 945 manum
1254 916 1387 947 mittant
1404 926 1412 947 ε
1426 919 1481 948 sed
1498 920 1560 948 im-

853 959 983 989 mundis
995 960 1115 991 scurris
1132 961 1172 991 de
1190 962 1328 1000 coquina
1342 963 1446 1002 regis,
1462 965 1495 994 id
1511 967 1559 995 cst

853 1004 948 1035 foedis
964 1006 998 1036 et
1016 1006 1188 1037 horrendis
1205 1008 1313 1046 vitiis,
1329 1010 1467 1040 exhibet
1483 1011 1558 1039 irri-

852 1050 1007 1081 dendum.
1025 1051 1077 1081 Sic
1089 1051 1189 1090 igitur
1203 1053 1317 1091 captus
1333 1054 1373 1083 ab
1390 1055 1535 1085 inimicis
1547 1078 1556 1091 ,

853 1096 970 1134 ligatur
984 1097 1118 1127 funibus
1133 1098 1226 1129 malae
1242 1100 1506 1139 consuetudinis,
1524 1104 1555 1130 ct

851 1143 1075 1181 praecipitatur
1090 1143 1124 1173 in
1134 1152 1298 1174 carcerem
1308 1145 1554 1184 desperationis.

890 1189 920 1218 5.
943 1190 1015 1219 Rex
1030 1190 1141 1220 autem
1164 1190 1269 1220 David
1284 1192 1436 1229 cooperto
1449 1193 1554 1230 capitov

851 1234 1001 1273 lugebat,
1017 1235 1151 1265 dicens:
1166 1236 1304 1266 Absalon
1315 1237 1360 1265 fili
1378 1237 1435 1275 mi,
1451 1237 1496 1266 fili
1511 1239 1554 1266 mi

851 1280 1001 1310 Absalon.
1020 1281 1211 1319 vocansque
1227 1290 1329 1311 unum
1343 1282 1441 1320 regiae
1454 1283 1555 1312 clion—

850 1326 924 1356 telae
950 1334 986 1355 ac
1008 1326 1094 1356 sedis
1107 1327 1142 1356 in
1168 1327 1353 1365 hujusmodi
1379 1328 1497 1358 utilem
1522 1332 1555 1358 et

849 1371 1040 1410 probatum,
1054 1372 1217 1402 Timorem
1229 1373 1373 1411 scilicet,
1389 1374 1429 1403 ad
1443 1375 1554 1412 requi—

848 1417 986 1446 rendum
1008 1425 1083 1447 eum
1112 1417 1243 1456 dirigit,
1270 1419 1304 1447 et
1327 1419 1554 1448 Obcdicntiam

847 1471 958 1492 secum
973 1463 1152 1501 mandavit,
1161 1463 1199 1493 ut
1211 1464 1360 1501 ereptum
1373 1464 1413 1494 de
1426 1473 1527 1495 carcei
1538 1476 1555 1492 ‹-.

848 1508 958 1537 tutelae
973 1508 1194 1538 committeret
1209 1508 1426 1539 obedientiae.
1442 1510 1554 1539 Missus.

847 1554 956 1584 Timor
966 1554 1068 1592 venit,
1081 1554 1114 1583 et
1127 1554 1260 1584 suscitat
1276 1554 1443 1592 miserum,
1460 1564 1555 1593 erepn

848 1600 982 1638 tumque
1008 1600 1049 1630 de
1085 1600 1304 1630 carceralibus
1332 1601 1481 1630 claustris
1521 1604 1553 1629 vt

846 1645 1006 1683 vinculis,
1020 1644 1105 1675 sicut
1119 1645 1317 1681 sibiJ'ussum
1328 1645 1452 1684 fuerat,
1470 1647 1550 1676 Obv-

846 1690 980 1720 dientiae
994 1689 1130 1720 tradidit
1144 1698 1152 1719 :
1171 1698 1292 1728 equum
1308 1699 1402 1720 suum
1415 1691 1446 1721 ci
1459 1693 1554 1722 resti-

845 1737 926 1774 tuit,
942 1736 999 1767 sed
1020 1736 1165 1766 ferocem
1180 1737 1214 1766 et
1234 1736 1415 1775 rebellem,
1438 1738 1470 1768 et
1496 1741 1550 1777 qui

845 1783 902 1813 vix
922 1784 1008 1813 ultra
1025 1782 1195 1812 dominum
1220 1783 1408 1820 dignaretur
1436 1792 1551 1822 agno:-

844 1838 931 1859 cere.
948 1830 1051 1867 Quem
1067 1829 1261 1858 Obedientia
1278 1830 1545 1869 apprehendens²

844 1875 876 1905 et
890 1875 981 1905 freno
997 1875 1103 1905 ferreo
1117 1875 1291 1913 cohibens,
1309 1874 1386 1905 licet
1404 1877 1551 1906 renitcn<

843 1920 910 1951 tem
922 1921 1101 1960 plurimum
1113 1921 1146 1949 et
1161 1920 1426 1950 recalcitrantem
1439 1942 1449 1958 ,
1466 1923 1551 1951 anti-

842 1975 906 2004 quo
931 1966 1063 1996 domino
1092 1965 1255 2004 subdidit,
1278 1965 1455 2005 docuitque
1471 1975 1546 1997 eum

842 2012 968 2042 mutare
985 2011 1223 2041 fortitudinem.

880 2057 911 2087 [ι.
930 2058 1123 2096 Susceptum
1146 2058 1257 2095 itaque
1278 2065 1296 2086 a
1318 2057 1447 2088 Timore
1464 2059 1550 2089 Obe-

841 2103 966 2133 dientia
982 2103 1147 2132 deducens
1173 2102 1313 2132 militem
1335 2103 1471 2143 Christi,
1489 2113 1550 2142 pei·

841 2149 938 2178 aliam
949 2148 1037 2179 viam
1052 2147 1188 2178 reduxit
1199 2146 1235 2176 in
1252 2148 1421 2185 regionem
1439 2157 1528 2179 suam
1539 2172 1548 2187 ,

841 2194 1045 2232 primamque
1062 2194 1094 2223 ei
1112 2192 1315 2223 mansionem
1340 2194 1427 2231 apud
1440 2194 1546 2225 Pieta-

840 2241 907 2270 tem
920 2239 1091 2270 constituit
1107 2247 1115 2268 ε
1132 2239 1170 2269 ut
1181 2238 1310 2268 scilicet
1325 2239 1452 2269 animos
1464 2240 1547 2277 ejus,

840 2294 920 2324 quos
933 2286 1042 2314 Timor
1050 2284 1317 2322 exacerbaverat,
1330 2285 1436 2315 Pietas
1447 2286 1547 2323 patri<

839 2331 1024 2362 revocantis
1035 2330 1247 2361 refocillaret.
1265 2330 1447 2361 Secundam
1460 2333 1544 2369 apud

839 2376 1038 2414 Scientiam‚
1067 2377 1105 2406 ut
1127 2376 1226 2406 sciret
1239 2376 1328 2406 unde
1345 2377 1377 2405 et
1403 2385 1465 2413 quo
1481 2377 1543 2406 sibi

840 2423 927 2454 esset
941 2422 1145 2453 redeundum
1161 2432 1168 2451 ε
1182 2422 1345 2459 sciretque
1363 2421 1409 2451 uti
1422 2422 1454 2450 et
1470 2422 1541 2459 pie-

841 2468 926 2507 tate,
949 2468 983 2498 et
996 2469 1132 2506 timore,
1152 2476 1194 2498 ne
1214 2467 1321 2497 Pietas
1347 2467 1540 2503 extolleret,

840 2515 947 2544 Timor
961 2513 1138 2553 frangeret.
1154 2513 1295 2543 Tertiam
1307 2511 1393 2549 apud
1404 2512 1542 2542 Fortitu-

841 2561 950 2591 dinem
963 2583 972 2598 ,
988 2569 1060 2598 quae
1073 2568 1148 2590 eum
1169 2558 1208 2588 ad
1222 2556 1440 2596 peragendum
1454 2557 1540 2587 redi-

843 2608 892 2637 tus
907 2607 957 2637 sui
976 2606 1039 2636 iter
1054 2604 1258 2635 confortaret.
1286 2602 1439 2640 Quartam
1455 2605 1537 2641 apud

844 2652 1024 2690 Consilium,
1040 2652 1073 2681 ut
1094 2649 1226 2680 onorius
1238 2656 1309 2678 cum
1328 2648 1460 2677 consilio
1474 2657 1539 2678 011.-

1366 2693 1399 2711 m}
