1810 3073
501 241 547 269 IN
571 240 768 269 CANTICA
792 238 941 269 SERMO
965 237 1129 267 xxviii.

113 296 266 336 conspectu
288 295 422 332 concilii,
442 295 588 334 quoniam
605 295 688 333 diqni
711 293 807 324 habiti

113 343 183 371 sunt
202 349 260 380 pro
273 341 392 370 nominc
405 341 477 371 Iesu
493 341 708 371 contumeliam
728 341 804 378 pati.

113 385 257 424 Denique
275 385 355 416 beati
372 387 426 424 qui
435 386 669 424 persecutionem
679 386 806 424 patiun-

114 432 165 461 tur
182 433 302 470 propter
321 430 486 468 justitiam.
512 431 578 461 Hac
602 430 804 469 potissimum

111 475 239 512 gloriari
253 476 427 506 Ecclesiam
439 476 592 515 arbitror,
603 476 686 506 hanc
700 476 805 506 liben—

110 521 174 551 tius
188 521 307 552 imitari
319 522 359 552 (le
374 523 514 560 pellibus
527 521 646 561 sponsi.
655 521 802 559 Denique

110 567 144 596 et
170 566 269 597 habet
282 567 316 596 in
330 568 539 606 promissione
554 575 563 597 ε
577 569 611 598 Si
632 575 680 597 me
700 576 803 606 perse-

109 613 171 641 cuti
182 614 271 649 sunt,
288 614 318 643 et
330 622 382 644 vos
393 614 620 652 persequentur.

150 657 199 686 15.
215 657 305 688 Unde
326 658 359 688 et
373 658 462 688 addit
487 665 601 696 sponsa
616 666 625 687 t
640 657 740 688 Nolite
754 666 801 687 me

109 704 297 734 considerare
315 705 394 742 quod
414 704 499 741 fusca
514 704 590 740 sim,
616 702 691 741 quia
714 702 801 732 deco-

108 748 217 778 loravit
241 757 288 779 me
302 750 358 780 sol.
381 750 447 779 Hoc
462 749 528 786 est,
543 747 649 778 Nolite
674 756 726 778 me
742 755 801 777 no—

107 794 176 822 tare
190 794 280 830 quasi
295 793 470 823 deformem
481 815 490 830 ,
505 793 582 831 quia
598 792 729 823 cernitis
742 801 800 831 pro

108 837 275 875 ingruente
303 838 527 876 persecutione
547 837 655 868 miuus
682 838 800 868 floren-

106 884 191 920 tem,
207 883 314 912 minus
337 883 515 913 secundum
535 883 668 920 gloriam
690 883 799 914 saeculi

105 927 287 957 coloratam.
313 927 399 965 Quid
426 927 628 966 exprobratis
655 928 801 967 nigredi-

105 980 198 1011 nem,
219 981 315 1011 quam
330 973 437 1004 servor
463 973 717 1012 persecutionis,
734 981 799 1004 non

105 1019 355 1048 conversationis
366 1019 467 1057 pudor
475 1018 622 1050 invexit?
631 1020 689 1049 Vel
699 1020 799 1050 solem

106 1064 184 1093 dicit
199 1064 303 1094 zelum
314 1064 450 1102 justitiae
461 1087 469 1103 ,
481 1073 543 1103 quo
561 1065 751 1096 accenditur
765 1067 799 1097 et

105 1109 283 1146 accingitur
313 1109 468 1140 adversus
497 1110 727 1148 malignantes,
749 1109 800 1140 di-

106 1162 180 1183 cens
192 1154 278 1184 Deo:
291 1155 380 1185 Zetus
397 1156 504 1186 (tonius
516 1157 575 1185 tuoe
593 1157 719 1186 comedit
732 1165 799 1194 me,-

105 1200 138 1228 ‹·t
155 1199 235 1229 illud
252 1208 260 1228 ε
279 1200 439 1230 Tabescere
453 1209 501 1230 me
515 1201 584 1238 fecit
598 1201 680 1231 zelus
691 1210 776 1231 meus
788 1222 798 1237 ‚

103 1245 175 1282 quia
188 1243 274 1274 obliti
279 1246 350 1274 sunt
361 1244 454 1274 verba
469 1246 523 1275 tua
537 1246 654 1275 inimici
669 1246 740 1275 mei.
756 1246 799 1274 11-

104 1289 159 1319 lud
175 1297 321 1328 quoque,
338 1290 472 1327 Defectio
487 1291 582 1320 tenuit
594 1299 640 1320 me
660 1299 717 1329 pro
731 1300 798 1329 pec-

100 1335 252 1366 catoribus
279 1335 549 1374 derelinquentibus
572 1336 664 1375 legem
698 1338 797 1367 tuam.

103 1382 202 1418 item,
225 1383 334 1411 Nonne
358 1383 412 1420 qui
435 1381 563 1412 oderunt
579 1383 623 1418 te,
651 1384 797 1420 Domine,

104 1427 244 1462 oderam,
267 1427 399 1463 etsuper
414 1426 553 1457 inimicos
578 1428 645 1457 tuos
670 1427 799 1458 tabesce-

104 1471 193 1501 bam?
206 1471 306 1500 Etiam
317 1471 397 1500 illud
413 1471 574 1509 Sapientis
585 1472 679 1502 caute
690 1472 798 1503 obser-

102 1517 174 1547 vat:
191 1517 277 1546 Filiae
288 1538 298 1553 ‚
315 1516 376 1554 ait,
391 1517 445 1547 tibi
457 1516 548 1548 sunt?
567 1518 633 1548 noli
645 1519 797 1549 ostendere

100 1564 202 1592 tertiam
227 1563 344 1592 vultum
366 1563 405 1592 acl
421 1563 502 1600 ipsas
517 1573 528 1593 .-
544 1564 581 1594 ut
594 1563 719 1595 scilicet
745 1572 797 1594 re-

101 1608 205 1638 missis
220 1608 252 1638 et
267 1607 417 1637 mollibus
432 1608 465 1638 et
480 1607 690 1646 fugitantibus
702 1609 797 1640 disci-

100 1654 240 1692 plinam,
257 1661 320 1683 non
331 1654 503 1683 candorem
522 1655 725 1693 screnitatis,
741 1656 798 1685 sed

100 1698 270 1728 obscurum
286 1698 470 1727 severitatis
485 1699 651 1729 exhibeat.
668 1700 727 1729 Vel
743 1700 798 1729 de-

100 1744 234 1773 colorari
256 1751 274 1772 a
290 1743 374 1781 sole,
391 1744 440 1773 est
463 1743 632 1780 ignescere
660 1745 796 1775 caritate

100 1788 239 1817 fraterna
251 1809 259 1825 ,
272 1787 351 1818 flere
375 1796 450 1817 cum
471 1789 623 1819 flentibus
633 1811 642 1827 ,
657 1798 732 1819 cum
747 1791 798 1820 in-

99 1833 299 1863 firmantibus
322 1833 496 1871 infirmari,
512 1834 563 1864 uri
586 1835 627 1864 ad
648 1836 797 1866 scandala

100 1879 309 1916 singulorum.
327 1879 386 1907 Vel
402 1878 466 1907 sic:
481 1878 534 1908 Sol
550 1879 686 1916 justitiae
701 1881 797 1911 deco-

98 1924 214 1955 loravit
237 1932 288 1953 me
310 1923 472 1961 Christus,
487 1923 579 1960 cujus
594 1932 701 1955 amore
726 1926 797 1956 lan-

98 1978 191 2008 gueo.
225 1970 370 2007 Languor
405 1969 465 1999 iste
501 1970 617 2000 coloris
649 1971 796 2009 quaedam

98 2015 326 2045 exterminatio
349 2014 416 2052 est,
430 2015 464 2044 et
478 2013 624 2046 defectus
643 2016 678 2046 in
709 2017 795 2047 desi-

99 2060 188 2090 derio
205 2060 331 2089 animae.
344 2059 433 2090 Unde
450 2060 483 2090 et
499 2059 580 2091 dicit
596 2069 603 2090 :
618 2062 735 2092 Memor
749 2063 797 2101 fui

98 2107 155 2136 Dei
165 2126 175 2142 ‚
204 2107 232 2135 et
267 2105 428 2135 delectatus
451 2115 520 2136 sum
531 2128 542 2143 ,
557 2108 585 2137 et
611 2109 796 2139 exercitatus

96 2159 163 2181 sum
176 2172 185 2186 ,
197 2152 224 2180 et
238 2150 342 2188 defecit
362 2151 485 2190 spiritus
504 2160 599 2183 meus.
615 2153 712 2191 Ergo,
728 2152 795 2183 ins-

97 2196 146 2226 tar
170 2196 293 2226 urentis
311 2197 404 2235 solis,
420 2196 573 2227 desiderii
589 2198 684 2228 ardor
699 2207 795 2238 pere-

97 2242 277 2279 grinantem
303 2242 338 2272 in
363 2251 494 2281 corpore
511 2243 691 2281 decolorat,
717 2244 793 2275 dum

98 2287 203 2316 vultui
226 2288 332 2325 gloriae
348 2288 544 2327 inhiantem,
567 2289 793 2328 impatientem

99 2331 176 2361 facil
208 2333 351 2370 repulsa,
372 2334 405 2362 et
435 2335 600 2364 excruciat
632 2337 793 2367 amantem

99 2375 222 2405 dilatio.
237 2376 314 2412 Quis
334 2376 477 2407 nostrum
492 2378 537 2408 ila
559 2379 669 2409 sancto
684 2388 792 2412 amore

98 2421 209 2458 ardet,
234 2422 271 2451 ut
285 2421 445 2452 desiderio
460 2422 592 2454 videndi
607 2425 768 2456 Christum
783 2448 792 2464 ,

99 2474 225 2496 onmem
242 2467 380 2496 colorem
393 2468 560 2505 praesentis
574 2469 792 2508 gloriae,laeti-

97 2511 214 2549 tiaeque
231 2512 259 2541 fa
281 2512 373 2542 iidiat
387 2514 420 2542 et
431 2513 588 2552 deponat,
601 2515 658 2545 illa
674 2517 705 2546 ei
721 2525 793 2555 pro-

97 2557 227 2594 phetica
241 2565 320 2588 voce
335 2559 518 2590 contestans
531 2569 539 2589 ι
550 2561 592 2591 Et
602 2562 681 2592 diem
695 2561 792 2594 leonti-

96 2604 144 2631 πίε
165 2611 227 2633 non
251 2604 432 2642 desideravi,
447 2606 481 2635 tu
503 2605 582 2637 scis?
603 2607 684 2637 Item
719 2617 790 2639 cum

98 2648 203 2678 saneto
229 2649 356 2680 David:
374 2652 484 2681 Renuit
509 2653 662 2683 consolari
683 2656 789 2686 anima

1474 243 1532 273 247

837 302 924 330 mea,
937 291 970 323 id
985 292 1034 323 est
1047 291 1254 330 praesentium
1276 294 1431 326 bonorum
1446 296 1535 326 inani

838 338 950 369 laetitia
965 337 1101 377 despicit
1122 337 1269 368 colorari.
1286 339 1346 368 Vel
1365 341 1452 370 certe
1471 343 1535 371 De-

837 385 981 415 coloravit
995 392 1045 414 me
1058 383 1102 414 sol
1109 404 1120 420 ,
1136 382 1186 413 sui
1199 382 1355 413 nimirum
1369 391 1533 423 compara-

837 430 926 461 tione
943 428 1123 468 splendoris
1135 450 1144 467 ,
1160 428 1237 458 dum
1253 428 1446 467 appropians
1462 429 1532 466 illi,

837 484 879 505 ex
904 483 942 505 eo
962 482 1015 504 me
1041 473 1210 504 obscuram
1237 473 1534 511 deprehendoffli-

836 529 924 559 gram
952 519 1103 557 invenio,
1119 519 1236 549 soedam
1256 518 1411 557 despicio.
1434 518 1534 548 caete-

836 574 908 595 rum
934 567 1014 596 alias
1036 565 1169 604 quidem
1184 564 1320 595 formosa
1343 572 1427 594 sum.
1449 563 1534 601 Quid

835 611 956 642 fuscam
972 611 1082 642 dicitis
1091 633 1101 650 ,
1112 610 1212 641 solius
1225 610 1307 640 Solis
1318 608 1535 649 pulcritudini

835 655 1119 687 succumbentem?
1129 656 1169 687 At
1183 655 1291 687 sensui
1304 655 1404 694 priori
1420 654 1535 685 viden-

834 701 887 731 tur
899 702 1000 740 magis
1015 701 1171 732 assentire
1196 709 1237 732 ea
1249 710 1319 740 quae
1341 699 1531 739 sequuntur.

834 746 997 784 Adjiciens
1023 747 1203 786 siquidem,
1230 748 1303 778 Filii
1324 747 1436 777 matris
1459 753 1533 775 meae

831 795 1042 830 puqnaverunt
1056 794 1165 824 contra
1188 802 1254 831 me3
1271 791 1533 831 persecutionem

833 846 959 876 passam
981 846 1016 869 se
1033 847 1103 870 esse
1132 839 1244 877 aperte
1270 837 1442 877 significat.
1469 836 1533 867 Sed

833 884 910 914 hinc
923 884 1012 914 aliud
1036 885 1191 915 sermonis
1205 884 1404 923 principium
1427 882 1534 914 ordie-

833 937 921 968 mur,
935 929 1088 969 quoniam
1104 930 1253 961 sufficere
1280 929 1342 960 hac
1365 929 1439 959 vice
1459 936 1534 966 pos-

834 976 925 1013 sunt,
941 983 1012 1014 quae
1035 975 1221 1014 accepimus
1234 974 1274 1005 de
1298 973 1398 1013 gloria
1422 974 1532 1012 sponsi

833 1020 984 1050 Ecclesiae
1005 1020 1134 1050 Domini
1163 1020 1265 1051 nostri
1294 1020 1373 1050 Jesu
1392 1017 1532 1056 Christi,

833 1064 915 1094 dono
936 1064 1056 1103 ipsius,
1078 1064 1134 1103 qui
1154 1064 1204 1095 est
1228 1065 1315 1095 Deus
1342 1062 1534 1094 benedictus

833 1110 867 1140 in
881 1111 996 1142 saecula
1006 1132 1015 1149 ,
1031 1118 1136 1141 amen.

1011 1231 1180 1264 SERMO
1207 1231 1350 1264 xxlx.

842 1300 882 1324 De
907 1300 1085 1332 querimonia
1107 1300 1234 1325 Ecclesiae
1264 1302 1363 1324 contra
1388 1305 1451 1324 suos
1474 1301 1531 1323 lm-

862 1338 1042 1366 pugnatooes,
1056 1336 1098 1359 vel
1111 1339 1208 1360 contra
1227 1336 1287 1360 illos
1297 1335 1347 1367 qui
1361 1335 1532 1366 impugnant

863 1374 1000 1396 unitatem
1016 1372 1181 1396 fraternam.

873 1429 887 1458 1
896 1449 903 1457 .
918 1429 992 1458 Filii
998 1429 1108 1459 matris
1118 1436 1192 1458 meae
1200 1427 1413 1467 puqnaverunt
1425 1429 1534 1456 contra

831 1482 889 1504 me.
899 1473 1005 1503 Annas
1017 1475 1049 1504 et
1060 1474 1209 1512 caiphas,
1218 1472 1353 1503 etJudas
1364 1471 1531 1508 Iscarioth‚

831 1520 890 1549 filii
907 1528 1073 1558 synagogae
1082 1519 1237 1550 fuerunt:
1254 1518 1288 1549 et
1303 1517 1337 1548 hi
1352 1519 1462 1548 contra
1474 1519 1533 1548 Ec-

831 1565 975 1602 clesiam,
991 1573 1082 1603 aeque
1098 1572 1264 1603 synagogae
1278 1563 1396 1600 filiam,
1413 1563 1447 1593 in
1462 1563 1533 1601 ipso

831 1612 946 1641 exortu
958 1611 1059 1648 ipsius
1073 1610 1280 1640 acerbissime
1295 1610 1532 1647 pugnaverunt,

830 1655 1063 1693 suspendentes
1074 1655 1201 1692 inligno
1209 1655 1417 1684 collectorem
1428 1652 1532 1691 ipsius

830 1701 951 1730 Jesum.
966 1700 1038 1731 Jam
1052 1701 1129 1731 tune
1140 1699 1301 1738 siquidem
1316 1699 1403 1729 Deus
1418 1698 1532 1737 imple-

831 1746 878 1776 vit
892 1754 950 1783 per
965 1753 1040 1783 eos,
1064 1745 1150 1784 quod
1177 1745 1256 1775 olim
1280 1744 1533 1784 praesignaverat

830 1798 888 1827 per
898 1790 1103 1828 Prophetam,
1119 1789 1251 1820 dicens:
1267 1791 1444 1821 Percutz'am
1457 1799 1533 1828 pas-

831 1837 939 1872 torem,
952 1837 980 1865 et
994 1836 1203 1874 disperqentur
1221 1844 1300 1866 oves.
1329 1836 1368 1865 Et
1389 1834 1532 1866 fortassis

831 1881 918 1910 illius
932 1889 997 1911 vox
1016 1881 1072 1910 illa
1088 1882 1138 1911 est
1158 1881 1194 1910 in
1215 1881 1340 1911 cantico
1362 1881 1507 1912 Ezechiae
1521 1891 1536 1920 :⁴>

829 1927 964 1956 Praecisa
975 1927 1017 1956 est
1028 1926 1109 1957 velut
1124 1936 1144 1956 a
1156 1928 1274 1958 texente
1285 1928 1349 1957 vita
1363 1935 1445 1965 mea,·
1458 1912 1545 1961 ιῖαννι,ἶ

829 1971 927 2001 adhuc
941 1972 1080 2009 ordirer,
1105 1973 1230 2003 succidit
1244 1981 1304 2002 mc.
1320 1973 1367 2002 De
1388 1972 1440 2003 his
1455 1976 1545 2012 ergo

829 2018 924 2055 atque
938 2017 1022 2056 aliis,
1034 2018 1091 2056 qui
1106 2018 1146 2048 de
1162 2018 1217 2048 illa
1233 2018 1329 2057 gente
1350 2018 1533 2049 Christiano

828 2063 950 2093 nomini
960 2064 1192 2094 contradixisse
1201 2065 1359 2102 sciuntur,
1371 2064 1450 2103 puta
1462 2065 1531 2095 dic-

828 2109 896 2138 tum
911 2116 928 2138 a
944 2117 1079 2147 sponsa:
1094 2111 1168 2140 Fz'tii
1189 2111 1299 2140 matris
1313 2118 1388 2140 meae
1406 2119 1530 2149 puqna-

827 2156 934 2184 verunt
948 2157 1055 2185 contra
1069 2164 1127 2185 me.
1140 2155 1305 2193 Etvpulcre
1319 2155 1403 2185 filios
1416 2157 1531 2187 matris

827 2207 976 2238 suae,non
991 2200 1099 2230 autem
1113 2201 1146 2230 et
1159 2201 1261 2240 patris
1275 2201 1325 2231 sui
1339 2201 1412 2231 illos
1422 2202 1528 2240 vocat,

827 2245 883 2283 qui
913 2253 978 2276 non
999 2246 1162 2277 habebant
1182 2247 1305 2285 patrem
1324 2247 1449 2284 Deum,
1472 2247 1529 2277 sed

827 2299 869 2321 ex
895 2292 987 2330 patre
1002 2291 1131 2322 diabolo
1147 2293 1255 2330 erant3
1273 2293 1444 2324 homicidae
1465 2293 1529 2324 uti-

826 2345 900 2376 que,
916 2337 1000 2368 sicut
1021 2338 1054 2368 et
1069 2338 1126 2369 ille
1141 2339 1306 2368 homicida
1322 2339 1392 2369 erat
1406 2339 1446 2369 ab
1462 2339 1527 2369 ini-

826 2383 882 2414 tio.
899 2384 1072 2422 Propterea
1099 2392 1163 2414 non
1191 2384 1287 2422 dicit,
1303 2385 1432 2416 Fratres
1453 2386 1524 2420 mei,

826 2429 881 2459 aut
893 2429 950 2467 filii
970 2431 1071 2468 patris
1098 2431 1159 2460 mei
1168 2452 1178 2467 ‚
1192 2429 1265 2468 sed,
1291 2431 1380 2466 Filii,
1406 2429 1524 2467 inquit,

824 2476 934 2505 matris
942 2484 1017 2506 meoe
1027 2477 1240 2514 puqnaverunt
1248 2477 1357 2506 contra
1366 2484 1423 2504 me.
1437 2474 1525 2503 Alio-

825 2519 904 2558 quin
924 2521 952 2550 si
972 2528 1036 2551 non
1051 2521 1097 2551 ita
1111 2521 1344 2559 distingueret,
1357 2519 1524 2549 videretur

826 2565 923 2596 etiam
944 2567 1106 2605 apostolus
1130 2567 1248 2597 Paulus
1271 2563 1522 2602 comprehensus

825 2609 858 2640 in
873 2610 935 2649 his,
951 2611 991 2641 de
1010 2611 1128 2650 quibus
1143 2608 1372 2648 conqueritur,
1387 2607 1473 2646 quod
1489 2609 1523 2639 et

825 2656 893 2694 ipse
909 2657 1079 2695 aliquando
1095 2657 1280 2695 persecutus
1288 2655 1329 2684 sit
1345 2654 1520 2684 Ecclesiam
