1846 3078
593 251 639 281 IN
662 251 862 281 CANTICA
886 252 1036 281 SERMO
1057 254 1142 283 le.

147 303 210 334 scie
235 301 378 342 posuerit
406 300 650 334 tabernaculum
678 304 841 342 suum‚id

146 350 193 379 est
207 349 240 378 in
251 349 324 378 luce
337 347 371 377 et
382 347 417 377 in
434 349 604 379 manifesto
620 358 708 379 suam
728 350 841 388 digna-

145 394 194 424 tus
209 394 250 424 sit
264 393 423 424 exhibere
439 395 646 432 praesentiam
669 396 738 434 ipse
760 396 841 426 lucis

144 439 374 469 inaccessibilis
406 440 584 478 habitator,
599 441 663 470 nisi
678 441 791 479 utique
807 441 841 471 in

142 484 246 514 terris.
259 485 407 523 Denique
420 486 453 515 in
465 487 554 517 terris
568 488 648 517 visas
662 488 718 522 est,
733 488 761 516 et
771 495 841 516 cam

139 530 311 561 hominibus
339 533 533 562 conversatas
561 534 618 562 est.
656 533 694 561 Ι11
723 531 838 570 terris,

139 574 282 613 inquam,
295 576 414 614 palam,
430 576 514 614 quod
526 577 575 606 est
589 576 623 606 in
640 578 717 614 sole,
733 577 840 615 posuit

139 621 386 651 tabernaculum
406 630 518 659 suum,
539 630 654 661 corpus
670 623 838 661 videlicet,

135 667 222 705 quod
244 667 284 697 de
307 668 452 705 Virginis
474 675 607 706 corpore
630 668 670 698 ad
693 668 755 698 hoc
775 669 838 699 sibi

136 714 249 749 aptare
263 713 413 751 dignatus
427 713 488 750 est,
503 714 541 743 ut
555 713 589 742 in
606 721 643 743 eo
659 713 693 742 in
708 713 839 744 seinvi-

136 758 240 789 sibilis
252 759 436 796 videretur3
457 760 490 788 et
511 759 557 788 sic
579 758 709 789 videret
732 760 837 790 omnis

135 811 208 834 caro
219 805 357 834 salutare
368 803 438 841 Dei,
447 811 521 833 cum
532 804 566 833 in
576 812 671 834 carne
681 805 834 835 venisset.

175 850 205 879 8.
219 849 314 879 Saliit
339 857 414 887 ergo
435 849 470 878 in
490 849 671 888 montibus,
688 850 722 880 id
738 851 787 881 est
802 851 835 881 111

134 894 199 923 illis
225 894 385 932 supremis
411 895 601 933 spiritibus,
627 904 702 925 cum
717 895 758 925 ad
781 904 836 926 eos

133 948 234 979 usque
247 940 417 971 descendit
428 961 437 978 ,
450 942 689 971 sacramentum
705 949 722 971 a
737 950 835 972 saecu-

132 986 172 1016 lis
192 985 439 1024 absconditum,
464 986 498 1016 et
525 995 678 1026 magnum
703 988 835 1026 pietatis

132 1031 327 1070 mysterium
343 1031 390 1061 eis
405 1031 576 1070 dignanter
596 1033 759 1071 aperiens.
773 1034 834 1063 Sed

131 1077 335 1108 transsiliens
350 1077 408 1107 hos
433 1079 618 1116 superlores
637 1078 735 1117 atque
750 1079 836 1109 emi-

132 1126 298 1156 nentiores
314 1126 453 1164 montes,
469 1126 632 1156 Cherubin
645 1127 771 1158 scilicet
785 1128 835 1158 at-

130 1180 195 1209 que
223 1171 397 1210 Seraphin,
419 1179 549 1201 necuom
572 1172 833 1208 Dominationes,

130 1217 333 1255 PrIncipatus
351 1218 385 1246 et
400 1217 599 1255 Potestates,
611 1217 832 1257 Virtutesque‚

130 1262 229 1292 etiam
251 1262 292 1291 ad
313 1262 504 1292 inferiorem
518 1271 620 1301 usque
640 1264 832 1302 Angelorum

129 1307 276 1338 ordinem
288 1307 487 1338 descendere
497 1329 507 1344 ‚
522 1308 689 1347 tamquam
710 1310 749 1339 ad
766 1312 830 1340 col-

127 1354 175 1384 les
197 1353 346 1391 dignatus
367 1353 426 1383 est.
453 1353 516 1383 Sed
536 1355 697 1392 numquid
718 1356 770 1385 vel
796 1356 830 1386 in

127 1399 194 1429 illis
227 1399 384 1429 remansit
400 1398 413 1428 ’ἐ
440 1400 623 1430 'rranssiliit
653 1401 686 1431 et
720 1402 829 1432 colles.

127 1447 199 1476 Non
224 1447 306 1476 enim
318 1467 327 1483 ‚
354 1445 477 1483 inquit,
490 1446 640 1484 Anqelos,
664 1448 715 1477 secl
730 1456 830 1477 semen

127 1491 261 1522 Abrahae
273 1491 482 1530 apprchemlit,
496 1491 582 1529 quod
596 1492 710 1529 utique
727 1493 830 1531 Ange-

126 1538 166 1567 lis
184 1536 322 1566 inferius
339 1537 399 1566 est.
426 1537 468 1566 Ut
492 1545 596 1566 sermo
624 1537 828 1577 impleretur,

124 1592 221 1622 quem
247 1582 331 1612 dixit
358 1583 555 1612 memoratus
577 1583 756 1621 Propheta,
781 1585 828 1615 lo-

124 1637 227 1667 quens
242 1628 287 1658 ita
301 1628 341 1658 ad
356 1629 485 1658 Patrem
510 1629 550 1658 de
571 1629 673 1659 Filio:
690 1631 829 1662 Me'nuisti

123 1684 192 1705 eam
205 1675 298 1713 paulo
313 1676 415 1704 vitinus
427 1675 466 1704 ab
476 1676 611 1714 Anqele's.
627 1677 826 1715 Quamquam

125 1721 185 1750 hoc
198 1728 273 1750 sane
297 1720 337 1749 ad
362 1721 679 1751 commendationem
703 1724 826 1754 naturae

123 1767 272 1796 humanae
293 1765 415 1795 dictum
436 1766 538 1804 possit
565 1767 727 1806 intelligi,
741 1771 825 1807 quod

123 1811 219 1840 homo
244 1810 285 1840 ad
312 1810 488 1848 imaginem
518 1811 551 1841 et
576 1811 823 1844 similitudinem

123 1855 182 1886 Dei
206 1856 376 1893 conditus,
399 1864 435 1885 ac
456 1857 612 1894 praeditus
636 1858 764 1889 ratione
786 1861 825 1890 ad

122 1902 223 1932 instar
239 1901 351 1940 ulique
366 1902 481 1940 Angeli
496 1923 505 1940 ‚
529 1903 692 1933 modicum
714 1905 824 1935 tamen

120 1947 265 1978 distetab
274 1947 394 1986 Angelo
404 1948 537 1986 propter
548 1957 664 1987 corpus
673 1949 715 1980 de
724 1950 822 1981 terra.

120 1993 184 2024 Sed
198 1993 274 2023 audi
288 1994 468 2032 apostolum
483 1995 617 2024 Paulum
628 1996 739 2034 aperte
751 2006 824 2035 pro-

119 2039 327 2071 nuntiantem
356 2039 395 2069 de
423 2047 459 2069 eo
476 2049 486 2069 .-
503 2042 564 2079 Qai
578 2050 646 2071 cum
667 2043 701 2072 in
721 2043 823 2081 forma

121 2087 179 2116 Dei
215 2087 311 2123 esset,
334 2094 397 2115 non
429 2087 575 2124 rapinam
609 2087 823 2120 arbitrabatur

118 2141 178 2162 esse
208 2141 239 2162 se
263 2131 412 2170 oeqaalem
432 2133 497 2162 Deo
510 2141 521 2162 .·
535 2133 608 2171 qaia
631 2136 822 2173 semetipsam

117 2177 302 2214 εωίηιιηίνὶἰ,
330 2177 466 2215 formam
494 2180 573 2209 servi
597 2180 768 2219 accipiens,
790 2183 821 2211 in

116 2223 348 2253 sitnilz'tadinem
369 2223 528 2253 heminam
542 2224 655 2262 sactus,
671 2227 701 2256 et
714 2225 821 2258 habz'ta

117 2269 254 2297 inventas
268 2269 301 2297 ut
319 2267 421 2298 homo.
447 2269 487 2298 Et
510 2277 666 2300 rursum:
686 2271 745 2302 Ubi
769 2281 821 2303 ve-

116 2314 174 2349 m't,
184 2311 300 2350 inquit,
310 2313 465 2351 plenitudo
482 2315 636 2354 temporis,
648 2318 731 2348 misit
739 2320 821 2350 Deus

117 2360 230 2389 Filt'am
244 2367 346 2395 saum,
362 2359 479 2397 factum
494 2370 534 2390 ex·
544 2362 688 2400 muliere,
703 2363 820 2401 factum

114 2404 170 2434 sab
185 2405 312 2442 leqe,ut
326 2412 376 2434 eos
398 2405 451 2442 qai
469 2405 525 2435 sub
545 2407 606 2445 leffe
627 2410 716 2438 erant
741 2411 821 2440 redi-

114 2451 219 2479 meret.
232 2448 293 2486 Qui
308 2457 383 2487 ergo
399 2449 504 2480 factus
519 2459 562 2481 ex
578 2452 717 2483 muliere
729 2475 738 2491 ‚
751 2454 820 2484 sac-

115 2497 167 2525 tus
183 2496 215 2525 et
229 2495 288 2526 sub
302 2495 374 2533 lege
388 2495 447 2534 est,
460 2497 673 2534 proculdubio
689 2507 751 2529 non
768 2509 819 2530 so-

115 2541 183 2571 lum
198 2541 324 2571 montes
335 2563 343 2578 ‚
357 2541 390 2571 id
406 2543 453 2572 est
464 2542 603 2580 maj0res
618 2544 818 2582 superiores-

114 2594 178 2624 que
203 2586 434 2625 beatitudines,
461 2587 519 2617 sed
546 2588 646 2618 etiam
675 2590 818 2621 minores

114 2632 250 2669 Angelos
284 2632 510 2663 descendendo
541 2634 730 2674 transsiliit,
761 2637 816 2675 qui

116 2678 248 2715 quidem
274 2679 309 2709 in
334 2680 574 2719 comparatione
599 2683 815 2721 superiorum,

1517 261 1578 291 523

874 305 989 335 merito
1020 306 1152 335 collium
1191 306 1320 338 nomine
1354 308 1571 349 designantur.

873 349 1032 379 Caeterum
1049 350 1105 388 qui
1122 350 1228 381 minor
1243 352 1292 382 est
1314 351 1349 381 in
1367 361 1464 392 regno
1480 358 1578 387 coelo-

874 402 957 433 rum,
974 396 1076 433 maior
1091 397 1140 427 est
1152 397 1267 435 quovis
1280 405 1410 428 carnem
1425 402 1572 438 portante

873 448 969 478 super
986 441 1124 479 terram,
1152 441 1278 472 etiamsi
1307 442 1349 473 sit
1364 442 1421 473 ille
1442 452 1576 483 magnus

871 485 1033 516 Johanues
1047 487 1201 525 Baptista.
1218 488 1297 517 Nam
1310 487 1370 518 etsi
1382 496 1458 518 sane
1470 491 1574 522 Deum

872 530 1036 561 hominem
1066 532 1243 570 fateamur,
1260 533 1362 563 etiam
1384 533 1418 563 in
1441 534 1574 566 homine

871 583 969 613 super
984 585 1113 607 omnem
1132 579 1354 617 Principatum
1376 579 1410 609 et
1430 580 1576 610 Potesta-

871 620 936 650 tem
965 621 1060 659 longe
1090 622 1391 661 incomparabiliter
1417 626 1570 663 praeemi-

869 673 968 704 nere3
995 667 1123 698 certum
1146 669 1275 707 tamen,
1301 670 1377 708 quia
1392 669 1453 700 etsi
1479 670 1576 708 praeit

869 710 1037 748 majestate
1049 734 1058 750 ‚
1086 712 1144 742 sed
1169 713 1361 745 infirmitate
1387 716 1573 746 succubuit.

868 755 915 784 lta
930 764 1005 794 ergo
1030 758 1117 788 saliit
1136 757 1171 788 in
1185 760 1369 798 montibus,
1386 761 1420 790 et
1440 761 1577 792 transsi-

868 800 920 831 liit
935 803 1045 841 colles,
1061 812 1135 834 cum
1146 812 1210 834 non
1220 805 1323 835 solum
1338 806 1574 843 superioribus,

867 846 923 876 sed
935 847 968 877 et
980 848 1191 880 inferioribus
1205 850 1374 889 spiritibus
1391 851 1573 890 dignantis-

867 891 947 923 sime
960 901 994 924 se
1010 894 1198 925 inferiorem
1216 897 1383 927 exhibuit.
1398 897 1463 927 Nec
1477 898 1573 928 inodo

867 936 932 968 illis
954 940 1102 978 supernis
1124 941 1312 979 spiritibus,
1335 942 1392 972 sed
1413 942 1446 972 et
1470 943 1550 981 ipsis
1564 965 1574 981 ,

865 983 921 1021 qui
934 984 1043 1015 domos
1057 987 1161 1016 luteas
1174 987 1370 1026 inhabitant,
1384 985 1572 1025 ‘subjectum

866 1036 900 1058 se
929 1030 1083 1061 exhibuit
1096 1053 1105 1069 ‚
1136 1032 1341 1063 transsiliens
1370 1034 1404 1063 et
1435 1033 1570 1063 vincens

866 1072 1051 1105 humilitate
1079 1076 1177 1105 etiam
1202 1077 1371 1106 hominum
1402 1078 1571 1108 humilita-

865 1119 943 1148 tem.
969 1121 1043 1151 Erat
1071 1122 1212 1160 denique
1238 1123 1387 1153 subditus
1414 1124 1521 1154 Mariae
1537 1125 1571 1154 et

864 1164 1002 1204 Joseph,
1021 1174 1095 1196 cum
1111 1169 1196 1198 esset
1210 1167 1393 1199 duodennis
1413 1170 1447 1199 in
1471 1171 1570 1200 Naza-

865 1211 937 1240 reth
947 1219 955 1240 :
967 1213 1093 1250 etapud
1101 1214 1273 1244 Jordanem
1285 1215 1438 1245 Johannis
1449 1224 1483 1246 se
1498 1224 1569 1246 ma-

864 1258 959 1290 nibus
986 1261 1052 1298 jain
1075 1261 1208 1299 juvenis
1233 1263 1417 1294 inclinavit.
1441 1264 1503 1294 Sed
1533 1266 1568 1294 et

864 1303 1017 1336 inclinata
1033 1308 1082 1337 est
1096 1307 1164 1338 dies
1173 1330 1181 1346 ,
1193 1317 1254 1339 nec
1267 1309 1373 1339 adhuc
1384 1310 1515 1340 omnino
1527 1310 1567 1340 dc

864 1349 914 1380 his
929 1352 1093 1383 montibus
1108 1353 1305 1384 descendere
1319 1355 1414 1385 libet.

902 1396 932 1426 9.
954 1398 1111 1428 Caeterum
1132 1400 1159 1430 si
1181 1400 1241 1430 hac
1262 1400 1336 1430 vice
1363 1400 1565 1430 voluerimus

863 1442 978 1472 cuncta
994 1443 1129 1481 horum,
1146 1446 1244 1483 prout
1269 1445 1411 1476 delectat
1423 1467 1433 1482 ,
1451 1445 1565 1484 explo-

861 1496 932 1518 rare
955 1497 1100 1527 amoena,
1127 1491 1236 1521 abdita
1265 1492 1483 1529 perscrutari;
1506 1500 1566 1521 ve-

859 1534 995 1565 rendum
1017 1543 1057 1565 ne
1079 1537 1136 1566 aut
1164 1545 1269 1567 sermo
1291 1537 1382 1575 grata
1400 1537 1564 1567 brevitate

859 1580 979 1618 careat,
992 1580 1047 1610 aut
1063 1581 1150 1620 larga
1162 1583 1394 1620 excellensque
1410 1582 1564 1612 materies

859 1625 968 1656 debita
981 1627 1150 1664 diligentia
1160 1628 1368 1658 festinatione
1380 1628 1561 1658 fraudetur.

858 1671 1032 1701 pausemus
1047 1673 1183 1710 proinde
1197 1674 1294 1704 hodie
1308 1673 1386 1711 jam,
1402 1674 1428 1703 si
1441 1674 1562 1711 placet,

857 1715 892 1745 iu
904 1717 1071 1747 montibus
1085 1717 1156 1748 istis
1172 1727 1181 1747 τ
1201 1719 1355 1757 quoniam
1374 1718 1496 1748 bonum
1515 1721 1565 1748 est

857 1770 914 1792 nos
930 1762 983 1792 1110
995 1771 1064 1793 esse
1075 1785 1084 1800 ,
1097 1764 1154 1793 ubi
1176 1772 1193 1794 a
1208 1764 1336 1802 pastore
1357 1764 1482 1794 Christo
1497 1772 1562 1793 una

857 1815 930 1838 cum
946 1808 1065 1838 sanctis
1082 1809 1212 1848 Angelis
1228 1811 1261 1840 in
1270 1811 1341 1840 loco
1356 1818 1483 1847 pascuae
1496 1811 1561 1840 col-

856 1852 969 1892 locati,
987 1855 1020 1884 et
1033 1855 1207 1892 jucundius
1229 1856 1403 1894 pascimur,
1428 1856 1461 1886 et
1477 1856 1560 1886 ube-

855 1898 932 1928 rius.
951 1900 988 1930 Et
1001 1908 1058 1930 nos
1072 1900 1233 1938 siquidem
1248 1909 1324 1931 oves
1334 1909 1460 1939 pascuae
1476 1901 1558 1938 ejus.

856 1944 1067 1975 Ruminemus
1083 1954 1169 1984 ergo,
1180 1947 1343 1985 tamquam
1355 1946 1474 1975 munda
1490 1946 1562 1976 ani-

855 1991 951 2021 malia
972 1992 1047 2022 boni
1074 1993 1230 2031 Pastoris,
1246 2001 1319 2031 quae
1342 1993 1381 2022 de
1403 1992 1560 2022 hodierno

854 2045 1001 2068 sermone
1018 2039 1084 2069 tota
1102 2039 1258 2070 aviditate
1273 2039 1477 2078 glutivimus,
1490 2047 1560 2069 ser-

854 2091 949 2114 mone
970 2084 1071 2115 altero
1093 2086 1222 2116 residua
1251 2085 1385 2123 capituli
1411 2085 1558 2122 ejusdem

854 2129 1008 2159 attentius
1029 2131 1236 2168 percepturi,
1252 2130 1411 2168 largiente
1439 2137 1556 2167 sponso

853 2174 1003 2205 Ecclesiae
1024 2176 1101 2205 Jesu
1118 2176 1243 2206 Christo
1267 2175 1403 2205 Domino
1429 2175 1559 2212 nostro,

853 2220 909 2258 qui
921 2220 970 2250 est
982 2229 1080 2259 super
1094 2222 1206 2252 omnia
1214 2223 1301 2251 Deus
1316 2221 1509 2251 benedictus
1524 2221 1558 2250 in

852 2267 980 2305 saecula,
996 2273 1131 2298 amenae*

1055 2352 1226 2406 sumno
1257 2374 1361 2406 LIV.

853 2442 981 2475 Qualiter
993 2443 1101 2467 iterum
1113 2450 1163 2474 per
1177 2446 1270 2467 montes
1287 2443 1483 2473 significantur
1498 2441 1555 2464 An-

881 2479 936 2508 geli
948 2481 973 2502 et
985 2479 1128 2508 homines,
1140 2481 1165 2503 el
1180 2486 1228 2509 per
1239 2480 1311 2503 colles
1323 2478 1470 2501 daemones.
1483 2476 1553 2499 Ileni

882 2514 915 2537 de
939 2515 1043 2544 triplici
1068 2515 1203 2544 Timore,
1228 2521 1284 2544 quo
1311 2514 1428 2543 quisquc
1454 2511 1553 2533 timere

882 2548 977 2579 debet,
988 2557 1024 2573 ne
1034 2551 1155 2580 gratiam
1170 2551 1241 2574 bene
1255 2547 1389 2579 operandi
1404 2554 1418 2569 a
1436 2546 1492 2569 Deo
1511 2553 1548 2568 ai·-

881 2587 991 2615 ceptam
1005 2586 1113 2615 perdat.

892 2638 921 2668 1.
943 2638 1057 2668 SUPER
1071 2639 1185 2668 eodem
1204 2635 1344 2675 capitulo
1356 2656 1365 2672 ,
1377 2633 1460 2672 quod
1477 2634 1549 2663 hes-

851 2683 946 2714 terno
965 2692 1112 2714 sermone
1136 2684 1297 2714 versatum
1319 2682 1386 2750 esst,
1408 2679 1551 2709 dicturus
