1830 3073
584 190 640 219 DE
661 185 874 218 DIVERSIS
899 186 1050 216 SERMO
1071 189 1134 216 111.
1562 195 1580 223 7

149 248 302 287 equidem
323 247 415 278 cibus
435 245 485 277 est
503 244 702 275 hordeaceus
723 242 816 282 panis
838 249 846 269 :

149 295 206 324 scd
222 294 342 324 offenso
356 299 431 330 rege
442 313 454 330 ,
477 291 592 329 pulsus
610 289 732 329 palatio
753 287 849 318 miles

148 339 328 378 quamlibet
361 337 542 374 delicatus,
571 335 613 365 ad
638 342 742 365 unum
765 331 848 362 forte

148 394 247 423 quem
263 385 367 414 solum
383 382 483 412 habet
500 382 666 413 servulum
683 378 849 409 divertere

149 438 230 468 opus
249 428 386 459 habebit
409 436 418 458 ι
442 427 490 458 ibi
512 427 623 457 fovere
638 425 801 461 latebras,
817 422 850 453 et

150 475 280 506 insolita
295 481 410 513 capere
426 473 562 511 prandia
576 469 752 510 apud'eum
769 477 777 498 :
797 476 851 498 re-

149 521 237 558 gales
249 520 383 549 delicias
395 519 540 557 pultibus
551 515 734 552 rusticaniS,
748 522 784 544 ac
795 522 851 544 no·

149 566 232 595 biles
240 566 358 596 stratus
367 563 570 602 sterquilinio
580 561 706 592 mutare
714 559 850 597 servuli,

146 611 242 648 juxta
258 610 340 640 illud
362 608 561 648 propheticae
582 605 849 637 lamentationis:

150 658 210 695 Qui
228 655 446 686 nutriebantur
470 655 504 683 in
526 654 657 689 croceis,
681 651 853 689 amplexati

148 703 220 732 sunt
233 704 380 732 stercora.
398 699 510 737 Ibique
529 698 591 728 hoc
612 697 755 727 maxime
776 696 852 725 Pro—

151 746 250 783 pheta
264 744 429 782 deplorat,
447 743 564 773 oblitas
578 742 717 781 propriae
739 740 851 771 condi-

149 790 248 819 tionis
266 790 422 827 ingenuas
436 788 600 818 creaturas
614 787 737 817 tantam
756 785 851 816 dissi-

151 836 273 865 mulare
286 835 451 865 miseriam
465 843 472 863 :
485 841 545 864 nec
562 833 657 863 modo
671 839 737 862 non
753 840 851 870 repu-

150 881 220 910 tare
241 880 327 918 quod
341 880 499 917 tolerant,
515 878 572 909 sed
587 879 750 916 tamquam
765 877 848 907 bona

151 933 264 963 magna
293 924 484 962 complecti,
512 932 585 962 quae
613 923 711 961 paulo
742 922 851 951 minus

152 972 297 1000 extrema
313 972 386 1000 sunt
398 970 492 1000 mala.
504 969 677 1008 Propterea
691 967 849 1006 siquidem

152 1017 185 1045 ct
199 1016 238 1046 de
254 1016 360 1054 seipso
376 1016 421 1046 ait
436 1024 444 1044 ι
459 1017 525 1054 qu
540 1017 589 1045 vir
603 1016 706 1045 videns
718 1022 852 1052 pauper-

154 1062 247 1090 tatem
268 1069 368 1090 meam
389 1062 422 1090 in
436 1062 524 1098 virga
542 1059 760 1097 indignationis
773 1059 849 1095 ejus.

193 1105 224 1134 8.
241 1106 412 1134 Gemamus
425 1113 484 1134 nos
498 1104 557 1134 sub
568 1104 629 1132 hoc
642 1110 759 1140 onere,
774 1103 852 1132 Fra-

154 1150 238 1186 tres,
258 1150 290 1178 et
313 1150 491 1187 praesentes
505 1149 711 1186 deploremus
734 1155 852 1176 111111111-

153 1202 220 1223 nas.
253 1195 454 1231 Frequenter
481 1193 616 1230 quisque
644 1194 791 1222 nostrum
816 1193 850 1222 in

152 1246 264 1267 vocem
291 1238 353 1276 piae
372 1236 586 1275 querimoniae
621 1236 793 1274 erumpat,
817 1237 851 1266 et

153 1284 270 1313 clamet
285 1292 293 1313 ε
311 1283 426 1321 Infelix
441 1291 493 1321 eqo
509 1282 618 1319 homo,
634 1283 701 1320 quis
719 1290 766 1311 mc
778 1281 852 1311 libe-

152 1328 234 1358 rabit
255 1330 290 1358 de
311 1337 437 1366 corpore
461 1328 568 1357 mortis
583 1326 698 1363 hujus?
714 1326 851 1356 Studea-

152 1382 224 1404 mus
238 1374 335 1404 etiam
361 1372 461 1402 furari
481 1372 654 1411 aliquando
673 1371 852 1409 nosmetip-

152 1428 203 1449 sos
215 1442 224 1457 ‚
241 1421 273 1449 et
292 1428 310 1449 a
325 1419 473 1458 pessimis
494 1417 762 1457 occupationibus
781 1416 852 1447 istis

153 1466 314 1503 surripere
330 1466 384 1495 vel
405 1465 446 1494 ad
464 1465 576 1494 horam
599 1472 607 1492 z
623 1463 762 1501 jaculari
783 1463 853 1493 ani-

152 1519 237 1548 mos,
254 1511 383 1540 vibrare
408 1509 504 1541 corda
518 1509 554 1539 in
582 1509 614 1539 id
642 1509 730 1547 quod
756 1517 850 1539 suum

153 1558 220 1593 est,
237 1557 269 1586 et
284 1556 370 1594 quod
393 1557 514 1594 quanto
536 1555 736 1592 naturalius,
761 1555 851 1585 tanto

153 1603 285 1632 suavius
298 1603 357 1632 est.
370 1603 437 1632 Hoc
447 1602 535 1631 enim
548 1602 597 1632 est
610 1601 696 1640 quod
706 1600 828 1631 dicitur
841 1609 848 1630 :

156 1649 282 1685 Vacate,
295 1650 322 1678 et
333 1650 439 1685 ridete,
453 1648 601 1686 quoniam
612 1656 665 1686 eqo
676 1655 744 1677 sum
755 1648 849 1678 Deus.

150 1693 260 1731 Neque
289 1693 375 1723 enim
399 1695 446 1722 est
468 1693 636 1722 oculorum
661 1692 745 1723 visio
771 1692 850 1731 ista,

152 1739 208 1768 sed
240 1739 386 1768 cordium
399 1760 408 1775 ,
438 1745 513 1767 cum
539 1737 697 1767 Dominus
723 1736 812 1766 dicat
841 1746 849 1766 :

153 1783 240 1811 Beati
257 1784 368 1811 mundo
388 1783 493 1817 corde,
521 1783 666 1819 quoniam
681 1783 739 1820 ipsi
751 1783 851 1811 Deum

152 1826 305 1855 videbunt.
325 1827 492 1863 Proprium
506 1826 566 1856 hoc
582 1826 688 1856 cordis
709 1826 850 1865 bonum;

154 1880 214 1900 nec
231 1872 340 1900 servili
357 1872 395 1900 ad
411 1872 471 1901 hoc
485 1871 608 1909 indiget
623 1872 850 1902 instrumento.

151 1916 302 1953 Proprius
319 1917 405 1945 enim
422 1915 539 1945 animae
555 1916 648 1945 cibus
657 1916 717 1953 est,
733 1916 773 1946 de
788 1925 851 1954 quo

152 1961 330 1998 Propheta:
342 1962 445 1997 Ανιιίἱ,
456 1960 574 1999 inquit,
585 1969 636 1991 cor
648 1970 762 1998 meum,
778 1963 851 2000 quia

150 2007 260 2037 oblitus
273 2016 341 2037 snm
356 2008 507 2036 comedere
520 2016 631 2045 panem
641 2016 752 2037 wicum.
768 2007 850 2037 Sane

151 2053 234 2090 quod
250 2052 387 2082 dicimus
398 2074 407 2089 ,
422 2052 519 2082 Dictu
535 2052 661 2082 facilius
675 2052 760 2082 nihil
782 2053 849 2091 est3

152 2098 183 2126 in
197 2098 435 2136 comparatione
448 2097 585 2128 dicimus
598 2106 730 2136 operum
745 2098 849 2136 :quod

151 2143 245 2181 longe
263 2144 304 2174 sit
323 2144 499 2174 volubilior
513 2144 622 2182 lingua
633 2165 642 2181 ,
658 2152 754 2182 quam
770 2145 851 2175 dex-

152 2189 221 2218 tera
237 2198 245 2218 :
266 2190 299 2219 et
322 2189 429 2219 levius
445 2189 512 2220 haec
528 2189 567 2219 ad
583 2189 738 2227 verbum,
752 2198 849 2228 quam

150 2233 191 2263 ad
217 2235 324 2264 actum
350 2235 406 2265 illa
434 2236 613 2265 moveatur.
639 2235 788 2274 Alioquin
816 2237 851 2267 et

152 2279 261 2317 dictu,
287 2281 322 2310 et
347 2281 423 2310 actu
448 2280 605 2319 cogitatus
630 2280 756 2311 facilior
781 2282 848 2319 est,

149 2325 234 2361 quod
247 2325 279 2354 in
295 2333 331 2354 eo
347 2326 478 2363 quidem
491 2333 548 2355 suo
563 2325 664 2363 ipsius
675 2325 851 2364 0161011110-

151 2370 204 2397 tur
218 2370 323 2400 anima
335 2392 344 2408 ,
360 2371 426 2400 suis
438 2370 548 2400 videat
561 2371 680 2408 oculis,
696 2370 763 2401 suis
781 2379 851 2401 ma-

152 2414 246 2443 nibus
267 2416 430 2452 operetur.
446 2415 598 2453 Quamvis
614 2416 648 2446 et
670 2416 724 2445 hic
748 2415 851 2447 inter—

150 2459 227 2488 dum
239 2460 383 2490 laborare
399 2468 469 2490 eam
483 2468 615 2491 necesse
637 2461 686 2491 est
701 2461 797 2492 etiam
814 2463 849 2493 in

151 2505 274 2541 gemitu
289 2513 346 2535 suo
357 2528 366 2543 ‚
385 2507 419 2535 et
434 2506 519 2536 intra
534 2506 702 2544 proprium
722 2515 848 2546 quoquo

151 2550 259 2579 cubile
271 2550 457 2589 compungi.
473 2550 639 2589 Siquidem
650 2559 754 2590 usque
770 2553 849 2582 adeo

154 2595 221 2625 wita
237 2598 343 2626 nostra
358 2595 484 2627 inferno
500 2597 783 2636 appropinquavit,
794 2599 849 2636 qui

883 241 983 271 solius
997 241 1113 280 utique
1137 241 1296 280 passionis
1318 246 1365 276 est
1379 247 1468 278 locus
1478 271 1487 287 ,
1499 250 1535 280 ut
1549 250 1583 280 et

882 287 1044 316 actionem
1058 287 1176 325 passio,
1188 287 1287 318 immo
1299 289 1331 319 et
1342 290 1443 328 ipsam
1454 302 1582 333 quoque

883 332 1112 370 cogitationem
1130 332 1215 363 actio
1231 333 1265 363 et
1278 335 1384 371 passio
1397 339 1519 374 pariter
1533 348 1584 370 oc—

883 379 1045 416 cuparint.
1075 379 1186 409 Nonne
1208 378 1298 408 enim
1323 379 1418 411 nobis
1445 385 1583 420 quodam

883 424 976 454 modo
990 424 1130 462 passivae
1140 424 1216 454 sunt
1231 423 1386 462 actiones,
1402 426 1436 455 et
1450 427 1484 456 in
1499 430 1584 467 cogi-

884 469 1063 500 tationibus
1083 470 1182 500 etiam
1205 469 1297 499 dolor
1316 470 1350 499 et
1377 470 1492 501 labor?
1510 474 1583 505 Heu

885 515 986 545 vitula
998 515 1151 553 Ephraim
1163 514 1256 545 docta
1271 515 1408 553 diligere
1419 515 1583 555 trituram,

884 561 1010 591 assueta
1035 561 1113 599 jugo
1125 582 1135 598 ,
1161 560 1272 599 ignara
1297 560 1434 599 quietis!
1459 562 1586 599 quando

885 606 1014 636 veniam
1036 607 1070 636 et
1094 606 1256 644 apparebo
1276 606 1352 636 ante
1376 605 1492 636 faciem
1508 607 1587 636 Dei?

884 652 1016 688 Quando
1033 651 1204 682 cessabunt
1223 651 1292 681 haec
1314 651 1440 689 omnia,
1465 652 1499 682 et
1519 651 1585 689 jam

885 705 949 726 non
965 697 1027 728 erit
1047 697 1186 735 amplius
1209 704 1316 735 neque
1337 696 1464 735 luctus,
1478 705 1586 735 neque

885 743 1016 781 clamor,
1027 742 1085 773 sed
1094 751 1155 772 nec
1166 742 1253 772 ullus
1262 742 1364 780 dolor,
1374 750 1482 781 neque
1497 743 1588 773 labor

885 788 989 819 ullus?
1003 788 1137 826 Quando
1149 787 1327 818 inebriabit
1337 788 1477 817 animam
1490 788 1588 818 uber-

885 834 932 864 tas
944 834 1056 864 domus
1064 833 1137 872 Dei,
1149 834 1183 864 et
1194 834 1318 863 torrens
1329 833 1385 864 ille
1395 833 1588 864 indeficiens

888 880 1064 918 voluptatis
1083 878 1223 909 divinae?
1243 879 1378 916 Quando
1398 879 1501 910 totam
1520 879 1586 909 sibi

887 933 958 955 eam
973 925 1174 956 serenissimi
1197 924 1431 963 contemplatio
1452 925 1589 955 luminis

886 971 1090 1001 vindicabit?
1110 970 1218 1001 Filioli
1232 992 1241 1008 ,
1263 971 1527 1009 concupiscamus
1553 971 1588 1000 iu

887 1017 969 1046 atria
977 1016 1108 1046 Domini
1126 1025 1135 1045 z
1152 1016 1265 1046 crebro
1280 1017 1479 1054 suspiremus
1494 1017 1586 1047 illuc.

885 1062 993 1091 Patria
1003 1063 1110 1091 nostra
1123 1061 1191 1099 ipsa
1204 1062 1265 1098 est,
1278 1061 1448 1092 odoremus
1458 1062 1586 1099 saltem,

886 1114 904 1135 a
915 1106 1009 1144 longe
1024 1106 1201 1136 salutemus
1213 1114 1297 1144 eam,
1313 1114 1421 1137 amen.

1096 1216 1267 1248 SERMO
1293 1215 1371 1248 111.

885 1285 923 1309 De
942 1284 1040 1309 Cantica
1058 1284 1176 1308 Ezechioe
1188 1285 1268 1314 τεαῖς,
1282 1282 1339 1314 Ego
1352 1283 1410 1307 dixi
1421 1283 1452 1307 in
1469 1282 1586 1307 dimidio

1061 1319 1177 1343 dierum
1190 1325 1324 1343 meorum
1335 1335 1342 1347 ,
1355 1320 1407 1343 etc.

927 1373 957 1402 1.
974 1375 1053 1403 Vim
1072 1373 1267 1410 sanguinum
1282 1373 1316 1402 et
1338 1372 1442 1402 dolosi
1455 1379 1520 1401 non
1537 1371 1587 1401 di-

887 1417 1071 1448 midiabunt
1086 1418 1156 1448 dies
1176 1425 1266 1454 suos,
1288 1417 1537 1457 perseverantes
1551 1416 1586 1446 in

887 1473 944 1495 sua
956 1464 1121 1495 vetustate
1135 1472 1237 1502 usque
1247 1462 1289 1493 ad
1302 1463 1459 1500 mortem3
1476 1462 1510 1492 et
1525 1463 1587 1492 1106

886 1511 961 1549 quia
977 1517 1042 1540 non
1058 1509 1178 1540 timent
1194 1508 1510 1539 Dominum.Verum
1531 1508 1587 1546 qui

886 1557 1002 1586 timore
1023 1555 1084 1585 Dei
1108 1554 1258 1585 initiatur
1271 1553 1314 1584 ad
1333 1553 1544 1592 sapientiam,
1560 1553 1588 1582 is

887 1601 1039 1631 continuo
1050 1600 1203 1630 dimidiat
1218 1599 1289 1630 dies
1302 1607 1390 1637 suos,
1401 1599 1589 1629 exclamans

886 1655 952 1687 prae
971 1646 1088 1677 timore
1110 1654 1119 1675 τ
1143 1646 1267 1677 Vadam
1287 1646 1329 1676 ad
1348 1646 1457 1684 portas
1481 1644 1584 1682 inferi.

886 1693 983 1730 Cujus
998 1691 1223 1731 utiqueinferi
1243 1691 1334 1721 metu
1355 1698 1428 1721 cum
1450 1690 1587 1728 coeperit

886 1739 1054 1778 quiescere
1069 1745 1088 1767 a
1102 1737 1208 1774 malis,
1221 1736 1339 1774 incipit
1349 1735 1388 1766 de
1400 1735 1493 1766 bonis
1501 1743 1584 1773 quaev

886 1792 960 1813 rere
972 1782 1237 1819 consolationem,
1252 1781 1331 1819 quia
1342 1787 1476 1810 necesse
1488 1780 1538 1809 est
1551 1780 1585 1809 in

887 1827 1043 1858 alterutro
1055 1826 1227 1856 consolari.
1239 1825 1293 1855 Est
1304 1825 1412 1855 autem
1423 1825 1587 1854 bonacon-

887 1872 1001 1903 solatio
1016 1871 1056 1901 de
1073 1879 1129 1909 spe
1142 1871 1255 1901 salutis
1267 1871 1409 1906 aeternae,
1426 1870 1461 1899 in
1475 1877 1585 1908 quam,

887 1917 1022 1948 sublatis
1039 1917 1183 1954 pcccatis
1198 1925 1270 1954 quae
1291 1914 1485 1953 separabant
1499 1915 1587 1945 inter

888 1964 991 2001 ipsum
1008 1963 1041 1992 et
1054 1962 1159 1991 Deum
1170 1982 1179 1998 ,
1195 1969 1254 1999 1161
1271 1960 1333 1990 1)61
1348 1960 1483 1997 gratiam
1499 1960 1586 1991 revi-

888 2007 1000 2045 viscit,
1017 2006 1050 2036 et
1064 2005 1243 2035 hilarescit.
1260 2005 1295 2034 In
1310 2012 1373 2042 quo
1388 2012 1463 2034 cum
1477 2012 1585 2042 coepe-

887 2053 929 2083 rit
940 2051 1109 2091 proficere,
1125 2051 1202 2090 quia
1216 2051 1276 2080 hoc
1293 2051 1342 2080 est
1353 2049 1408 2089 pie
1423 2049 1536 2080 vivere
1551 2050 1585 2081 in

885 2097 1027 2135 Christo,
1052 2105 1184 2127 necesse
1207 2097 1273 2135 est,
1295 2096 1379 2126 teste
1398 2094 1585 2133 Scriptura.

885 2142 1143 2183 persecutionem
1157 2142 1299 2180 patiatur
1315 2150 1323 2170 τ
1340 2141 1585 2178 utrecensgau-

885 2190 974 2220 dium
988 2188 1135 2219 vertatur
1150 2189 1184 2217 in
1195 2195 1366 2217 moerorem
1377 2209 1386 2225 ,
1401 2187 1434 2217 et
1449 2186 1585 2216 dulcedo

885 2236 961 2266 boni
976 2235 1035 2265 vix
1055 2234 1190 2265 summis
1207 2232 1257 2273 (ut
1279 2233 1326 2263 ita
1347 2231 1467 2272 dicam)
1491 2231 1585 2262 labiis

886 2281 1003 2312 attacta
1014 2302 1023 2318 ,
1039 2280 1073 2309 in
1088 2278 1341 2310 amaritudinem
1356 2277 1584 2315 commutetur,

886 2327 931 2357 ita
951 2327 988 2357 ut
1007 2325 1111 2356 libeat
1132 2325 1241 2355 dicere
1259 2333 1267 2354 τ
1283 2325 1380 2356 Versa
1396 2325 1440 2355 est
1463 2323 1585 2354 cithara

885 2381 954 2403 ntea
968 2374 1000 2402 in
1015 2372 1148 2408 luctum,
1163 2372 1191 2401 ct
1205 2371 1340 2401 cantatio
1354 2378 1424 2400 mea
1437 2370 1470 2399 in
1477 2369 1584 2407 plora-

886 2419 1010 2448 nonem.
1034 2417 1143 2446 Plorat
1169 2424 1244 2454 ergo
1270 2415 1412 2445 amarius
1435 2414 1583 2444 amissam

885 2462 1113 2500 dulcedinem,
1134 2469 1232 2500 quam
1255 2461 1347 2500 prius
1367 2459 1502 2490 fleverat
1527 2457 1583 2487 ad-

885 2509 1016 2538 missam
1039 2508 1245 2547 peccatorum
1261 2505 1509 2537 amaritudinem
1526 2512 1533 2531 :
1550 2506 1583 2531 et

886 2554 945 2583 hoc
959 2553 1083 2584 tamdiu
1105 2553 1199 2591 facit,
1214 2552 1315 2582 donec
1328 2552 1395 2580 Deo
1410 2548 1583 2579 miserante

887 2599 1058 2629 consolatio
1079 2598 1174 2628 redit.
1192 2598 1259 2635 Qua
1280 2596 1384 2626 denuo
1405 2593 1581 2627 redeunte.
