1846 3078
307 240 370 272 :396

425 355 440 366 .
468 310 638 345 SERMO
661 310 838 345 Lxxlv.

308 385 350 410 De
359 385 561 411 visitationibus
571 386 659 411 Verbi
675 385 785 416 sponsi,
797 390 883 414 quam
897 383 1007 407 occulte

339 421 408 446 fiant
417 422 452 445 ad
461 423 585 446 animam
597 424 717 445 sanctam
728 437 736 449 ,
747 420 834 449 idque
846 419 1006 442 Bernardus

337 458 465 489 suiipsius
476 459 601 488 exemplo
612 457 646 480 ad
659 456 874 479 aedificationem
885 461 1006 479 suorum

337 493 452 519 demisse
464 501 495 518 ac
507 492 665 517 verecunde
677 491 809 515 declarat.

348 559 378 589 1.
388 559 557 593 Revertere,
565 555 684 594 inquit.
693 554 812 593 Liquet
820 561 885 584 non
894 554 1005 585 adesse

305 613 405 644 quem
424 603 573 638 revocat3
598 601 729 631 affuisse
754 602 883 638 tamen,
909 600 1005 638 idque

306 658 371 681 non
385 650 478 686 longe
493 649 569 677 ante
583 647 725 685 :quippe
738 646 793 685 qui
809 646 886 676 dum
900 645 1005 675 adhuc

307 696 429 732 abiret,
445 693 591 724 revocari
610 693 753 723 videtur.
770 692 1005 730 Intempestiva

306 740 470 771 revocatio
479 761 488 777 ,
500 739 608 776 magni
622 739 720 769 unius
734 738 851 767 amoris
862 759 871 775 ,
883 746 1006 776 magnae

306 785 440 815 alterius
455 784 666 814 amabilitatis
681 783 841 813 indicium
858 784 918 813 est.
943 783 1005 820 Qui

305 830 381 860 sunt
396 830 450 860 isti
465 831 610 860 caritatis
621 830 781 865 cultores,
794 829 1005 866 amatoriique

305 877 373 906 tam
397 875 553 906 indefessi
569 876 744 905 sectatores
768 875 911 913 negotii,
926 883 1007 912 quo-

305 929 378 951 rum
388 922 526 952 alterum
538 920 756 959 prosequitur,
769 921 902 949 alteram
914 920 1006 957 urget

304 968 372 997 tam
387 967 553 1006 inquietus
573 965 684 997 amor?
698 967 736 995 Et
750 965 832 995 mihi
854 965 1005 1003 quidem,

305 1014 343 1044 ut
357 1013 493 1043 memini
518 1021 598 1043 meae
619 1011 858 1051 promissionis,
881 1011 1008 1040 incum-

306 1058 357 1088 bit
371 1059 534 1097 assignare
548 1059 634 1088 bunc
648 1059 756 1088 locum
770 1057 876 1087 Verbo
893 1057 926 1087 et
941 1057 1007 1086 ani-

305 1113 384 1134 mae:
398 1105 455 1135 sed
470 1104 510 1134 ad
524 1105 583 1134 hoc
597 1105 632 1133 ut
643 1104 740 1142 digne
753 1103 805 1133 vel
818 1102 1008 1141 aliquantis-

306 1159 365 1189 per
374 1151 439 1188 fiat,
452 1150 553 1189 ipsius
568 1150 728 1187 adjutorio
736 1149 835 1179 Verbi
846 1157 940 1187 egere
955 1157 1006 1178 me

307 1196 424 1227 fateor.
435 1198 473 1227 Et
483 1196 570 1227 certe
588 1204 692 1226 sermo
703 1196 764 1225 iste
777 1195 932 1224 decuerat
942 1202 1009 1223 ma·

306 1242 356 1280 gis
365 1244 550 1281 expertum,
559 1243 724 1280 magisque
733 1241 896 1271 conscium
907 1242 1006 1270 sancti

308 1289 341 1318 et
355 1289 462 1318 arcani
476 1288 594 1318 amoris
604 1297 612 1317 :
622 1288 751 1318 sednon
764 1295 892 1325 possum
902 1287 1008 1316 officio

308 1334 421 1364 deesse
440 1343 530 1372 meo,
547 1342 611 1364 non
627 1333 744 1363 vestris
763 1333 892 1362 omnino
910 1332 1006 1362 votis.

307 1380 492 1410 Periculum
508 1388 617 1409 meum
631 1379 742 1416 video,
755 1379 789 1408 et
805 1386 867 1407 non
887 1385 1006 1413 caveo3

309 1433 366 1454 vos
382 1433 433 1454 me
447 1425 711 1462 cogitis.Pr0rsus
720 1423 831 1460 cogitis
843 1423 1007 1452 ambulare

308 1470 344 1499 in
359 1470 483 1508 magnis
499 1471 532 1500 et
557 1470 592 1498 in
606 1469 812 1499 mirabilibus
828 1476 926 1506 super
942 1476 1006 1496 me.

308 1516 403 1546 Heu!
417 1524 514 1554 quam
526 1523 640 1545 vereor
654 1522 695 1543 ne
707 1513 846 1543 subinde
861 1513 1007 1542 audiam:

309 1562 415 1598 Quare
436 1562 474 1591 tu
489 1569 619 1591 enarras
633 1560 766 1590 delicias
782 1567 886 1596 meaS,
904 1559 936 1588 et
963 1567 1011 1588 as-

309 1607 410 1637 sumis
423 1606 660 1636 sacramentum
672 1613 781 1634 meum
791 1612 849 1642 per
857 1612 891 1633 os
899 1603 1011 1633 tuum?

309 1652 426 1682 Audite
451 1660 504 1682 me
530 1652 641 1680 tamen
660 1650 827 1680 hominem
850 1649 904 1686 qui
923 1649 1008 1686 loqui

309 1697 470 1736 trepidat,
487 1697 520 1727 et
534 1698 643 1726 tacere
659 1704 722 1725 non
738 1694 855 1733 potest.
874 1695 1012 1724 Excusa-

311 1744 359 1774 bit
375 1743 508 1774 forsitan
525 1751 635 1773 ausum
649 1741 823 1779 trepidatio
836 1741 904 1779 ipsa
919 1749 1009 1778 mea,

311 1789 414 1827 magis
447 1790 557 1819 autem
589 1788 716 1825 vestra,
741 1786 769 1816 si
803 1787 1010 1824 provenerit,

311 1835 493 1866 aediticatio.
510 1836 548 1864 Et
563 1833 646 1863 forte
663 1833 712 1862 hae
728 1833 876 1870 lacrymae
892 1832 1012 1870 pariter

312 1881 523 1912 videbuntur.
539 1881 715 1915 Revertere,
732 1879 791 1909 ait.
816 1879 914 1907 Bene.
936 1878 1013 1907 Abi-

311 1927 367 1958 hat
376 1949 385 1965 ,
397 1928 579 1957 revocatur.
592 1926 669 1963 Quis
684 1925 766 1955 mihi
781 1925 905 1954 reseret
917 1924 1012 1960 hujus

313 1973 545 2004 mutabilitatis
560 1970 821 2002 sacramentum?
836 1971 914 2008 Quis
930 1970 1011 1999 mihi

309 2019 410 2058 digne
437 2019 582 2057 explicet
606 2018 653 2047 ire
666 2039 676 2055 ,
699 2019 732 2047 et
756 2017 863 2046 redire
889 2016 1013 2046 Verbi?

312 2064 615 2103 Numquidlevitate
624 2064 727 2093 utitur
739 2062 1012 2101 Sponsuswnde,

313 2119 376 2148 quo
398 2111 512 2141 venire
536 2118 595 2140 seu
622 2109 729 2139 denuo
747 2108 794 2137 ire
821 2109 936 2146 queat,
958 2107 1012 2145 qui

314 2157 418 2186 totum
441 2155 578 2194 implet?
594 2156 697 2192 Quem
725 2154 865 2191 denique
890 2155 1013 2183 motum

314 2201 435 2231 habere
450 2203 586 2231 localem
605 2201 704 2240 possit
719 2201 776 2239 qui
795 2200 926 2237 spiritus
943 2201 1014 2230 est?

314 2248 377 2277 Aut
396 2256 493 2285 quem
517 2249 679 2285 postremo
703 2247 757 2275 vel
780 2246 1012 2284 cujuscumque

313 2293 443 2332 generis
468 2295 588 2322 motum
605 2293 660 2322 das
681 2291 731 2321 illi
756 2292 812 2329 qui
839 2292 926 2321 Deus
942 2291 1015 2321 est?

313 2340 369 2370 Est
382 2338 501 2378 quippe
523 2340 651 2367 omnino
667 2337 952 2367 incommutabilis.

354 2385 386 2415 2.
408 2384 526 2413 Verum
542 2384 610 2413 lxaee
625 2385 678 2421 qui
692 2386 797 2422 potest
817 2391 946 2421 capere,
963 2391 1015 2413 ca—

316 2431 396 2470 piat.
424 2431 487 2460 Nos
511 2432 620 2459 autem
645 2430 678 2458 in
706 2429 907 2467 expositione
932 2430 1013 2459 sacri

316 2476 511 2516 mysticique
527 2474 649 2512 eloquii
665 2476 757 2503 caule
774 2475 807 2504 et
824 2475 1014 2512 simpliciter

316 2522 531 2558 ambulantes,
541 2528 686 2558 geramus
696 2528 817 2549 morem
827 2521 1013 2559 Scripturae,

317 2576 389 2607 quae
412 2566 529 2597 nostris
549 2565 658 2595 verbis
672 2565 863 2601 sapientiam
881 2566 915 2595 in
930 2574 1016 2603 mys—

317 2613 401 2644 terio
419 2610 638 2641 absconditam
654 2609 818 2648 loquitur,
835 2611 951 2640 nostris
968 2611 1014 2639 af-

320 2657 459 2688 fectibus
477 2658 598 2695 Deum,
615 2655 691 2686 dum
707 2655 839 2695 figurat,
856 2654 1014 2692 insinuat;

768 242 797 271 S.
827 240 942 271 BERN
953 239 1010 269 An
1025 238 1074 268 m
1101 239 1293 270 ABBATls

1041 292 1126 322 notis
1150 300 1260 323 rerum
1285 292 1486 324 sensibilium
1511 291 1737 324 similitudini-

1041 337 1120 375 bus,
1143 338 1305 376 tamquam
1321 339 1509 377 quibusdam
1524 339 1648 368 vilioris
1668 347 1739 367 ma-

1041 383 1132 412 teriae
1158 383 1305 420 poculis,
1332 392 1369 413 ea
1395 393 1466 422 quae
1481 383 1624 422 pretiosa
1644 383 1738 421 suut,

1041 426 1149 464 ignota
1161 428 1195 457 et
1208 427 1386 457 invisibilia
1401 429 1472 466 Dei,
1486 428 1649 458 mentibus
1664 424 1738 466 pro·

1041 472 1133 510 pinat
1157 473 1319 503 humanis.
1342 474 1520 511 sequamur
1541 473 1677 512 proinde
1704 473 1739 504 et

1041 525 1096 548 nos
1118 519 1238 556 eloquii
1252 518 1329 548 casti
1346 520 1612 549 consuetudinem
1626 541 1635 556 ,
1651 518 1740 547 ‹lica-

1041 571 1175 602 musque
1200 564 1344 594 Verbum
1368 564 1430 593 Dei
1460 564 1563 594 Deum
1588 571 1738 602 sponsum

1040 610 1174 648 animae,
1196 611 1291 648 prout
1319 610 1390 640 vult
1418 609 1452 640 et
1471 610 1586 640 venire
1611 611 1651 640 ad
1669 610 1739 639 ani-

1040 663 1137 693 mam,
1151 656 1317 686 etiterum
1330 655 1496 685 dimittere
1507 663 1577 685 eam
1590 664 1598 684 :
1611 655 1737 685 tantum

1039 702 1076 731 ut
1090 709 1188 731 sensu
1205 702 1338 738 animae,
1353 709 1418 730 non
1438 700 1538 730 Verbi
1553 701 1640 730 motu
1651 722 1660 738 ,
1678 700 1739 729 ista

1039 746 1110 776 fieri
1122 747 1309 776 sentiamus.
1322 746 1422 776 Verbi
1435 754 1542 783 causa,
1555 754 1628 775 cum
1640 743 1742 775 sentit

1039 788 1188 829 gratiam,
1199 792 1567 830 agnoscitpraesentiam:
1579 799 1651 821 cum
1662 798 1739 828 non,

1039 837 1219 867 absentiam
1240 838 1398 877 queritur,
1412 838 1445 867 et
1459 846 1584 867 rursum
1600 845 1741 875 praesen·

1039 883 1118 912 tiam
1140 884 1274 921 quaerit,
1300 883 1412 913 dicens
1439 891 1512 912 eum
1544 883 1704 921 Propheta
1733 890 1744 912 t

1039 929 1213 966 Exquisivit
1236 930 1262 958 te
1284 929 1376 966 facies
1390 938 1479 965 mea,
1504 929 1614 966 faciem
1634 929 1740 964 tuam,

1038 974 1182 1009 Domine,
1195 974 1364 1011 requiram.
1376 973 1495 1009 Quidni
1504 972 1742 1011 requiraoe‘Ne-

1041 1026 1103 1055 que
1137 1018 1243 1056 enim,
1280 1018 1437 1048 subducto
1466 1018 1530 1047 sibi
1558 1018 1626 1046 tarn
1652 1017 1740 1047 dulci

1041 1072 1154 1101 sponso
1165 1085 1174 1101 ,
1192 1063 1321 1094 interim
1342 1063 1467 1101 aliquid
1481 1062 1570 1092 aliud
1584 1071 1648 1092 non
1670 1063 1742 1093 dico

1043 1109 1249 1146 desiderare,
1275 1109 1333 1139 sed
1361 1117 1422 1138 nec
1450 1108 1591 1146 cogitare
1612 1108 1740 1138 libebit.

1042 1155 1153 1185 Restat
1167 1155 1267 1193 igitur
1284 1155 1321 1184 ut
1335 1154 1501 1184 absentem
1523 1153 1666 1183 studiose
1688 1161 1742 1183 re-

1041 1200 1168 1238 quirat,
1185 1200 1319 1230 revocet
1339 1199 1581 1229 abeuntem.lta
1597 1207 1672 1236 ergo
1693 1206 1744 1228 re-

1041 1247 1174 1275 vocatur
1182 1247 1208 1274 V
1211 1246 1339 1283 erbum,
1353 1246 1387 1275 et
1398 1244 1568 1274 revocatur
1582 1243 1744 1273 desiderio

1042 1291 1177 1327 animae,
1193 1291 1250 1320 sed
1263 1290 1333 1327 ejus
1354 1290 1490 1327 animae,
1511 1288 1563 1318 cui
1579 1288 1680 1317 semel
1693 1288 1743 1317 in-

1042 1335 1179 1366 dulserit
1201 1336 1395 1366 suavitatem
1417 1335 1479 1365 sui.
1502 1333 1665 1371 Numquid
1679 1341 1743 1362 non

1042 1381 1239 1411 desiderium
1266 1381 1350 1411 vox?
1378 1382 1417 1410 Et
1442 1380 1562 1410 valida.
1596 1378 1743 1416 Denique

1041 1428 1223 1457 desiderium
1236 1436 1409 1465 pauperum
1422 1447 1431 1462 ,
1454 1425 1576 1464 inquit,
1587 1425 1744 1454 exaudivit

1040 1474 1204 1502 Dominus.
1230 1473 1337 1501 Verbo
1360 1471 1459 1508 igitur
1487 1470 1650 1507 abeunte,
1677 1476 1744 1499 una

1041 1515 1174 1545 interim
1187 1518 1220 1547 et
1235 1517 1387 1546 continua
1404 1517 1519 1546 animae
1534 1523 1617 1553 vox,
1641 1514 1745 1544 conti-

1042 1570 1143 1591 nuum
1156 1562 1352 1591 desiderium
1367 1562 1449 1599 ejus,
1464 1562 1627 1598 tamquam
1643 1567 1744 1589 unum

1043 1607 1297 1645 continuumque
1316 1610 1490 1643 Rei-eriere,
1502 1606 1604 1636 donec
1618 1605 1741 1635 veniat.

1082 1650 1115 1681 5.
1130 1653 1169 1681 Et
1183 1660 1269 1681 nunc
1288 1659 1336 1681 DA
1355 1659 1440 1681 MIHI
1463 1657 1629 1687 ANJMAM,
1647 1659 1743 1688 quam

1043 1697 1231 1735 frequenter
1259 1698 1402 1727 Verbum
1437 1705 1572 1735 sponsus
1599 1695 1741 1726 invisere

1044 1744 1162 1781 soleat,
1178 1743 1231 1773 cui
1244 1743 1445 1772 familiaritas
1457 1750 1582 1780 ausum,
1604 1742 1657 1771 cui
1672 1749 1744 1779 gus—

1043 1789 1094 1818 tus
1120 1789 1257 1827 famem,
1288 1789 1340 1818 cui
1367 1788 1572 1825 contemptus
1601 1787 1746 1817 omnium

1044 1835 1146 1864 otium
1159 1835 1303 1864 dederit:
1319 1834 1351 1864 et
1363 1842 1420 1872 ego
1433 1833 1508 1862 huic
1522 1833 1745 1862 incunctanter

1044 1880 1168 1918 assigno
1180 1888 1290 1909 vocem
1301 1879 1423 1917 pariter
1433 1880 1465 1908 et
1476 1887 1593 1908 nomen
1603 1885 1743 1916 sponsae;

1045 1934 1105 1955 nec
1125 1926 1165 1955 ab
1182 1934 1219 1955 ea
1235 1925 1365 1963 penitus
1380 1925 1486 1954 locum
1497 1946 1506 1961 ‚
1521 1924 1577 1962 qui
1591 1924 1624 1952 in
1640 1923 1744 1952 mani-

1045 1971 1104 2001 bus
1112 1972 1171 2008 est,
1181 1971 1363 2002 censuerim
1371 1971 1528 2000 alienum.
1536 1969 1620 1998 Talis
1627 1976 1746 2006 nempe

1046 2018 1211 2048 inducitur
1227 2018 1279 2047 liic
1303 2018 1448 2054 loquens.
1465 2017 1567 2052 Quem
1583 2015 1670 2043 enim
1692 2022 1744 2044 re-

1045 2065 1152 2102 vocat,-
1165 2064 1234 2101 ejus
1246 2064 1366 2101 absque
1383 2062 1480 2092 dubio
1496 2061 1610 2099 probat
1627 2068 1660 2089 se
1679 2067 1747 2089 me-

1044 2111 1147 2140 ruisse
1175 2108 1398 2147 praesentiam,
1433 2107 1493 2137 etsi
1517 2114 1581 2136 non
1607 2105 1744 2143 copiam.

1045 2155 1195 2192 Alioquin
1214 2162 1279 2183 non
1294 2153 1476 2183 revocasset
1489 2152 1581 2181 illum
1594 2173 1602 2189 ,
1617 2151 1675 2181 scd
1689 2159 1746 2180 vo-

1047 2202 1159 2231 casset.
1186 2201 1282 2229 Porro
1298 2197 1511 2228 revocationis
1537 2198 1674 2226 verbum
1698 2205 1746 2226 re-

1046 2249 1157 2277 vertere
1177 2246 1237 2275 est.
1262 2245 1301 2274 Et
1324 2244 1405 2273 forte
1425 2243 1498 2272 ideo
1514 2242 1673 2272 subtraxit
1698 2249 1746 2280 se,

1046 2300 1109 2330 quo
1125 2290 1252 2320 avidius
1268 2289 1488 2325 revocaretur,
1502 2289 1670 2317 teneretur
1681 2285 1747 2316 for-

1046 2338 1122 2367 tius.
1139 2337 1216 2366 Nam
1231 2336 1261 2365 et
1271 2334 1442 2372 aliquando
1455 2333 1627 2363 simulabat
1635 2341 1668 2362 se
1678 2334 1746 2362 lon-

1047 2383 1116 2420 gius
1130 2382 1263 2419 ire,non
1273 2381 1348 2419 quia
1361 2381 1421 2410 hoc
1437 2380 1579 2416 volebat,
1594 2378 1649 2408 sed
1660 2379 1748 2408 vole-

1047 2429 1103 2458 bat
1124 2427 1235 2457 audire
1253 2435 1260 2455 :
1278 2428 1369 2456 „llccnc
1390 2425 1564 2461 nobiscum,
1593 2425 1744 2461 Domine,

1048 2475 1193 2512 quoniam
1223 2473 1453 2510 ‹tclvesperascit.
1478 2472 1515 2500 Et
1532 2478 1657 2500 rursum
1684 2469 1747 2499 alia

1048 2522 1120 2550 vice
1130 2527 1226 2558 super
1234 2526 1321 2548 mare
1334 2517 1513 2554 ambulans,
1523 2524 1594 2545 cum
1603 2514 1744 2553 Apostoli

1048 2565 1238 2604 navigarent
1255 2565 1287 2593 et
1302 2562 1486 2592 laborarent
1497 2562 1532 2590 in
1548 2559 1745 2597 remigando,

1049 2611 1139 2649 quasi
1166 2609 1278 2640 volens
1300 2608 1466 2647 praeterire
1489 2614 1560 2643 ρος,
1585 2612 1645 2634 nec
1667 2605 1745 2635 tunc

1050 2656 1182 2693 quidem
1206 2654 1291 2684 istud
1313 2653 1462 2690 volebat,
1479 2650 1535 2682 sed
1556 2649 1655 2688 magis
1671 2657 1746 2688 pro*
