1810 3073
519 214 564 242 IN
587 212 784 242 CANTch
805 211 954 240 SERMO
978 211 1103 239 XXVI.

104 269 294 300 alterutrum
305 267 392 306 grata
408 265 578 304 praesentia
593 287 602 302 ,
615 265 710 295 dulce
725 271 798 293 con-

104 317 236 345 sortium
247 337 256 353 ,
271 321 368 344 suave
384 312 578 349 colloquium
597 319 604 339 :
622 310 679 340 sed
694 310 797 339 tantas

103 361 270 397 utriusque
286 357 419 388 delicias
435 365 491 394 ego
510 356 659 394 perdidi,
675 356 711 385 tu
726 363 797 383 mu-

102 405 187 435 tasti.
204 405 240 434 Et
263 403 395 442 quidem
418 402 595 432 immutatis
616 401 681 432 illis
701 399 798 431 retri-

102 450 191 480 butio
200 450 313 479 multa.

139 495 169 524 5.
186 494 309 531 Quanto
330 494 451 523 foenore
478 492 665 531 gaudiorum
688 498 723 520 ac
738 489 797 519 be—

100 540 319 571 nedictionum
334 539 463 569 cumulo
479 546 568 567 cares
580 536 674 566 bodie
685 535 777 565 nobis
786 556 794 572 ,

101 585 200 614 frater
223 584 387 614 carissime
409 584 415 613 !
440 583 544 612 Habes
565 582 652 611 certe
667 589 724 618 pro
742 588 794 609 me

100 631 228 660 tantillo
245 630 415 667 repositam
441 628 500 657 tibi
520 626 636 656 Christi
656 633 796 663 praesen-

100 676 177 705 tiam
196 684 203 704 ε
222 683 281 704 nec
303 673 506 712 dispendium
522 671 621 701 sentis
640 670 795 701 absentIae

100 730 118 750 a
134 721 225 750 nobis
237 722 317 757 tuae,
332 719 524 756 Angelorum
543 716 706 745 admixtus
719 716 795 745 cbo-

100 767 156 796 ris.
173 767 238 795 Non
260 766 307 795 est
322 765 420 801 igitur
441 762 525 800 quod
550 761 689 791 causeris
704 762 740 790 tu
755 761 794 791 de

101 812 205 840 nostra
225 809 315 847 quasi
341 808 503 838 subtracta
519 806 579 836 tibi
600 807 793 844 praesentia,

100 855 152 884 cui
181 854 304 883 affatim
331 853 380 883 sui
400 874 409 889 ‚
445 860 640 890 suorumque
670 852 793 890 copiam

99 899 253 929 Dominus
268 898 444 936 majestatis
457 897 599 927 indulsit.
611 897 648 926 At
667 905 725 935 ego
739 906 794 935 pro

99 948 132 976 te
146 944 224 984 quid
239 944 251 973 ἓ
275 945 376 981 Quam
397 944 518 973 vellem
544 944 626 972 scire
642 943 795 981 quidnam

99 991 218 1020 sentias
232 998 316 1019 nunc
331 990 370 1019 de
385 998 437 1020 me
454 989 509 1018 illo
526 989 621 1018 unico
637 989 710 1026 tuo,
726 997 796 1019 me-

99 1035 162 1066 diis
177 1036 311 1065 nutante
337 1035 422 1065 curis
445 1035 478 1065 et
497 1034 617 1072 poenis,
642 1034 795 1064 destituto

99 1083 132 1111 te
149 1082 261 1111 baculo
277 1081 509 1111 imbecillitatis
524 1088 604 1109 meae
621 1079 628 1109 ἶ
645 1080 670 1109 si
687 1080 795 1109 tamen

100 1128 177 1157 licet
189 1127 293 1156 adhuc
307 1127 445 1163 cogitare
456 1126 495 1155 de
508 1125 645 1162 miseris,
654 1125 795 1163 ingresso

100 1173 249 1209 abyssum
276 1172 423 1208 luminis,
463 1172 559 1209 atque
595 1171 650 1199 illo
682 1171 795 1208 pelago

100 1219 227 1246 aeternae
237 1217 400 1246 felicitatis
410 1216 569 1253 absorpto.
585 1216 677 1244 Forte
694 1215 794 1251 enim,

100 1262 160 1291 etsi
187 1262 270 1291 nosti
297 1270 354 1291 nos
372 1261 549 1290 secundum
574 1267 723 1296 carnem,
740 1260 795 1289 sed

101 1316 186 1337 nunc
208 1307 274 1344 jam
299 1315 363 1336 non
388 1306 495 1336 nosti:
512 1306 544 1335 et
568 1304 721 1343 quoniam
744 1305 794 1334 in-

99 1353 206 1383 troisti
225 1354 257 1382 in
272 1353 431 1390 potentias
446 1351 591 1388 Domini,
607 1351 794 1381 memoraris

97 1399 233 1436 justitiae
254 1399 321 1436 ejus
349 1398 464 1435 solius,
493 1398 660 1426 innnemor
681 1397 792 1426 nostri.

101 1444 256 1474 Caeterum
272 1446 325 1482 qui
338 1444 468 1473 adhaeret
484 1444 547 1472 Deo
557 1463 566 1478 ,
582 1450 661 1471 unus
671 1443 794 1479 spiritus

100 1491 160 1524 est,
176 1490 207 1519 et
223 1490 256 1519 in
281 1489 424 1518 divinum
441 1487 612 1526 quemdam
634 1486 719 1516 totus
732 1487 794 1516 im-

100 1536 243 1564 mutatur
257 1535 404 1564 allectum
421 1543 428 1563 :
447 1541 506 1563 nec
521 1533 626 1572 potest
639 1532 704 1569 jam
720 1541 794 1563 sen—

98 1580 161 1609 tire
176 1581 231 1609 aut
241 1588 353 1617 sapere
365 1579 426 1608 nisi
441 1579 557 1615 Deum,
574 1577 607 1608 et
622 1577 707 1615 quod
721 1586 794 1607 sen-

99 1627 140 1656 tit
164 1627 197 1655 et
218 1628 302 1664 sapit
324 1627 431 1663 Deus,
454 1625 570 1662 plenus
596 1624 676 1654 Deo.
707 1624 793 1655 Deus

100 1674 207 1702 autem
224 1672 336 1701 caritas
361 1672 429 1708 est,
446 1672 478 1700 et
493 1672 610 1709 quanto
625 1672 697 1711 quis
720 1680 794 1702 con-

95 1717 238 1755 junctior
264 1717 350 1754 Deo,
377 1717 465 1746 tanto
495 1717 622 1754 plenior
647 1718 791 1748 caritate.

98 1764 194 1793 Porro
218 1762 425 1799 impassibilis
450 1762 498 1792 est
523 1763 628 1800 Deus,
651 1764 706 1793 sed
731 1773 793 1794 non

98 1807 387 1846 incompassibilis,
409 1808 461 1837 cui
488 1809 654 1846 proprium
671 1810 718 1840 est
732 1811 794 1840 mi-

99 1855 199 1883 sereri
223 1862 351 1891 semper
376 1855 408 1883 et
432 1861 578 1891 parcere.
595 1856 676 1893 Ergo
704 1857 737 1886 et
760 1856 793 1886 te

99 1907 231 1929 necesse
252 1900 301 1929 est
315 1899 556 1929 misericordem
570 1908 638 1931 esse
651 1922 659 1938 ,
675 1901 729 1939 qui
744 1901 795 1931 in—

99 1945 203 1974 baeres
225 1944 440 1981 misericordi,
468 1945 614 1982 quamvis
638 1945 705 1982 jam
732 1947 794 1976 mi-

98 1990 186 2020 nime
209 1990 307 2019 miser
335 1989 377 2019 sis
399 1998 407 2019 ε
435 1990 538 2027 etqui
564 1998 628 2020 non
654 1992 793 2031 pateris,

98 2035 290 2073 compateris
302 2036 421 2065 tamen.
431 2036 568 2065 Affectus
575 2037 709 2074 proinde
721 2039 794 2068 tuus

96 2089 162 2110 non
176 2082 223 2109 est
236 2080 500 2118 inuninutuS,sed
513 2081 700 2113 immutatus
712 2091 720 2121 3
734 2091 793 2113 nec

97 2126 250 2164 quoniam
264 2127 366 2156 Deum
385 2127 538 2163 induisti,
554 2128 655 2158 nostri
671 2137 746 2158 cura
762 2130 793 2159 te

99 2171 218 2201 exuisti
235 2180 242 2199 τ
261 2171 291 2200 et
308 2171 368 2209 ipsi
385 2172 471 2201 enlm
482 2180 558 2201 cura
571 2173 618 2202 est
634 2172 673 2202 de
687 2173 791 2203 nobis.

97 2216 187 2253 Quod
212 2215 375 2246 infirmum
405 2219 453 2246 est
477 2217 642 2255 abjecisti,
659 2218 793 2249 sednon

97 2262 184 2301 quod
201 2263 303 2300 pium.
324 2263 443 2293 Caritas
460 2263 598 2302 denique
618 2272 794 2302 numquam

100 2306 223 2335 excidit
237 2315 318 2336 :non
332 2307 532 2337 oblivisceris
548 2316 598 2337 me
615 2308 648 2337 in
663 2308 772 2339 finem.

139 2351 168 2380 6.
185 2352 303 2381 Videor
324 2353 403 2381 mibi
421 2353 509 2390 quasi
527 2353 638 2383 audire
662 2353 794 2384 fratrem

97 2405 207 2427 meum
219 2397 402 2426 dicentem:
427 2399 583 2436 Numquid
607 2401 706 2429 mater
719 2400 796 2430 obli—

98 2445 170 2474 visci
181 2445 289 2481 poterit
302 2443 357 2479 filie·
370 2445 447 2473 uteri
460 2446 508 2474 sui
521 2444 534 2473 ?
547 2444 611 2473 Etsi
624 2445 680 2474 illa
695 2445 795 2476 oblita

99 2488 215 2525 suerit,
238 2496 296 2526 ego
315 2489 424 2518 tamen
449 2497 512 2518 non
537 2489 709 2520 obliviscar
733 2491 793 2522 tui.

97 2534 165 2563 Non
181 2533 314 2571 expedit
336 2541 476 2571 prorsus.
497 2534 565 2564 Scis
586 2535 643 2564 ubi
664 2543 794 2574 verser,

98 2579 152 2607 nbi
163 2579 305 2615 jaceam,
321 2579 376 2608 ubi
395 2580 566 2617 reliqueris
582 2589 652 2619 me3
671 2590 735 2612 non
748 2583 796 2613 est

103 2623 155 2662 qui
183 2624 322 2664 porrigat
351 2632 493 2656 manum.
520 2625 565 2656 Ad
594 2634 688 2657 omne
711 2628 815 2667 quod.

1472 214 1530 245 2:33

834 262 1025 300 emerserit,
1054 262 1195 299 respicio
1225 264 1264 293 ad
1297 265 1464 297 Girardum
1494 269 1529 297 ut

832 315 1084 344 consueveram,
1101 308 1134 337 et
1162 315 1227 337 non
1249 309 1308 338 est.
1334 311 1429 341 Heu!
1452 314 1530 342 tun<-

832 351 1008 389 ingemisco
1023 351 1122 382 miser
1144 353 1229 382 sicut
1247 353 1343 383 homo
1358 356 1426 386 sine
1439 358 1531 394 adju-

831 397 924 426 torio.
942 397 1044 433 Quem
1059 398 1225 427 consulam
1242 399 1275 427 in
1284 400 1443 437 ambiguis
1454 402 1465 430 ἓ
1478 403 1529 431 cui

832 442 863 471 in
876 442 1019 472 adversis
1034 443 1130 472 fidam
1145 443 1240 481 3quis
1256 445 1397 481 portabit
1412 447 1530 475 onera?

829 488 901 525 quis
910 488 1051 525 pericula
1059 489 1278 526 propulsabit?
1290 490 1400 519 Nonne
1410 491 1531 528 ubique

829 541 957 569 gressus
973 541 1061 563 meos
1086 534 1214 564 Girardi
1233 535 1317 564 oculi
1344 535 1532 566 anteibant?

829 579 939 608 Nonne
954 580 1046 609 tuum
1057 580 1221 618 ,Girarde,
1234 582 1348 618 pectus
1357 589 1442 611 curae
1451 589 1532 612 meae

829 623 935 652 notius
946 645 954 661 ,
971 632 1066 661 quam
1083 633 1192 654 meum
1217 625 1320 662 ipsius
1344 626 1507 655 habebant
1518 646 1530 664 ,

830 668 1019 698 familiarius
1041 669 1272 708 incursabant,
1301 669 1408 700 acrius
1435 679 1533 708 urge—

829 713 925 743 bant?
942 715 1052 745 Nonne
1067 715 1100 744 in
1118 716 1226 753 lingua
1242 716 1296 745 tua
1312 716 1366 745 illa
1379 716 1530 754 placabili

829 760 861 788 et
878 760 1022 798 potenti,
1041 769 1147 791 meam
1163 769 1180 790 a
1200 762 1403 792 sermonibus
1420 762 1530 792 saeculi

829 803 1089 842 frequentissime
1119 806 1324 845 vindicabaS,
1361 809 1394 838 et
1426 809 1530 838 amico

829 850 986 881 reddebas
1016 852 1146 882 silentio
1171 852 1183 881 ἓ
1212 853 1368 883 Dominus
1397 854 1531 885 dederat

830 895 877 924 illi
894 896 1038 933 linguam
1051 897 1225 936 eruditam,
1235 899 1271 928 ut
1286 899 1386 929 sciret
1400 900 1530 937 quando

829 941 965 972 deberet
988 942 1134 981 proferre
1151 952 1345 974 sermonem.
1363 945 1409 974 Ita
1435 946 1530 975 deni-

829 995 891 1024 que
909 988 941 1017 in
954 989 1125 1026 prudentia
1140 998 1365 1028 responsorum
1380 999 1508 1021 suorum
1519 1013 1529 1028 ,

830 1032 911 1062 etin
940 1034 1042 1071 gratia
1069 1032 1142 1064 data
1159 1036 1221 1064 sibi
1247 1036 1403 1074 desuper,
1425 1037 1457 1066 et
1472 1037 1529 1067 do-

830 1078 972 1108 mesticis
1004 1080 1226 1110 satisfaciebat
1255 1082 1288 1111 et
1315 1082 1437 1112 exteris
1450 1106 1459 1121 ,
1492 1084 1529 1113 ut

831 1129 912 1158 pene
937 1131 988 1152 me
1011 1132 1106 1153 nemo
1135 1125 1336 1164 requireret,
1363 1127 1416 1156 cui
1441 1127 1530 1166 prior

831 1167 910 1198 rorte
927 1169 1079 1199 Girardus
1102 1171 1306 1201 occurrisset.
1332 1172 1529 1204 Occurrebat

829 1214 937 1242 autem
953 1214 1220 1254 adventantibus,
1237 1225 1401 1254 opponens
1417 1227 1470 1256 se,
1486 1227 1528 1248 ne

829 1259 936 1288 subito
965 1267 1075 1289 meum
1107 1261 1209 1290 otium
1242 1262 1456 1293 incursarent.
1494 1263 1528 1292 Si

829 1304 946 1341 quibus
960 1314 1037 1336 sane
1050 1315 1109 1345 per
1120 1316 1153 1337 se
1168 1308 1353 1338 satisfacere
1376 1318 1440 1340 non
1454 1310 1529 1348 qui-

828 1349 900 1387 bat,
927 1351 985 1381 hos
1009 1353 1207 1390 perducebat
1228 1354 1268 1383 ad
1294 1362 1366 1392 me,
1394 1357 1527 1385 caeteros

829 1397 1010 1426 emittebat.
1027 1398 1051 1426 O
1066 1398 1171 1428 virum
1187 1398 1403 1429 industrium!
1417 1408 1434 1429 0
1447 1401 1529 1430 ami·

828 1449 900 1470 cum
915 1442 1061 1473 fidelem!
1080 1445 1112 1473 et
1127 1445 1228 1473 amico
1241 1446 1371 1482 gerebat
1386 1454 1506 1476 morem
1517 1469 1526 1484 ,

828 1487 861 1516 et
876 1486 991 1518 officiis
1006 1489 1149 1519 caritatis
1160 1497 1225 1518 non
1240 1489 1362 1519 deerat.
1378 1492 1457 1528 Quis
1471 1500 1527 1521 va·

828 1541 886 1562 cua
899 1534 938 1563 ab
955 1542 992 1564 eo
1008 1535 1140 1565 recessit
1152 1543 1249 1565 manu
1261 1534 1273 1564 ἓ
1284 1536 1316 1565 Si
1329 1536 1419 1567 dives
1429 1559 1437 1574 ,
1451 1546 1527 1567 con-

827 1579 955 1617 silium,
971 1580 997 1610 si
1012 1588 1158 1619 pauper,
1181 1581 1361 1611 subsidium
1381 1583 1527 1620 reporta—

828 1624 894 1653 bat.
917 1625 980 1654 Nec
1005 1627 1172 1663 quaerebat
1195 1635 1266 1664 quae
1283 1635 1339 1656 sua
1361 1629 1452 1665 sunt,
1470 1630 1526 1667 qui

828 1677 861 1699 se
877 1670 994 1700 mediis
1009 1671 1176 1709 ingerebat
1195 1671 1298 1710 curis,
1311 1672 1346 1702 ut
1361 1681 1417 1710 ego
1432 1682 1528 1703 vaca-

828 1723 908 1744 rem.
925 1715 1080 1753 Sperabat
1097 1718 1202 1755 enim,
1219 1717 1303 1747 sicut
1318 1719 1387 1747 erat.
1402 1719 1526 1748 bumil-

829 1759 924 1789 limus
935 1782 943 1798 ,
959 1761 1114 1798 maiorem
1129 1762 1169 1791 de
1185 1764 1292 1791 nostra
1307 1763 1416 1800 quiete
1439 1763 1525 1794 sruc-

827 1805 896 1833 tum
907 1827 916 1843 ,
934 1814 1029 1843 quam
1057 1806 1083 1835 si
1109 1808 1240 1837 vacaret
1255 1807 1336 1845 ipse.
1362 1809 1526 1840 Interdum

829 1850 936 1880 tamen
951 1851 1134 1889 postulabat
1148 1852 1289 1890 absolvi,
1314 1849 1457 1884 et³alteri
1472 1863 1526 1885 ce-

828 1896 921 1934 dere,
939 1897 1029 1934 quasi
1045 1897 1101 1934 qui
1116 1897 1233 1927 melius
1248 1898 1445 1935 provideret.
1464 1900 1527 1930 Sed

827 1941 884 1970 ubi
901 1942 956 1972 ille
972 1941 1198 1972 inveniretur?
1212 1943 1275 1973 Nec
1291 1944 1452 1981 petulanti
1465 1946 1526 1975 ali-

828 1996 889 2025 quo
906 1986 917 2027 (
934 1989 970 2018 ut
984 1989 1099 2018 assolet
1115 1988 1124 2027 )
1142 1989 1175 2018 in
1192 1997 1229 2019 eo
1240 1989 1337 2020 officii
1359 1991 1528 2022 detineba-

828 2034 881 2062 tur
897 2033 1032 2071 affectu,
1053 2034 1110 2064 sed
1134 2035 1201 2064 solo
1222 2035 1345 2066 intuitu
1368 2037 1524 2068 caritatis.

828 2078 995 2116 Siquidem
1016 2080 1088 2117 plus
1114 2081 1264 2110 omnibus
1286 2081 1471 2120 laborabat,
1493 2084 1528 2113 et

828 2123 933 2153 minus
949 2125 1100 2156 omnibus
1114 2125 1312 2164 accipiebat,
1328 2128 1373 2157 ita
1382 2129 1416 2158 ut
1430 2137 1526 2167 saepe,

828 2177 902 2198 cum
917 2170 990 2200 aliis
1004 2171 1187 2201 necessaria
1210 2172 1431 2211 ministraret,
1454 2182 1528 2212 ege-

829 2216 879 2244 ret
895 2215 964 2253 ipse
980 2215 1013 2245 in
1028 2217 1195 2254 pluribus,
1215 2219 1307 2248 verbi
1324 2227 1417 2248 causa
1428 2241 1436 2257 ,
1456 2220 1528 2250 cibo

828 2262 883 2291 aut
896 2263 999 2293 veste.
1015 2263 1166 2301 Denique
1179 2272 1252 2293 cum
1272 2273 1305 2294 se
1320 2265 1457 2296 sentiret
1471 2266 1530 2296 de-

828 2309 931 2338 cessui
944 2309 1162 2347 propinquare
1177 2317 1184 2339 :
1202 2320 1219 2336 «
1231 2310 1336 2349 Deus,
1352 2311 1476 2349 inquit,
1494 2314 1528 2342 tu

831 2365 848 2380 »
864 2354 927 2385 scis
942 2355 1027 2393 quod
1041 2356 1197 2393 quantum
1218 2355 1252 2385 in
1273 2364 1324 2386 me
1346 2356 1425 2394 fuit,
1443 2366 1528 2388 sem-

829 2411 846 2427 »
861 2409 920 2438 per
935 2400 1046 2439 optavi
1061 2401 1224 2440 quietem,
1238 2402 1319 2431 mihi
1337 2401 1525 2438 intendere,

829 2457 847 2473 η
861 2445 923 2475 tibi
954 2454 1082 2477 vacare.
1108 2447 1172 2477 Sed
1201 2447 1396 2486 implicitum
1423 2447 1527 2476 tenuit

830 2503 847 2519 »
862 2491 959 2522 timor
970 2493 1044 2522 tuus
1056 2513 1065 2530 ,
1081 2492 1229 2523 voluntas
1243 2493 1377 2523 fratrum
1388 2514 1397 2530 ,
1415 2493 1448 2521 et
1463 2493 1528 2521 stu-

830 2548 847 2564 »
862 2537 952 2568 dium
964 2538 1157 2576 obediendi,
1169 2547 1265 2577 super
1276 2537 1381 2567 omnia
1397 2537 1527 2567 Abbatis

830 2594 846 2610 >³
860 2584 984 2622 pariter
999 2584 1032 2614 et
1046 2583 1154 2614 fratris
1165 2591 1315 2622 germana
1328 2582 1527 2612 dilectio.1ta

833 2641 848 2656 »
866 2629 924 2661 cst.
943 2641 958 2657 »
975 2629 1098 2665 Gratias
1121 2629 1198 2666 tibi,
1222 2627 1347 2666 Frater,
1375 2626 1412 2658 dc
1439 2627 1526 2658 omni
