1846 3078
516 223 561 251 IN
586 220 786 250 CANTXCA
810 219 961 247 δῖ’-,ΗΜΘ
986 218 1091 246 Lvli.

101 282 258 313 fenestras
291 276 514 316 cancellosque
546 274 730 315 persensit;
763 273 797 304 et

102 335 189 357 nunc
208 334 266 365 pro
287 322 550 356 remuneratione
574 321 673 351 tautae
698 320 798 351 devo-

102 372 201 403 tionis
212 368 414 408 etreligiosae
425 367 654 398 sollicitudinis
664 367 800 404 loquen-

101 418 169 448 tem
180 415 281 447 audit.
293 415 376 444 Sane
391 413 480 444 enim
495 413 522 443 si
537 410 754 451 respexisset,
766 409 800 440 et

101 462 237 492 minime
247 460 374 490 locutus
385 458 500 489 fuisset
509 481 518 497 ,
530 458 698 496 suspectus
708 457 800 494 pote-

1466 218 1524 248 333

830 273 916 311 tate,
946 280 1010 311 qua
1035 279 1069 302 se
1094 278 1165 301 esse
1188 271 1402 308 praesumebat.
1423 272 1525 302 filium

829 318 935 349 Patris
960 317 1030 354 sui,
1054 316 1112 355 qui
1137 315 1188 346 est
1209 315 1247 345 in
1271 316 1374 346 coelis.
1388 318 1483 347 Porro
1499 319 1526 347 si

831 363 932 394 filium
943 385 953 401 ,
966 363 1000 393 et
1008 361 1192 399 haeredem3
1207 360 1372 391 haeredem
1383 361 1462 399 Dei,
1473 370 1527 392 co-

832 408 994 439 haeredem
1016 409 1130 438 autem
1147 406 1278 436 Christi.
1293 406 1439 443 Magnam
1451 415 1528 436 vero

832 462 899 483 rem
909 453 1064 492 gloriatur
1075 461 1108 483 se
1118 451 1329 490 acquisivisse
1338 450 1529 480 haereditate

833 499 910 537 ista,
935 498 1124 529 testimonia
1147 496 1290 527 Domini.
1316 495 1449 525 Utinam
1471 503 1531 532 ego

834 545 873 575 de
887 553 940 575 me
955 546 1009 575 vel
1024 552 1126 574 unum
1140 542 1321 573 meruerim
1335 541 1450 571 tenere
1464 540 1532 570 tes-

100 508 151 538 rat
173 514 243 536 esse
258 506 315 535 ille
333 506 518 543 respectus,
534 512 577 534 ne
601 503 684 533 sorte
699 501 799 539 magis

101 550 332 602 indignationis
355 550 456 601 foret,
479 557 577 588 quam
602 545 797 597 dilectionis.
850 590 856 596 .
939 591 945 596 ·
1107 589 1113 595 ·
1144 590 1150 595 .
1238 589 1244 595 .
1284 589 1290 595 ι
1406 587 1413 592 .

100 593 709 673 3²32‘5331f10512ffi23e55333i}22¹3st
722 591 814 673 {3⁰53
832 589 1534 665 {diffugzffff’s‘zssssissst‘ieziffissssffssz':

100 688 187 727 quod
209 687 390 726 respiciens
413 694 467 723 se,
482 684 636 716 tacuerit.
655 684 728 712 Haec
743 672 815 732 au-¹¹
833 681 932 719 nique
947 681 994 711 ait
1008 681 1128 710 iterum
1144 689 1152 710 t
1168 682 1206 710 Ῑη
1220 681 1271 710 via
1293 679 1535 710 testimoniorum

100 735 186 770 tem,
198 733 351 772 quoniam
365 732 437 770 post
451 731 618 769 aspectum
633 727 756 757 meruit
768 727 817 780 et,
834 728 958 757 tuorum
971 727 1134 757 delectatus
1148 735 1216 756 sum
1226 748 1235 764 ,
1251 727 1327 756 sicut
1344 727 1378 755 in
1396 722 1537 754 omnibus

101 779 250 817 affatum,
275 786 340 809 non
364 777 458 807 modo
484 784 552 806 non
585 774 660 812 ssct,
686 773 744 803 sed
769 773 816 802 et>
834 773 953 802 diviciis.
969 772 1008 801 Et
1031 780 1148 802 revera
1169 772 1249 810 quid
1264 771 1387 801 divitiae
1402 769 1534 806 salutis,

100 825 256 862 gloriatur
273 832 340 862 prae
368 822 483 852 laetitia
504 821 646 850 clamans
665 827 673 848 t
690 820 740 849 En
756 819 802 848 cli·
835 818 916 856 quid
937 818 1063 848 deliciae
1080 818 1202 856 cordis,
1218 818 1298 856 quid
1321 818 1437 847 animae
1457 823 1535 846 vera

100 870 192 900 lectus
212 878 296 899 meus
321 868 456 906 loquitur
477 866 564 896 mihi.
579 865 678 894 Vides
702 863 817 904 intui-¹
836 865 869 893 et
883 865 977 894 cauta
991 864 1166 901 securitas,
1180 863 1242 893 nisi
1258 863 1389 893 Domini
1405 861 1535 892 attesta-

100 915 170 944 tum
183 913 329 951 Domini,
345 921 419 943 cum
434 912 468 942 in
479 920 513 942 se
529 919 658 948 semper
672 909 803 938 maneat
836 909 961 940 tiones?
975 911 1047 940 Non
1066 911 1167 946 enim,
1183 910 1306 947 inquit,
1334 909 1387 948 qui
1404 909 1535 946 scipsum

100 960 207 998 idem,
223 968 289 989 non
310 960 420 989 tamen
435 957 583 995 ejusdem
599 963 728 993 semper
755 954 817 1004 ef-¹
837 957 1045 992 commendat,
1061 957 1110 985 ille
1128 956 1276 995 probatus
1296 957 1358 991 est,
1373 954 1424 984 sed
1447 961 1535 992 quem

101 1005 222 1036 ficaciae
247 1013 337 1042 esse,
371 1004 432 1034 sed
457 1001 651 1053 conformari
670 1000 803 1051 ‘meriti-s
837 1004 918 1032 Dens
929 1003 1132 1031 commendat.

101 1051 302 1125 {Qu-lom?
318 1058 398 1088 quos
409 1049 568 1124 ῑιτεεριειιῒ.ἶ
586 1047 620 1077 et
635 1046 709 1076 aius
731 1054 804 1096 qui·
876 1047 907 1076 li.
922 1047 1041 1085 thuid
1052 1047 1279 1123 ngstliactssnus
1289 1043 1536 1121 adhuptfrzutda-

127 1103 178 1124 em
191 1104 267 1125 ineu
284 1103 338 1125 ere
353 1103 405 1125 me
424 1102 497 1131 um,
514 1101 531 1122 a
549 1102 587 1122 us
609 1100 686 1122 vero
702 1099 804 1129 magis
838 1101 910 1123 mur
925 1101 1071 1122 commen
1096 1102 1113 1122 a
1131 1101 1196 1122 loni
1225 1101 1259 1122 us
1275 1100 1333 1122 seu
1355 1099 1372 1121 a
1405 1099 1438 1121 es
1455 1098 1472 1119 a
1490 1098 1538 1119 ιο-

104 1141 359 1170 consolationem
383 1141 417 1170 et
440 1139 649 1170 securitatem
675 1138 802 1167 afferre.
838 1139 931 1168 nibus
945 1139 994 1168 his
1005 1138 1332 1176 divinis,etpaterna
1344 1136 1536 1166 haereditate

179 1186 185 1191 ”
306 1194 319 1214 s
345 1185 351 1190 ”
378 1185 384 1190 ”
479 1193 493 1213 r
639 1183 669 1212 fa
692 1183 702 1212 i
772 1191 802 1211 m
880 1184 909 1197 “’
1015 1184 1027 1213 ἓ
1114 1185 1135 1197 “”
1190 1184 1195 1188 ”
1228 1184 1233 1189 ’
1524 1197 1540 1203 -

103 1184 804 1268 ἓξὲξὲἓέεΐέωᾞῗἓθῖξίἲοῐῗιεῃιῖεεῗθΧθεῑίῒίρὶέει-
818 1217 820 1247 ⁸
838 1182 1538 1268 ἓῖἷῖιῗιέἒζηὲῒῐῦδὲἐῗὲἓΙᾞὲῖῗῐῑὸῗξεὸ,ἒῖῐιιωίιη

102 1275 803 1314 riam,etinfuderitgratiam.Respexit,ait,
838 1277 927 1305 nullo
953 1284 1011 1306 nos
1036 1276 1247 1305 meminimus
1279 1275 1318 1304 ab
1344 1275 1401 1304 illo
1426 1274 1539 1303 taliter

102 1323 306 1353 humilitatem
317 1322 519 1358 ancz‘ttoesuoe,
531 1330 596 1350 ecce
607 1322 687 1350 enim
699 1329 738 1350 ex
750 1320 805 1350 hoc
840 1322 1098 1359 commendatos,
1121 1330 1181 1351 nec
1197 1323 1265 1351 ulla
1281 1321 1321 1350 de
1337 1321 1431 1350 nobis
1454 1327 1540 1348 asse-

105 1369 227 1399 beatam
251 1378 299 1398 me
323 1369 422 1398 dz'cent
445 1376 550 1397 omnes
584 1368 803 1405 qeneraliolws.
840 1370 928 1398 culos
962 1369 1151 1398 testimonia
1182 1368 1264 1404 ejus.
1291 1367 1353 1396 Ubi
1380 1367 1429 1396 est
1455 1364 1541 1403 quod

104 1415 171 1444 Non
184 1415 259 1444 sunt
273 1415 341 1444 haec
349 1414 449 1443 verba
461 1413 619 1451 plorantis
635 1413 692 1442 aut
705 1411 807 1450 trepi-

105 1460 211 1490 dantis
219 1460 276 1490 sed
288 1459 472 1497 gaudentis.
483 1458 642 1496 Respexit
653 1457 806 1486 similiter

105 1504 247 1534 hocloco
262 1512 429 1542 sponsam,
446 1504 480 1533 et
493 1511 555 1532 nec
570 1502 707 1532 tremuit
728 1502 784 1531 iila
795 1524 804 1539 ,

105 1558 165 1580 nec
174 1550 267 1580 ssevit
276 1550 316 1579 ad
325 1549 427 1579 instar
434 1549 534 1587 Petri,
543 1548 618 1587 quia
626 1556 690 1577 non
699 1548 807 1585 sapie-

107 1595 162 1625 bat
174 1596 295 1625 terram
305 1616 314 1632 ,
331 1595 416 1624 sicut
430 1594 487 1624 ille
501 1602 509 1623 z
526 1594 618 1623 dedit
631 1602 710 1623 vero
724 1593 806 1623 laeti-

105 1641 186 1671 tiam
209 1640 244 1670 in
266 1640 362 1670 corde
384 1640 473 1677 ejus,
489 1639 587 1669 affatu
605 1640 805 1678 testificans,

106 1695 169 1725 quo
185 1694 256 1716 eam
271 1686 457 1724 respexerit
471 1686 601 1715 aflectu.

147 1733 178 1762 5.
193 1732 340 1771 Denique
356 1731 456 1761 verba
468 1740 540 1769 quae
555 1731 716 1769 loquitur,
732 1732 806 1761 audi

106 1786 203 1817 quam
219 1786 284 1807 non
305 1777 505 1816 indignantis
529 1777 612 1815 sint,
629 1778 686 1807 sed
701 1786 809 1807 aman-

107 1824 160 1854 tis.
191 1823 346 1861 Sequitur
373 1832 381 1852 τ
411 1825 525 1861 Surqe,
555 1833 686 1861 propera
707 1826 807 1853 amica

110 1878 194 1905 mea,
207 1869 348 1899 columba
362 1877 430 1898 mea
441 1890 450 1905 ‚
465 1869 603 1905 formosa
620 1877 700 1898 mea.
716 1869 808 1898 Felix

108 1914 323 1952 conscientia,
349 1922 421 1952 quae
447 1913 487 1943 de
512 1922 547 1944 se
572 1913 637 1942 ista
663 1915 810 1944 meretur

107 1960 243 1990 audire!
269 1960 347 1997 Quis
367 1961 462 1998 putas
486 1960 520 1989 in
545 1960 638 1990 nobis
664 1962 713 1990 est
728 1961 808 1990 adeo

108 2007 245 2045 vigilans
260 2008 293 2037 et
308 2007 482 2037 observans
508 2006 636 2044 tempus
650 2007 812 2037 visitatio-

108 2052 159 2082 nis
173 2061 256 2091 suae,
272 2060 488 2091 sponsumque
513 2052 749 2082 adventantem
764 2053 808 2083 ita

109 2106 168 2136 per
191 2098 319 2137 singula
345 2098 416 2136 ejus
442 2098 609 2128 momenta
635 2099 811 2137 diligenter

107 2143 300 2181 explorans,
324 2143 361 2173 ut
388 2151 461 2173 cum
486 2143 616 2173 venerit
641 2144 676 2173 et
700 2145 812 2182 pulsa-

107 2189 213 2226 verit,
227 2188 398 2219 confestim
420 2189 546 2227 aperiat
570 2189 601 2219 ei
612 2188 624 2218 ἓ
637 2189 706 2219 Non
723 2190 811 2220 enim

107 2233 156 2263 sic
180 2233 242 2264 ista
257 2235 296 2265 de
312 2234 457 2265 Ecclesia
476 2234 680 2273 referuntur,
697 2236 812 2266 utnon

109 2279 229 2317 singuli
243 2287 318 2318 nos,
337 2280 393 2318 qui
408 2281 505 2310 simul
519 2281 666 2311 Ecclesia
681 2290 811 2320 sumus,

111 2324 307 2363 participare
341 2325 393 2355 his
417 2326 489 2362 ejus
522 2326 813 2358 benedictionibus

110 2370 299 2401 debeamus.
315 2370 445 2401 Etenim
471 2371 506 2400 in
530 2371 592 2401 hoc
615 2373 814 2410 generaliter

110 2424 223 2446 omnes
247 2417 344 2455 atque
375 2416 601 2447 indifferenter
625 2418 734 2448 vocati
759 2427 814 2449 su-

111 2470 182 2492 mus
192 2484 201 2499 ‚
217 2463 255 2492 ut
269 2461 516 2492 henedictiones
529 2462 724 2493 haereditate
739 2472 814 2502 pos-

111 2507 286 2537 sideamus.
302 2507 395 2537 Unde
416 2508 451 2538 et
474 2507 616 2538 audebat
639 2508 748 2539 dicere
773 2509 815 2539 ad

111 2552 289 2582 Dominum
303 2553 457 2592 quidam:
470 2554 654 2584 Haereditate
670 2555 815 2593 acquisivi

113 2599 288 2629 testimonia
304 2600 359 2628 ina
372 2600 405 2628 in
427 2600 576 2629 oelernum
585 2620 596 2635 ,
612 2600 686 2638 quia
710 2600 815 2630 exstil-

839 1415 1008 1452 Apostolus
1023 1414 1119 1451 dicit,
1142 1414 1218 1452 quia
1242 1415 1302 1451 ipse
1328 1414 1459 1449 Spiritus
1482 1412 1543 1441 Dei

840 1462 1042 1490 testimonium
1053 1460 1189 1498 perhibet
1199 1460 1322 1497 spiritui
1333 1460 1448 1494 nostro,
1462 1458 1542 1495 quod

837 1506 894 1543 filii
915 1507 975 1536 Dei
989 1505 1121 1536 sumus?
1142 1505 1308 1542 Quomodo
1331 1504 1410 1541 filii,
1427 1504 1454 1533 si
1480 1511 1542 1532 ex-

839 1553 948 1589 pertes
961 1551 1162 1581 haereditatis
1172 1551 1185 1580 ’ἐ
1196 1551 1309 1588 Arguit
1320 1558 1377 1580 nos
1388 1557 1444 1587 pro
1454 1549 1542 1578 certo

840 1598 1047 1636 negligentiae
1063 1599 1096 1627 et
1111 1597 1246 1627 incuriae
1263 1597 1330 1634 ipsa
1345 1596 1455 1633 inopia
1470 1603 1543 1624 uos-

841 1645 900 1673 tra.
924 1645 1003 1673 Nam
1028 1644 1056 1672 si
1084 1644 1158 1681 quis
1182 1644 1329 1672 nostrum
1355 1642 1482 1679 integre
1510 1641 1543 1670 et

841 1688 985 1726 perfecte
996 1710 1005 1726 ,
1025 1689 1120 1725 juxta
1135 1689 1273 1718 verbum
1289 1687 1471 1725 Sapientis,
1489 1694 1543 1715 cor

841 1742 937 1763 suum
952 1734 1058 1764 tradat
1072 1734 1111 1763 ad
1126 1732 1327 1771 vigilandum
1344 1733 1487 1762 diluculo
1503 1732 1543 1761 ari

843 1779 1017 1809 Dominum
1038 1779 1093 1817 qui
1120 1779 1201 1808 fecit
1222 1779 1335 1814 illum,
1352 1779 1387 1808 et
1412 1778 1447 1807 iu
1469 1786 1544 1807 con<

843 1826 956 1863 spectu
970 1825 1125 1854 Altissimi
1149 1824 1364 1862 deprecetur,
1379 1823 1543 1860 simulque

843 1871 943 1909 votis,
961 1870 1111 1901 omnihus
1128 1870 1258 1900 studeat
1279 1869 1460 1899 secundum
1479 1869 1544 1898 lsa-

844 1917 906 1946 iam
939 1916 1134 1955 Prophetam
1159 1924 1274 1953 parare
1301 1915 1370 1944 vias
1395 1914 1543 1951 Domini,

844 1962 949 1993 rectas
966 1962 1072 1992 facere
1088 1962 1220 1992 semitas
1234 1961 1296 1990 Dei
1316 1961 1384 1999 sui,
1401 1961 1454 1990 cui
1470 1969 1542 1991 cum

844 2009 1006 2046 Propheta
1027 2008 1069 2038 sit
1090 2008 1218 2044 dicere,
1236 2008 1323 2037 Oculi
1345 2008 1406 2037 mei
1428 2015 1540 2044 semper

845 2057 885 2085 acl
899 2055 1086 2092 Dominumg
1101 2054 1133 2083 et
1144 2053 1220 2092 quia
1229 2053 1424 2091 providebam
1439 2054 1547 2082 Domi-

844 2110 920 2132 num
933 2102 965 2131 in
979 2102 1138 2138 conspectu
1152 2108 1217 2129 meo
1228 2108 1344 2137 semper
1356 2109 1365 2128 :
1377 2106 1484 2128 nonne
1499 2098 1548 2128 hic

846 2148 971 2186 accipiet
992 2146 1225 2176 benediCtionem
1240 2155 1260 2175 a
1274 2146 1424 2181 Domino,
1440 2146 1469 2174 ct
1487 2145 1548 2174 mi-

844 2192 1043 2223 seriem-diam
1058 2200 1078 2220 a
1092 2192 1156 2220 Deo
1177 2190 1311 2220 salutari
1331 2197 1386 2219 sito
1399 2189 1413 2218 ἓ
1427 2188 1549 2218 Visita-

846 2237 934 2267 bitur
972 2235 1116 2274 profecto
1145 2234 1352 2273 frequenter,
1387 2242 1449 2264 nec
1473 2242 1547 2264 um-

846 2290 943 2320 quam
952 2280 1252 2320 ignorabittempus
1260 2279 1456 2310 visitationis
1467 2287 1546 2317 suae,

845 2326 1088 2366 quantumlibet
1112 2326 1139 2356 is
1153 2326 1210 2364 qui
1225 2325 1259 2355 in
1283 2325 1403 2363 spiritu
1416 2325 1545 2361 visitat,

848 2372 1070 2402 clandestinus
1085 2371 1198 2402 veniat
1212 2371 1246 2401 et
1259 2370 1418 2409 furtivus,
1434 2370 1546 2408 utpote

846 2418 1052 2449 verecundus
1075 2418 1211 2448 amator.
1228 2417 1341 2447 Adhuc
1363 2416 1546 2454 ergolonge

848 2465 1001 2502 agentem
1022 2463 1109 2493 bene
1138 2462 1279 2500 vigilans
1307 2462 1416 2491 anima
1439 2460 1546 2490 sobria

847 2509 957 2538 mente
971 2507 1168 2546 prospiciet,
1182 2507 1216 2537 et
1232 2506 1385 2543 deinceps
1396 2503 1546 2533 universa

849 2554 1046 2593 comperiet,
1081 2562 1154 2593 quae
1192 2553 1227 2582 in
1255 2551 1367 2581 dilecti
1404 2549 1546 2578 adventu

847 2608 996 2638 sponsam
1017 2601 1082 2629 tam
1105 2599 1257 2635 solerter,
1271 2604 1367 2634 quam
1383 2594 1547 2631 signanter

114 2645 189 2674 talio
211 2639 308 2676 cordis
323 2646 384 2675 mci
406 2646 493 2683 sunlg
510 2645 565 2675 ilia
581 2645 659 2684 puto
675 2645 815 2676 haeredi·
829 2647 833 2675 i
850 2646 1027 2677 advertisse
1043 2641 1386 2680 inoiistraviiiiuS,‹piia
1404 2640 1470 2678 ipse
1483 2639 1544 2669 nii:
