1810 3073
476 211 532 239 DE
554 209 762 240 DlVERSIS
787 208 934 236 SERMO
959 209 1122 237 xcvlll.

1447 213 1505 243 453

81 266 192 299 dicens
204 266 289 306 quod
302 265 361 296 ille
373 265 495 304 voluit,
511 265 567 296 sed
581 265 667 304 quod
681 272 776 303 opor·
807 270 873 292 non
893 261 999 292 adhuc
1019 262 1202 301 perfectum
1216 284 1225 301 ‚
1240 265 1298 294 sed
1317 265 1383 302 jam
1398 268 1508 305 perfe-

81 314 145 344 tuit
157 321 212 344 nos
225 311 334 342 audire
348 334 357 350 ‚
373 312 410 341 ut
423 311 582 342 videlicet
596 311 706 341 noster
720 309 773 339 hic

82 359 161 397 lapis
182 358 273 397 panis
291 357 403 395 fieret,
417 365 483 387 non
499 357 600 387 illius.
625 357 697 387 Non
722 355 772 384 in-

79 404 167 441 quit,
190 404 223 433 in
248 403 311 434 solo
330 412 410 442 pane
437 405 510 433 vivit
534 403 643 440 homo,
666 402 730 436 sed,
740 402 773 431 in

77 449 162 478 omni
172 448 280 485 verbo,
296 450 375 487 quod
384 450 519 487 procedit
531 450 565 479 de
577 457 628 478 ore
641 447 710 478 Dei.

115 491 145 521 5.
157 491 241 528 Quid
254 493 291 522 tu
305 493 346 522 ad
360 493 428 523 haec
439 515 448 531 ‚
459 492 608 523 veritatis
619 491 769 529 inimice,

74 536 334 568 submurmuras?
348 539 440 576 Quod
455 538 587 577 quidem
604 537 673 575 ipse
687 535 770 566 fate-

74 581 135 619 ris,
151 583 186 613 et
198 591 315 622 negare
325 585 454 615 omnino
466 592 529 614 non
537 584 628 622 potes
638 582 770 622 ,potens

73 627 122 657 cst
137 628 237 659 Filius
251 630 310 660 Dei
329 630 455 668 dicere,
470 630 508 660 ut
530 629 654 668 lapides
669 637 769 668 panes

72 674 160 704 nant.
175 674 237 704 Ubi
251 683 327 714 ergo
339 676 378 706 de
391 675 499 705 verbis
512 675 574 704 Dei
584 675 647 714 ait,
663 675 698 705 et
712 683 769 713 ge-

72 720 227 750 neraliter
251 721 314 758 ait,
335 721 413 758 quia
437 721 484 751 sic
512 719 654 758 vivitur,
670 721 703 751 et
731 720 767 751 in

71 764 189 796 talibus
199 765 266 795 vita
277 766 409 803 spiritus
422 765 505 804 mei;
521 765 601 804 quid
621 766 659 796 tu
685 765 767 796 mihi

69 810 240 842 subsibilas
263 812 304 841 ad
326 811 461 849 quodvis
486 820 616 851 eorum,
631 812 764 843 dicens:

68 858 175 888 Durus
185 859 228 888 est
242 857 291 888 hic
303 866 402 889 sermo
413 857 426 887 ?
441 859 519 896 Quae
529 858 590 888 Dei
604 858 707 889 Filius
718 857 767 888 di·

68 901 138 941 xit,
153 903 188 934 et:
209 902 294 934 facta
317 904 392 934 sunt
406 905 562 935 alimenta
576 904 671 943 vitae3
684 904 764 935 tune

67 956 145 978 saxa
155 949 279 980 dixeris
287 971 296 987 ‚
308 951 365 988 qui
380 950 466 980 filius
476 951 537 981 Dei
551 959 617 980 non
634 950 687 981 es?
697 951 765 981 Non

65 1002 138 1024 sum
149 1003 207 1034 ego
216 996 271 1034 qui
283 997 317 1026 te
328 997 468 1026 arbitrer
481 995 580 1035 (quod
590 997 765 1027 temeraria

65 1048 194 1078 prorsus
210 1042 324 1080 rapina
344 1043 520 1072 arbitratus
535 1051 570 1073 es
586 1041 671 1083 ipse)
693 1051 764 1074 esse

65 1089 98 1116 te
115 1087 273 1126 aequalem
291 1088 382 1126 Deo,
409 1089 447 1118 ut
466 1088 596 1119 dicente
617 1089 650 1119 te
672 1089 765 1128 panis

65 1134 101 1162 in
122 1134 264 1172 lapidem
281 1134 477 1165 revertatur.
505 1134 568 1172 Qui
593 1135 680 1166 filius
702 1135 764 1165 Dei

64 1187 129 1208 nou
145 1188 180 1210 es
192 1201 201 1217 ,
214 1176 284 1210 sine
298 1188 393 1210 causa
404 1180 493 1210 dicas
502 1201 512 1218 ‚
524 1181 561 1210 ut
572 1181 698 1219 lapides
709 1181 763 1212 isti

63 1233 164 1263 panes
177 1225 343 1255 ssant.Nec
354 1226 462 1255 minus
474 1225 591 1256 frustra
602 1226 695 1256 tuum
707 1236 764 1257 no-

63 1270 114 1300 his
127 1277 269 1309 apponas
280 1279 338 1310 pro
349 1278 434 1309 pane
449 1271 609 1310 lapidem,
623 1274 763 1311 scorpio-

63 1325 137 1347 nem
152 1325 210 1356 pro
225 1326 285 1348 ove
297 1339 306 1356 ‚
321 1326 379 1356 pre
390 1317 480 1356 pisce
495 1318 693 1356 serpentem.
706 1320 761 1350 Vae

64 1364 152 1393 cuim
167 1363 219 1394 his
234 1364 290 1403 qui
306 1372 425 1403 panem
439 1364 582 1403 lapidem
593 1386 602 1401 ,
618 1365 760 1403 lapidem

62 1417 183 1448 panem
204 1409 334 1448 dicunt,
355 1411 515 1448 ponentes
537 1410 644 1440 lucem
666 1411 760 1441 tene-

62 1455 135 1485 bras
145 1477 154 1494 ,
167 1455 200 1486 et
209 1455 362 1486 tenebras
375 1456 504 1486 lucem:
515 1455 629 1495 iugum
641 1457 759 1487 Christi

61 1509 211 1540 asperum
224 1523 234 1539 ,
249 1502 283 1532 et
303 1509 373 1531 esse
388 1502 447 1532 sub
462 1503 610 1533 sentibus
626 1503 760 1534 delicias

58 1547 258 1585 reputantes.
285 1548 349 1577 Has
374 1547 509 1578 delicias
534 1549 648 1578 nolim.
677 1549 759 1589 Opto

59 1593 160 1632 magis
177 1593 306 1631 gustare
320 1593 355 1624 et
368 1593 500 1631 videre,
516 1595 670 1632 quoniam
684 1604 758 1626 sua-

60 1639 109 1668 vis
124 1639 172 1670 est
183 1640 351 1670 Dominus.
368 1640 435 1670 Hoc
456 1639 543 1671 enim
558 1648 624 1670 non
639 1641 758 1672 frustra

58 1685 86 1714 is
101 1685 170 1724 ipse
180 1707 189 1723 ‚
203 1685 261 1725 qui
271 1686 382 1716 monet
396 1707 405 1724 ,
418 1686 588 1717 studuerat
599 1688 755 1726 experiri.

56 1730 204 1770 Denique
218 1732 265 1762 ait
280 1741 288 1761 ι
307 1733 407 1771 Quam
417 1732 518 1762 dulcia
529 1732 669 1770 faucibus
682 1735 757 1765 meis

56 1775 177 1813 eloquia
191 1776 267 1806 tua!
281 1776 320 1806 Et
334 1783 463 1805 rursum
479 1783 487 1804 t
505 1777 607 1815 Quam
620 1785 737 1816 maqna
745 1799 755 1814 ‚

56 1820 164 1858 iuquit
173 1842 182 1858 ‚
190 1821 352 1851 vmltitwlo
360 1821 523 1851 dulcedinis
533 1822 605 1858 tuce,
612 1823 755 1859 Domine,

55 1875 151 1904 quam
171 1866 356 1897 abscondisti
370 1866 545 1898 timentibus
559 1868 604 1897 te!
618 1868 678 1897 Ubi
694 1877 757 1907 pu-

54 1912 104 1941 tas
117 1911 344 1942 absconditur?
357 1912 480 1950 Nempe
491 1913 674 1951 sublingua
686 1923 754 1953 sua,

53 1957 113 1988 sub
128 1958 235 1996 capite
249 1957 338 1996 ejus,
360 1966 432 1996 quae
456 1957 536 1988 dicit
551 1966 560 1988 z
575 1960 668 1989 Loeoa
691 1961 755 1998 ejus

54 2003 109 2034 sub
122 2005 218 2043 capite
229 2012 296 2034 meo
305 2025 316 2041 ,
328 2005 356 2035 ct
363 2005 490 2035 dextera
500 2004 582 2035 illius
593 2007 755 2043 amplexa-

56 2048 137 2079 bitur
161 2058 221 2080 me.
247 2050 340 2081 Licet
361 2050 450 2080 enim
475 2049 510 2080 in
537 2051 753 2088 promissione

56 2094 133 2126 vitae
157 2095 228 2133 ejus
252 2103 325 2134 quae
349 2103 438 2126 nunc
463 2096 532 2134 est,
559 2095 697 2126 dulcedo
721 2098 753 2128 et

52 2141 226 2173 multitudo
235 2141 417 2172 dulcedinis
425 2163 434 2180 ‚
445 2141 478 2171 et
485 2149 599 2179 magna
606 2150 732 2181 quoque
742 2166 751 2181 ,

53 2187 87 2218 ct
99 2195 256 2227 perquam
274 2195 389 2226 magna
405 2188 448 2218 sit
466 2187 660 2226 multitud03
676 2197 752 2227 per-

52 2233 151 2264 fectio
172 2234 284 2264 tamen
311 2233 442 2263 nonnisi
470 2233 507 2263 in
535 2235 749 2273 promissione

53 2279 183 2312 suturae.
205 2280 382 2319 Peffecisti,
406 2280 533 2319 inquit,
549 2280 596 2311 his
611 2283 666 2320 qui
684 2291 752 2320 spc-

51 2328 124 2357 rant
143 2327 177 2356 in
201 2327 248 2363 te,
267 2327 300 2356 in
317 2328 476 2365 conspectu
494 2326 630 2364 filiorum
652 2327 751 2358 homi-

53 2380 139 2402 num.
154 2370 240 2408 Quid
250 2370 411 2410 perfecit?
426 2371 496 2401 Non
512 2371 561 2401 est
576 2371 629 2401 hic
645 2380 750 2403 sermo

51 2418 85 2447 in
115 2417 225 2455 lingua
243 2438 253 2455 ,
281 2416 338 2446 sed
364 2425 462 2455 supra
489 2417 644 2456 linguam.
674 2419 749 2450 Ideo

52 2463 138 2494 enim
153 2462 319 2492 aurisffnon
334 2462 442 2500 audit,
457 2463 532 2501 quia
556 2471 617 2494 nec
639 2464 748 2503 lingua

51 2508 186 2548 protulit
208 2507 295 2546 quod
318 2508 512 2546 praeparavit
526 2509 612 2538 Deus
627 2509 678 2539 his
693 2510 748 2549 qui

53 2554 190 2592 diligunt
217 2560 305 2585 eum.
320 2554 386 2584 Nec
405 2561 481 2584 sane
502 2554 537 2584 in
562 2554 749 2587 abscondito

51 2600 284 2630 consummatio
316 2600 371 2629 illa
392 2622 401 2638 ‚
426 2599 483 2630 sed
512 2601 546 2630 in
573 2603 748 2640 conspectu

53 2644 188 2686 tiliorum
217 2646 385 2684 hominum
413 2645 485 2679 erit.
502 2646 646 2687 congrue
670 2655 747 2682 vero

807 307 890 338 cisse
921 315 995 337 cum
1023 308 1229 345 sperantibus
1258 309 1402 352 ait28pc
1424 315 1507 347 enim

805 354 882 387 salvi
893 354 971 393 facti
983 362 1100 387 sumus.

959 459 1130 494 SERMO
1164 460 1350 495 XCVIII.

860 527 900 552 ne
911 527 975 552 finis
987 528 1075 560 pacis,
1085 529 1115 553 in
1128 529 1234 560 quihus
1245 529 1353 554 habitat
1367 528 1449 555 neus.

843 583 956 613 Factus
971 583 1015 612 cst
1035 584 1068 612 in
1087 591 1162 621 pace
1177 582 1260 613 locus
1282 581 1358 620 ejus.
1374 581 1428 611 Est
1442 588 1508 620 pax

801 625 875 657 ficta
885 649 894 665 ,
909 627 995 658 utin
1009 628 1092 658 Juda
1106 636 1116 658 ε
1133 628 1184 658 est
1202 627 1386 658 inordinata
1396 649 1406 666 ,
1420 627 1507 658 utin

801 673 902 703 Adam
918 674 951 705 et
964 675 1041 706 Eva.
1065 674 1189 704 Harum
1210 674 1328 705 neutra
1352 674 1401 704 est
1414 674 1505 703 locus

800 719 872 750 Dei.
890 720 963 751 Sola
983 729 1050 759 pax
1069 719 1269 759 Christiana,
1284 728 1381 759 quam
1395 718 1509 749 Domi-

799 773 862 796 nus
875 766 1012 805 reliquit
1027 766 1061 797 et
1074 766 1130 804 dat
1144 766 1313 805 discipulis
1335 765 1419 803 suis,
1436 765 1507 803 ipsa

800 811 850 842 est
875 811 911 842 in
937 820 1001 851 qua
1025 812 1183 843 Dominus
1210 811 1400 850 requiescit.
1429 811 1506 842 Haec

799 856 936 888 offertur
949 866 1010 896 per
1033 858 1160 889 sanctos
1183 858 1410 897 praedicatores
1430 856 1507 887 uni—

798 911 893 933 verso
907 903 1020 942 generi
1035 904 1179 935 humano
1191 912 1200 934 z
1213 904 1271 934 sed
1286 912 1358 934 eam
1372 902 1505 942 quidam

798 950 982 988 repellunt,
1009 950 1112 989 aliqui
1135 950 1312 989 recipiunt.
1338 950 1402 980 Nos
1425 957 1505 980 vero

798 996 1005 1027 excutientes
1030 997 1204 1035 pulverem
1231 996 1354 1036 pedum
1378 996 1505 1026 nostro—

797 1048 872 1070 rum
886 1047 989 1080 super‘
998 1042 1147 1073 odientes
1160 1050 1276 1081 pacem
1287 1063 1298 1080 ,
1312 1041 1354 1072 ad
1368 1042 1505 1072 dilecto-

797 1095 869 1116 rem
901 1087 1048 1125 ejusdem
1081 1087 1172 1127 pacis
1198 1096 1258 1118 nos
1287 1087 1502 1118 conferamus.

797 1133 914 1164 Eorum
931 1134 987 1164 alii
1001 1134 1155 1164 dicuntur
1164 1134 1364 1173 recipientes
1374 1141 1502 1172 pacem,

797 1179 853 1209 alii
877 1179 1061 1210 retinentes
1084 1187 1218 1219 pacem,
1242 1179 1301 1209 alii
1328 1179 1500 1210 facientes.

795 1225 930 1256 Possunt
942 1226 975 1256 et
989 1225 1062 1256 aliis
1075 1226 1264 1256 nominibus
1274 1225 1398 1263 vocari,
1413 1225 1504 1255 scili-

796 1271 849 1301 cet
876 1271 1002 1309 pacati,
1017 1271 1202 1310 patientes,
1215 1270 1356 1310 pacifici.
1373 1271 1412 1300 Et
1433 1271 1504 1301 haec

794 1317 926 1347 nomina
951 1317 1132 1348 sortiuntur
1153 1316 1336 1347 secundum
1357 1316 1504 1347 diversos

794 1362 895 1393 status
910 1363 999 1402 pacis
1012 1384 1021 1401 ‚
1037 1363 1072 1393 in
1085 1362 1206 1402 quibus
1220 1362 1405 1401 proficiunt.
1421 1363 1500 1393 Nam

794 1409 900 1447 pacati
928 1417 989 1448 per
1013 1409 1098 1440 hanc
1118 1417 1234 1448 pacem
1248 1408 1420 1447 possident
1433 1409 1502 1439 ter-

793 1462 862 1484 ram
883 1455 1026 1493 corporis
1041 1454 1111 1492 sui,
1127 1454 1205 1494 quia
1225 1454 1323 1485 mites
1338 1455 1424 1485 sunt.
1440 1455 1501 1485 Pa-

792 1500 913 1531 tientes
939 1500 1106 1539 possident
1132 1500 1275 1531 animam
1302 1502 1501 1540 suam‚qui-

792 1545 853 1577 bus
867 1547 988 1578 dicitur
1004 1555 1013 1577 ε
1029 1549 1067 1578 In
1078 1548 1232 1587 patientia
1252 1550 1354 1579 cestra
1365 1550 1501 1587 posside-

793 1592 860 1623 bitis
880 1594 1003 1624 animas
1027 1595 1158 1625 vestras.
1178 1593 1308 1623 Pacifici
1332 1594 1499 1632 possident

791 1646 857 1669 non
880 1639 985 1669 solum
1005 1647 1115 1677 suam,
1136 1639 1195 1669 sed
1216 1640 1317 1670 etiam
1338 1640 1496 1678 aliorum,

791 1683 960 1721 inquibus
980 1684 1105 1715 faciunt
1119 1693 1246 1723 pacem.
1263 1685 1355 1715 Unde
1379 1686 1497 1716 merito

791 1728 848 1758 filii
858 1730 918 1759 Dei
929 1731 1098 1761 vocantur.
1113 1731 1224 1761 Pacati
1238 1739 1315 1769 ergo
1327 1730 1494 1769 dicuntur,

791 1774 847 1811 qui
868 1782 983 1814 pacem
998 1775 1182 1814 recipiunt,
1198 1775 1238 1806 de
1253 1776 1372 1814 quibus
1393 1776 1497 1815 scrip-

792 1820 860 1849 tum
889 1820 939 1850 est
955 1829 964 1850 ε
981 1822 1017 1851 Si
1039 1821 1084 1851 ibi
1106 1822 1200 1859 fuerit
1222 1822 1304 1859 filnes
1326 1823 1429 1860 pacis,
1444 1832 1496 1853 rs-

790 1867 918 1904 quiescet
933 1876 1023 1905 super
1037 1867 1126 1898 illum
1135 1876 1202 1905 pax
1212 1869 1325 1898 vestra.
1342 1867 1406 1897 Sed
1419 1868 1495 1907 quia

789 1912 901 1949 pusilli
929 1913 1024 1950 sunt,
1047 1912 1208 1943 scandalis
1237 1913 1414 1952 exagitati,
1431 1914 1496 1944 cito

788 1966 901 1995 pacem
922 1966 1019 1996 quam
1043 1959 1238 1997 receperant
1262 1959 1418 1998 perdunt.
1434 1961 1496 1990 Pa-

788 2003 908 2034 tientes
932 2005 1042 2035 autem
1064 2004 1141 2035 sunt
1154 2004 1211 2043 qui
1230 2005 1397 2043 receptam
1411 2006 1494 2036 reti-

787 2050 882 2087 nent,
909 2058 971 2080 nec
1002 2050 1119 2089 quavis
1151 2050 1276 2088 injuria
1305 2052 1493 2090 exasperati

788 2104 859 2125 eam
878 2096 1044 2126 amittunt.
1060 2096 1133 2127 Istis
1146 2096 1314 2135 tamquam
1329 2097 1493 2128 robustio-

785 2142 875 2172 ribus
886 2142 1094 2181 praecipitur:
1105 2144 1220 2174 Pacem
1231 2144 1342 2182 eliliqz'te
1358 2145 1387 2173 et
1400 2152 1492 2174 sanc-

786 2189 963 2227 timonium,
979 2190 1043 2219 sine
1069 2198 1133 2228 qua
1160 2197 1249 2219 ‘nemo
1273 2190 1354 2219 videt
1377 2191 1490 2221 Deum.

784 2234 912 2264 Pacifici
928 2243 1006 2265 vero
1028 2235 1084 2274 qui
1098 2242 1163 2265 non
1177 2235 1280 2265 solum
1298 2235 1332 2265 in
1348 2243 1382 2265 se
1399 2236 1432 2266 et
1455 2236 1489 2266 in

784 2279 858 2309 aliis
874 2288 946 2309 cam
972 2279 1116 2318 faciunt,
1131 2279 1189 2310 sed
1212 2280 1314 2310 etiam
1340 2280 1490 2311 volentes

784 2325 914 2356 auferre
941 2326 1098 2365 diligunt,
1115 2325 1201 2356 sicut
1225 2326 1384 2364 scriptum
1412 2327 1461 2357 est
1477 2335 1488 2356 t

785 2373 862 2403 Cum
877 2372 924 2403 Itis
944 2373 996 2411 (μιί
1011 2373 1140 2403 oderunt
1151 2381 1278 2411 pacem,
1292 2381 1380 2402 eram
1400 2373 1489 2410 paci-

781 2419 866 2456 ficus.
892 2419 974 2449 Ecce
1000 2418 1057 2449 isti
1083 2419 1272 2457 sunt‚qu0s
1297 2418 1381 2448 sicut
1404 2418 1488 2447 filios

782 2464 869 2494 Deus
893 2464 1018 2502 diligit,
1043 2465 1078 2494 et
1106 2464 1147 2494 de
1176 2464 1295 2502 quibus
1321 2464 1485 2501 tamquam

783 2510 868 2540 vivis
884 2510 1047 2549 lapidibus
1068 2510 1229 2548 templum
1243 2509 1306 2539 sibi
1318 2508 1485 2545 Sapientia

783 2556 951 2586 construit.
968 2557 1016 2586 De
1031 2564 1094 2594 quo
1109 2555 1246 2586 aedificio
1257 2575 1266 2592 5
1281 2562 1323 2584 ne
1338 2554 1405 2583 ullo
1420 2553 1486 2582 im-

781 2603 876 2641 pulsu
897 2603 1022 2641 possint
1036 2601 1242 2638 labefactari,
1258 2600 1327 2637 ipso
1350 2599 1418 2628 Deo
1432 2598 1485 2628 in·-

781 2647 950 2682 habitante
965 2647 1088 2688 pariter
1104 2647 1137 2678 et
1151 2646 1305 2685 operante
1315 2666 1324 2683 ,
1342 2644 1380 2675 ad
1391 2644 1484 2675 simi-
