1810 3073
297 203 357 234 250

295 258 383 288 hune
405 257 439 288 in
454 266 493 289 eo
509 256 676 297 sapientiae
693 257 831 295 justitiae
843 265 905 296 que
922 265 998 287 can-

761 206 792 232 5.
822 204 1061 233 BERNARDI
1086 205 1277 234 ABBATIS

1070 257 1102 286 8.
1125 258 1216 294 Quod
1237 267 1311 289 cum
1335 259 1379 289 ita
1400 259 1460 298 sit,
1480 260 1592 299 pulcre
1614 268 1726 299 sponsa

296 302 408 333 dorem
434 303 570 341 nigredo
597 303 655 332 illa
685 303 828 333 exterior
851 302 891 332 de
914 310 998 340 prae·
1031 303 1193 333 convertit
1207 304 1269 333 sibi
1286 304 1326 333 ad
1346 305 1497 343 gloriam,
1522 305 1608 343 quod
1622 307 1653 335 ei
1668 314 1725 345 pro

294 349 401 379 sentia
425 349 568 387 corporis
595 348 740 384 infirma,
765 347 805 376 de
830 346 996 375 laboribus
1030 348 1202 385 opprobrio
1216 348 1255 378 ab
1277 350 1401 379 aemulis
1422 350 1651 388 intorquetuu.
1662 360 1725 382 non

292 394 461 433 plurimis,
474 394 514 424 de
535 394 674 432 jejuniis
688 401 724 422 ac
738 391 860 430 vigiliis
872 391 994 429 multis,

293 441 351 471 aut
387 440 603 478 operabatur‚
640 439 697 468 aut
737 437 992 476 promerebatur.

293 484 435 523 Ideoque
449 485 482 515 et
493 484 578 522 quod
592 483 723 521 nigrum
739 483 788 512 est
800 482 908 519 Pauli,
921 490 995 520 spe-

293 530 411 560 ciosius
445 530 495 560 est
529 529 617 558 omni
645 528 762 558 ornatu
791 527 992 565 extrinseco,

292 576 382 605 omni
397 576 496 605 etiam
516 574 605 612 regio
620 574 722 603 cultu.
738 574 806 603 Non
829 581 993 611 compara-

290 619 380 650 bitur
395 620 426 649 ei
446 619 648 658 quantalibet
665 618 848 656 pulcritudo
865 619 971 649 carnis
983 641 991 656 ‚

291 673 357 694 non
373 666 456 695 cutis
478 665 592 703 utique
608 665 712 694 nitida
729 666 762 694 et
783 673 911 702 arsura,
926 673 990 695 non

290 709 391 740 facies
412 711 552 740 colorata
573 709 681 739 vicina
713 710 901 748 putredini,
927 719 989 740 non

290 756 392 786 vestis
407 756 548 794 pretiosa
577 755 717 785 obnoxia
733 756 905 793 vetustati,
926 764 988 785 11011

290 801 360 830 auri
381 802 526 839 species,
549 801 743 838 splendorve
771 809 988 838 gemmarum,

290 855 349 877 seu
369 855 506 885 quaeque
527 846 624 883 talia,
640 854 711 884 quae
733 846 840 876 omnia
860 848 934 877 sunt
949 848 989 877 ad

289 893 544 930 corruptionem.

330 937 359 966 7.
376 937 490 967 Merito
505 937 641 976 proinde
656 935 760 966 omnis
771 944 848 966 cura
863 936 989 966 sancto-

287 990 359 1011 rum
371 1004 379 1020 ,
395 983 503 1020 spreto
517 984 632 1013 ornatu
647 983 801 1020 cultuque
823 983 987 1020 superfluo

288 1028 461 1057 exterioris
476 1028 525 1057 sui
542 1028 700 1065 hominis,
724 1028 779 1065 qui
802 1028 890 1057 certe
917 1036 988 1057 cor-

286 1073 452 1111 rumpitur
465 1094 474 1110 ,
490 1074 578 1103 omni
594 1081 627 1103 se
640 1073 808 1111 diligentia
820 1073 944 1111 praebet
955 1074 987 1102 et

286 1120 423 1156 occupat
446 1119 624 1149 excolendo
645 1127 681 1148 ac
704 1118 885 1148 decorando
902 1119 987 1149 inte-

285 1164 364 1193 riori
380 1164 448 1202 illi,
465 1164 521 1203 qui
542 1165 583 1194 ad
605 1164 778 1202 imaginem
793 1164 854 1193 Dei
871 1165 937 1202 est,
954 1165 985 1194 et

286 1211 463 1239 renovatur
486 1210 525 1240 de
558 1210 610 1240 die
633 1209 669 1239 in
685 1210 785 1239 diem.
799 1209 884 1239 Certi
912 1211 985 1240 sunt

286 1255 375 1284 0111111
391 1256 458 1286 Ι)00
473 1264 537 1285 11011
552 1263 645 1294 posse
663 1263 732 1285 esse
747 1255 921 1293 quicquam
935 1264 984 1285 ac-

285 1302 413 1338 ceptius
434 1301 577 1339 imagine
593 1309 668 1339 sua,
691 1301 717 1330 si
734 1301 864 1339 proprio
886 1301 983 1332 suerit

284 1346 433 1376 restituta
462 1346 584 1376 decori.
613 1347 787 1384 Propterea
820 1347 854 1376 et
881 1348 984 1377 omnis

283 1391 385 1428 gloria
401 1400 514 1422 eorum
534 1392 620 1422 intus
633 1414 642 1430 ,
655 1400 720 1422 non
736 1391 813 1421 foris
835 1392 901 1430 est,
924 1393 984 1422 hoc

284 1438 411 1466 estnon
428 1438 461 1466 111
477 1437 555 1466 ssore
570 1437 671 1475 foeni,
687 1437 744 1466 aut
760 1437 793 1466 in
805 1445 860 1467 ore
874 1438 983 1476 vulgi,

283 1482 341 1512 sed
356 1483 391 1512 in
406 1483 554 1512 Domino.
572 1483 664 1512 Unde
682 1484 715 1512 et
730 1483 858 1519 dicunt,
876 1484 983 1513 Gloria

281 1530 390 1557 nostra
413 1528 476 1558 11ωο
492 1530 552 1564 est,
577 1529 780 1558 testimoninm
795 1529 982 1559 conscientiae

281 1576 393 1603 ‘nostroe
406 1582 416 1602 .·
433 1573 519 1611 quod
543 1574 749 1603 conscientiae
764 1574 849 1603 solus
869 1573 911 1604 sit
932 1582 983 1603 ar-

280 1619 369 1648 biter
382 1619 486 1656 DeuS,
498 1619 550 1648 cui
565 1619 624 1649 soli
635 1620 763 1656 placere
779 1618 980 1657 desiderant3

281 1665 316 1694 et
342 1665 394 1694 cui
428 1665 558 1702 placere
569 1685 579 1701 ‚
605 1666 673 1694 sola
698 1672 776 1694 vera
802 1665 834 1693 et
858 1673 981 1695 summa

279 1711 382 1747 gloria
410 1711 469 1740 est.
486 1711 555 1740 Non
570 1710 742 1740 mediocris
764 1709 859 1748 plane
881 1711 980 1747 gloria

279 1755 337 1784 illa
349 1763 419 1792 quae
437 1754 522 1785 intus
538 1756 599 1793 est,
611 1755 643 1784 in
653 1763 715 1793 qua
728 1754 857 1792 gloriari
869 1755 980 1792 (ligna-

278 1802 333 1830 1111
350 1802 383 1830 et
398 1800 552 1830 Dominus
563 1801 691 1839 gloriae,
708 1800 836 1830 dicente
850 1801 952 1831 David
971 1811 978 1830 :

280 1848 386 1876 Omnis
401 1847 499 1884 yterio,
512 1847 575 1883 ejus
589 1847 659 1883 filz‘oe
674 1847 751 1884 reqis
771 1846 811 1876 ab
835 1847 928 1876 intas.
942 1848 977 1876 Et

277 1893 381 1921 tutior
405 1900 461 1921 sua
490 1892 607 1930 cuique
632 1892 753 1930 gloria,
779 1891 855 1921 dum
881 1892 978 1923 habet

280 1938 397 1967 camin
413 1938 587 1976 semetipso
598 1959 607 1975 ‚
624 1939 657 1968 et
679 1946 744 1967 non
758 1937 792 1966 in
808 1938 923 1968 altero.
939 1939 976 1968 At

277 1992 343 2013 non
367 1983 401 2013 in
421 1984 488 2013 solo
503 1983 646 2014 fortassis
666 1983 804 2013 candore
829 1983 975 2022 interno‚

277 2029 334 2059 sed
357 2029 390 2057 in
414 2028 569 2058 exteriori
592 2036 738 2067 quoque,
754 2028 923 2065 nigredine
945 2032 975 2059 et

277 2074 442 2105 exteriore
458 2074 678 2111 gloriandum,
695 2082 737 2104 ne
753 2074 831 2112 quid
847 2075 976 2105 omnino

276 2119 395 2148 sanctis
410 2119 582 2157 depereat,
598 2119 655 2149 sed
677 2119 785 2149 omnia
799 2127 975 2158 cooperen-

273 2166 330 2193 tur
344 2164 377 2193 in
389 2164 524 2194 bonum.
535 2165 604 2194 Non
620 2165 723 2195 solum
735 2164 835 2202 igitur
849 2165 883 2194 in
898 2173 954 2203 spe
965 2187 973 2201 ‚

275 2209 333 2239 sed
357 2210 390 2239 et
414 2210 544 2248 gloriari
565 2210 599 2240 in
621 2210 899 2240 tribulationibus.
923 2212 974 2240 Li-

279 2255 398 2291 benter,
415 2256 479 2292 ait,
503 2256 658 2293 qloriabor
687 2257 718 2285 in
746 2256 974 2293 infirmitatibus

273 2301 364 2335 meis,
379 2301 413 2329 ut
428 2300 576 2330 inhabitet
598 2301 632 2330 in
654 2309 702 2330 ‘me
726 2301 824 2330 virtus
849 2301 971 2331 Christi.

277 2345 419 2384 optanda
433 2345 604 2376 infirmitas
613 2368 622 2383 ,
637 2355 708 2383 quae
721 2346 837 2376 Christi
850 2347 971 2378 virtute

276 2391 510 2430 compensatur.
521 2391 598 2428 Quis
608 2391 698 2421 dabit
707 2392 787 2421 mihi
797 2400 860 2422 non
868 2394 970 2423 solum

275 2436 448 2475 infirmari,
477 2437 534 2467 sed
558 2437 592 2467 et
616 2437 749 2467 destitui
773 2445 810 2467 30
832 2437 970 2469 deficere

269 2482 404 2521 penitus
423 2490 442 2512 a
463 2483 678 2520 memetipso,
699 2483 737 2512 ut
752 2482 881 2512 Domini
904 2485 971 2513 vir-

270 2529 379 2557 tutum
387 2527 506 2558 virtute
515 2528 660 2558 stabiliar
669 2528 770 2558 ἓΝαηι
778 2529 874 2559 virtus
882 2529 912 2558 ἰη
925 2531 971 2559 in-

270 2573 414 2604 firmitate
421 2574 586 2614 perficitur.
599 2574 746 2612 Denique
762 2573 807 2603 ait
821 2582 829 2603 ι
842 2575 969 2613 Quando

271 2614 427 2657 infirmor,
445 2620 516 2650 tunc
526 2619 615 2659 fortis
629 2629 697 2650 sum
711 2622 738 2650 et
747 2622 865 2659 polens.

1028 392 1123 421 modo
1135 393 1323 430 formosam,
1339 394 1397 424 sed
1419 395 1453 424 et
1467 395 1590 433 niqram
1607 403 1675 425 esse
1690 405 1725 426 se

1028 436 1178 474 glorians.
1195 439 1263 468 Non
1289 439 1376 469 enim
1401 440 1564 470 erubescit
1583 441 1724 478 nigredi-

1028 489 1102 511 nem
1114 503 1124 518 ,
1150 491 1247 520 quam
1275 484 1367 513 novit
1394 484 1594 522 praecessisse
1629 488 1662 516 et
1689 486 1723 516 in

1027 534 1140 563 sponso
1159 536 1166 557 :
1186 528 1239 558 cui
1255 529 1389 558 similari
1403 530 1530 567 quantae
1546 530 1642 559 etiam
1657 531 1723 568 glo«

1026 572 1083 602 riae
1103 573 1172 603 est?
1186 574 1237 603 Nil
1253 573 1314 603 sibi
1329 575 1498 612 gloriosius
1512 575 1647 613 proinde
1662 584 1721 613 pu-

1026 618 1072 648 tat
1083 640 1092 655 ‚
1109 627 1205 657 quam
1221 619 1338 649 Christi
1357 621 1484 658 portare
1501 621 1719 659 opprobrium.

1025 663 1117 694 Unde
1134 673 1198 694 vox
1220 665 1275 694 illa
1297 673 1426 703 prorsus
1442 666 1667 696 exsultationis
1688 668 1721 698 et

1023 709 1135 739 salutis
1151 718 1159 739 :
1175 711 1261 741 Absit
1273 711 1350 740 <milii
1364 712 1509 749 ‹stoi-tari,
1521 713 1578 742 nist
1590 712 1622 741 in
1636 721 1720 743 cruce

1022 756 1226 785 Dominimei
1245 757 1317 786 Jesa
1334 756 1457 787 Christi.
1482 758 1604 787 GRATA
1629 757 1719 795 igno-

1022 800 1126 830 minia
1142 802 1247 831 0111015
1263 801 1294 831 01
1305 823 1314 839 ,
1331 801 1388 840 qui
1402 802 1563 831 Crucifixo
1577 803 1722 840 ingratus

1022 853 1085 875 non
1102 848 1160 876 est.
1174 847 1311 885 Nigredo
1325 848 1373 877 est
1383 869 1392 885 ,
1405 848 1460 877 sed
1472 847 1572 877 forma
1588 850 1621 878 et
1632 848 1720 878 simi-

1022 891 1123 921 litudo
1135 893 1371 923 Domini.Vade
1382 894 1421 923 ad
1437 895 1580 924 sanctum
1591 895 1720 932 Isaiam,

1021 938 1054 966 et
1069 937 1230 968 describet
1253 939 1334 976 tibi,
1354 940 1482 977 qualem
1498 939 1532 969 in
1548 940 1667 978 spiritu
1678 941 1720 969 il-

1021 981 1088 1011 111111
1104 983 1238 1013 viderit.
1255 984 1358 1021 Quem
1372 993 1510 1022 namque
1523 985 1623 1014 alium
1639 985 1719 1015 dicit

1019 1027 1119 1056 viram
1133 1028 1246 1058 doloris
1254 1049 1266 1064 ‚
1286 1031 1314 1058 et
1329 1031 1470 1059 scientem
1486 1030 1717 1069 infirmitatemf

1020 1072 1053 1100 et
1066 1072 1141 1109 quia
1165 1081 1229 1102 11οη
1249 1075 1316 1103 erat
1331 1074 1359 1102 εἰ
1371 1074 1480 1111 species
1495 1082 1590 1112 neque
1610 1074 1717 1104 decor?

1019 1117 1056 1146 Et
1067 1117 1193 1147 addidit
1204 1119 1284 1148 :Nos
1295 1120 1466 1156 putavimus
1478 1127 1544 1148 eum
1559 1120 1716 1157 tamquam

1018 1162 1188 1200 leprosum,
1203 1164 1231 1192 et
1243 1172 1452 1201 percussuma
1474 1165 1555 1201 Deo,
1576 1165 1605 1194 et
1617 1164 1715 1196 humi·
1757 1174 1764 1180 ⁴

1018 1208 1136 1237 ltatum.
1153 1210 1218 1246 Ipse
1235 1210 1336 1238 autem
1354 1210 1530 1239 vulneratus
1542 1211 1716 1248 estpropter

1018 1254 1192 1292 iniquitates
1205 1256 1345 1290 nostras,
1359 1256 1385 1284 et
1401 1255 1523 1284 attrItus
1536 1257 1578 1284 est
1591 1258 1717 1293 propter

1017 1300 1129 1330 scelera
1139 1302 1245 1331 nostra
1253 1310 1263 1337 ‚·
1272 1301 1398 1330 etltvore
1409 1300 1472 1337 ejus
1482 1301 1586 1330 sanati
1595 1309 1710 1331 sumus.

1017 1344 1096 1374 Ecce
1118 1345 1204 1375 unde
1224 1345 1328 1384 niger.
1345 1346 1449 1383 Junge
1468 1345 1501 1374 et
1514 1345 1596 1375 illud
1610 1347 1715 1376 sancti.

1016 1390 1138 1429 David,
1162 1393 1319 1430 Spa-iosus
1344 1391 1446 1428 forma
1472 1399 1537 1428 prae
1561 1391 1629 1428 filiis
1657 1392 1713 1422 ho-

1018 1437 1134 1466 minum
1149 1447 1160 1475 ,-
1185 1438 1218 1467 et
1242 1437 1342 1466 habes
1376 1437 1479 1466 totum
1513 1435 1547 1465 in
1576 1445 1708 1475 sponso,

1015 1481 1100 1518 quod
1123 1490 1238 1520 sponsa
1254 1482 1294 1512 de
1314 1490 1348 1512 se
1369 1482 1430 1512 1100
1448 1481 1571 1512 11110οο
1595 1483 1711 1513 testata

1015 1527 1074 1556 est.

1053 1573 1084 1602 9.
1101 1573 1181 1602 Num
1197 1572 1256 1602 tibi
1271 1572 1360 1602 recte
1379 1572 1411 1602 et
1432 1572 1502 1610 ipse
1517 1572 1646 1603 videtur
1660 1581 1711 1603 se-

1014 1617 1154 1647 cundum
1187 1625 1225 1647 ea
1250 1626 1322 1655 quae
1352 1617 1438 1646 dicta
1464 1619 1556 1655 sunt,
1584 1619 1710 1649 aemulis

1013 1671 1105 1701 posse
1128 1662 1323 1700 respondere
1343 1662 1463 1692 Judaeis
1479 1671 1486 1690 :
1503 1663 1598 1701 Niger
1612 1672 1684 1693 sum
1698 1685 1708 1701 ,

1012 1709 1068 1738 sed
1097 1708 1272 1745 formosus,
1302 1707 1360 1737 filii
1386 1708 1583 1738 Jerusalem?
1613 1709 1710 1746 Niger

1012 1756 1106 1792 plane
1117 1777 1126 1792 ‚
1137 1755 1189 1784 cui
1202 1763 1262 1783 non
1279 1756 1346 1783 erat
1359 1754 1467 1792 species
1476 1775 1484 1790 ‚
1496 1762 1591 1791 neque
1603 1755 1707 1794 decor,-

1012 1801 1102 1837 niger
1113 1821 1121 1837 ,
1138 1799 1212 1837 quia
1227 1800 1338 1829 vermis
1351 1801 1378 1828 et
1398 1807 1461 1827 non
1476 1798 1566 1828 homo
1577 1820 1586 1835 ‚
1602 1808 1708 1837 oppro-

1013 1846 1112 1875 briam
1125 1845 1282 1874 hominum
1292 1865 1301 1881 ,
1316 1846 1345 1874 et
1360 1843 1476 1881 abjecto
1488 1844 1592 1881 plebis.
1608 1845 1706 1874 Deni—

1010 1899 1073 1928 que
1089 1890 1231 1928 seipsum
1243 1890 1312 1927 fecit
1325 1891 1480 1928 peccatum
1494 1899 1504 1919 .·
1521 1890 1553 1918 et
1577 1890 1703 1927 nigrum

1009 1937 1118 1966 dicere
1133 1935 1264 1966 verear?
1279 1936 1408 1964 Intuere
1421 1943 1497 1964 sane
1512 1935 1625 1973 pannis
1636 1944 1703 1965 sor-

1009 1983 1137 2020 didum,
1150 1981 1252 2020 plagis
1273 1980 1412 2010 lividum
1424 2002 1433 2018 ‚
1447 1980 1565 2010 illitum
1582 1980 1682 2018 sputis
1692 2003 1701 2017 ‚

1008 2028 1164 2066 pallidum
1195 2027 1318 2064 morte3
1349 2026 1383 2055 et
1406 2025 1534 2063 nigrum
1557 2025 1608 2055 vel
1625 2025 1702 2056 tunc

1008 2075 1150 2113 profecto
1173 2073 1330 2103 fatebere.
1361 2072 1577 2102 percunctare
1603 2072 1703 2101 etiam

1007 2120 1192 2158 Apostolos,
1208 2118 1360 2149 eumdem
1384 2118 1491 2155 ipsum
1515 2117 1645 2155 qualem
1667 2117 1701 2147 in

1007 2166 1114 2194 monte
1130 2162 1440 2202 perspexerint33ut
1456 2162 1543 2191 certe
1556 2162 1702 2200 Angelos,

1006 2210 1040 2239 in
1055 2210 1182 2248 qualem
1201 2208 1385 2248 prospicere
1405 2207 1652 2246 concupiscant3
1669 2208 1702 2238 et

1006 2255 1218 2285 nihilominus
1234 2253 1407 2284 formosum
1428 2253 1603 2282 mirabere.
1620 2254 1698 2291 Ergo

1006 2300 1161 2331 formosus
1175 2300 1208 2330 in
1220 2307 1253 2329 se
1265 2321 1274 2337 ,
1290 2299 1382 2337 niger
1393 2299 1525 2337 propter
1539 2298 1583 2328 te.
1601 2299 1698 2335 Quam

1006 2346 1179 2376 formosum
1196 2346 1229 2376 et
1243 2345 1278 2374 111
1295 2353 1367 2374 11103
1380 2344 1480 2374 forma
1496 2345 1528 2374 te
1549 2351 1701 2382 agnosco,

1004 2392 1140 2422 Domine
1165 2392 1258 2421 Jesu!
1285 2399 1350 2421 non
1379 2391 1418 2421 ob
1441 2390 1551 2420 divina
1574 2390 1695 2420 tantum

1004 2437 1121 2476 quibus
1134 2437 1265 2475 effulges
1277 2436 1443 2473 miracula,
1453 2435 1509 2465 sed
1524 2435 1556 2465 et
1569 2435 1698 2473 propter

1005 2483 1177 2514 veritatem
1188 2504 1198 2520 ‚
1215 2484 1246 2513 ei
1262 2481 1542 2512 mansuetudinem
1553 2502 1562 2517 a
1578 2481 1611 2510 et
1630 2479 1698 2516 jus-

1004 2530 1121 2560 titiam.
1138 2530 1256 2559 Beatus
1278 2528 1333 2567 qui
1354 2529 1386 2557 te
1402 2527 1436 2557 in
1458 2527 1507 2556 his
1532 2525 1692 2555 hominem

1004 2575 1090 2605 inter
1104 2574 1250 2605 homines
1265 2573 1510 2604 conversantem
1525 2569 1694 2608 diligenter

1005 2621 1195 2659 observans,
1211 2618 1350 2659 seipsum
1366 2617 1488 2659 praebet
1502 2624 1557 2656 pro
1573 2614 1696 2645 viribus
