<?xml version="1.0" encoding="UTF-8"?>
<!DOCTYPE html PUBLIC "-//W3C//DTD XHTML 1.0 Transitional//EN"
    "http://www.w3.org/TR/xhtml1/DTD/xhtml1-transitional.dtd">
<html xmlns="http://www.w3.org/1999/xhtml" xml:lang="en" lang="en">
 <head>
  <title>
</title>
<meta http-equiv="Content-Type" content="text/html;charset=utf-8" />
  <meta name='ocr-system' content='tesseract 3.04.00' />
  <meta name='ocr-capabilities' content='ocr_page ocr_carea ocr_par ocr_line ocrx_word'/>
</head>
<body>
  <div class='ocr_page' id='page_1' title='image "./operagenuinajuxt03bernuoft/operagenuinajuxt03bernuoft_0036.png"; bbox 0 0 1830 3073; ppageno 0'>
   <div class='ocr_carea' id='block_1_1' title="bbox 289 219 330 252">
    <p class='ocr_par' dir='ltr' id='par_1_1' title="bbox 289 219 330 252">
     <span class='ocr_line' id='line_1_1' title="bbox 289 219 330 252; baseline 0.049 -2"><span class='ocrx_word' id='word_1_1' title='bbox 289 219 330 252; x_wconf 72' lang='lat'><strong>¹26</strong></span> 
     </span>
    </p>
   </div>
   <div class='ocr_carea' id='block_1_2' title="bbox 252 275 986 2673">
    <p class='ocr_par' dir='ltr' id='par_1_2' title="bbox 285 275 986 364">
     <span class='ocr_line' id='line_1_2' title="bbox 287 275 986 321; baseline 0.01 -15"><span class='ocrx_word' id='word_1_2' title='bbox 287 284 362 307; x_wconf 86' lang='lat' dir='ltr'><strong>cum</strong></span> <span class='ocrx_word' id='word_1_3' title='bbox 372 275 531 317; x_wconf 79' lang='lat' dir='ltr'>Propheta</span> <span class='ocrx_word' id='word_1_4' title='bbox 547 287 556 309; x_wconf 67' lang='grc' dir='ltr'><strong>ε</strong></span> <span class='ocrx_word' id='word_1_5' title='bbox 570 280 639 311; x_wconf 75' lang='lat' dir='ltr'><strong>Heu</strong></span> <span class='ocrx_word' id='word_1_6' title='bbox 649 282 741 313; x_wconf 72' lang='lat' dir='ltr'><strong>mihi!</strong></span> <span class='ocrx_word' id='word_1_7' title='bbox 753 284 826 321; x_wconf 81' lang='lat' dir='ltr'><strong>quia</strong></span> <span class='ocrx_word' id='word_1_8' title='bbox 838 283 986 313; x_wconf 78' lang='lat' dir='ltr'><em>incolatus</em></span> 
     </span>
     <span class='ocr_line' id='line_1_3' title="bbox 285 325 662 364; baseline 0.005 -11"><span class='ocrx_word' id='word_1_9' title='bbox 285 331 371 355; x_wconf 81' lang='lat' dir='ltr'><strong>meus</strong></span> <span class='ocrx_word' id='word_1_10' title='bbox 383 325 585 364; x_wconf 73' lang='lat' dir='ltr'><strong>prolonqatus</strong></span> <span class='ocrx_word' id='word_1_11' title='bbox 598 326 662 357; x_wconf 70' lang='lat' dir='ltr'><strong>est?</strong></span> 
     </span>
    </p>

    <p class='ocr_par' dir='ltr' id='par_1_3' title="bbox 252 366 985 2673">
     <span class='ocr_line' id='line_1_4' title="bbox 325 366 985 410; baseline 0.006 -12"><span class='ocrx_word' id='word_1_12' title='bbox 325 367 358 399; x_wconf 78' lang='grc' dir='ltr'><strong>[ι.</strong></span> <span class='ocrx_word' id='word_1_13' title='bbox 374 366 479 402; x_wconf 84' lang='lat' dir='ltr'><strong>Habes</strong></span> <span class='ocrx_word' id='word_1_14' title='bbox 489 371 557 408; x_wconf 86' lang='lat' dir='ltr'><strong>jam</strong></span> <span class='ocrx_word' id='word_1_15' title='bbox 567 370 756 410; x_wconf 83' lang='lat' dir='ltr'><strong>primordia,</strong></span> <span class='ocrx_word' id='word_1_16' title='bbox 771 371 872 402; x_wconf 89' lang='lat' dir='ltr'><strong>habes</strong></span> <span class='ocrx_word' id='word_1_17' title='bbox 885 371 985 402; x_wconf 84' lang='lat' dir='ltr'><strong>etiam</strong></span> 
     </span>
     <span class='ocr_line' id='line_1_5' title="bbox 284 415 984 455; baseline 0.004 -11"><span class='ocrx_word' id='word_1_18' title='bbox 284 415 391 445; x_wconf 87' lang='lat' dir='ltr'><strong>media</strong></span> <span class='ocrx_word' id='word_1_19' title='bbox 407 424 415 445; x_wconf 76' lang='grc' dir='ltr'><em>τ</em></span> <span class='ocrx_word' id='word_1_20' title='bbox 438 416 496 446; x_wconf 87' lang='lat' dir='ltr'><strong>sed</strong></span> <span class='ocrx_word' id='word_1_21' title='bbox 509 417 685 447; x_wconf 71' lang='lat' dir='ltr'><strong>novissima</strong></span> <span class='ocrx_word' id='word_1_22' title='bbox 699 425 770 455; x_wconf 79' lang='lat' dir='ltr'><strong>quae</strong></span> <span class='ocrx_word' id='word_1_23' title='bbox 792 416 892 447; x_wconf 81' lang='lat' dir='ltr'><strong>sunt?</strong></span> <span class='ocrx_word' id='word_1_24' title='bbox 906 419 984 447; x_wconf 81' lang='lat' dir='ltr'><strong>Nam</strong></span> 
     </span>
     <span class='ocr_line' id='line_1_6' title="bbox 285 459 982 500; baseline 0.004 -11"><span class='ocrx_word' id='word_1_25' title='bbox 285 459 325 489; x_wconf 92' lang='lat' dir='ltr'><strong>de</strong></span> <span class='ocrx_word' id='word_1_26' title='bbox 341 460 389 490; x_wconf 91' lang='lat' dir='ltr'><strong>eis</strong></span> <span class='ocrx_word' id='word_1_27' title='bbox 400 460 531 500; x_wconf 86' lang='lat' dir='ltr'><strong>dicitur,</strong></span> <span class='ocrx_word' id='word_1_28' title='bbox 548 462 634 500; x_wconf 87' lang='lat' dir='ltr'><strong>quod</strong></span> <span class='ocrx_word' id='word_1_29' title='bbox 649 469 762 492; x_wconf 90' lang='lat' dir='ltr'><strong>eorum</strong></span> <span class='ocrx_word' id='word_1_30' title='bbox 778 470 904 492; x_wconf 90' lang='lat' dir='ltr'><strong>memor</strong></span> <span class='ocrx_word' id='word_1_31' title='bbox 917 471 982 493; x_wconf 93' lang='lat' dir='ltr'><strong>non</strong></span> 
     </span>
     <span class='ocr_line' id='line_1_7' title="bbox 282 506 983 547; baseline 0.006 -12"><span class='ocrx_word' id='word_1_32' title='bbox 282 506 443 543; x_wconf 84' lang='lat' dir='ltr'><strong>peccabis.</strong></span> <span class='ocrx_word' id='word_1_33' title='bbox 457 507 528 546; x_wconf 87' lang='lat' dir='ltr'><strong>Ipsa</strong></span> <span class='ocrx_word' id='word_1_34' title='bbox 540 508 615 537; x_wconf 86' lang='lat' dir='ltr'><strong>sunt</strong></span> <span class='ocrx_word' id='word_1_35' title='bbox 629 515 725 544; x_wconf 89' lang='lat' dir='ltr'><strong>mors,</strong></span> <span class='ocrx_word' id='word_1_36' title='bbox 740 507 914 546; x_wconf 88' lang='lat' dir='ltr'><strong>judicium,</strong></span> <span class='ocrx_word' id='word_1_37' title='bbox 929 517 983 547; x_wconf 82' lang='lat' dir='ltr'><strong>ge-</strong></span> 
     </span>
     <span class='ocr_line' id='line_1_8' title="bbox 282 548 983 591; baseline 0.006 -13"><span class='ocrx_word' id='word_1_38' title='bbox 282 548 400 580; x_wconf 81' lang='lat' dir='ltr'>henna.</span> <span class='ocrx_word' id='word_1_39' title='bbox 411 552 496 588; x_wconf 86' lang='lat' dir='ltr'><strong>Quid</strong></span> <span class='ocrx_word' id='word_1_40' title='bbox 510 551 697 581; x_wconf 83' lang='lat' dir='ltr'><strong>horribilius</strong></span> <span class='ocrx_word' id='word_1_41' title='bbox 708 551 829 582; x_wconf 73' lang='lat' dir='ltr'><strong>morte?</strong></span> <span class='ocrx_word' id='word_1_42' title='bbox 843 553 921 591; x_wconf 89' lang='lat' dir='ltr'><strong>quid</strong></span> <span class='ocrx_word' id='word_1_43' title='bbox 931 554 983 591; x_wconf 86' lang='lat' dir='ltr'><strong>ju-</strong></span> 
     </span>
     <span class='ocr_line' id='line_1_9' title="bbox 282 594 980 635; baseline 0.007 -11"><span class='ocrx_word' id='word_1_44' title='bbox 282 594 370 626; x_wconf 88' lang='lat' dir='ltr'><strong>dicio</strong></span> <span class='ocrx_word' id='word_1_45' title='bbox 399 596 602 627; x_wconf 79' lang='lat' dir='ltr'><strong>terribilius?</strong></span> <span class='ocrx_word' id='word_1_46' title='bbox 623 605 697 626; x_wconf 87' lang='lat' dir='ltr'><strong>nam</strong></span> <span class='ocrx_word' id='word_1_47' title='bbox 722 597 871 635; x_wconf 80' lang='lat' dir='ltr'>gehenna</span> <span class='ocrx_word' id='word_1_48' title='bbox 895 600 980 629; x_wconf 89' lang='lat' dir='ltr'><strong>nihil</strong></span> 
     </span>
     <span class='ocr_line' id='line_1_10' title="bbox 280 639 980 680; baseline 0.007 -10"><span class='ocrx_word' id='word_1_49' title='bbox 280 639 388 677; x_wconf 89' lang='lat' dir='ltr'><strong>potest</strong></span> <span class='ocrx_word' id='word_1_50' title='bbox 401 641 639 671; x_wconf 78' lang='lat' dir='ltr'><strong>intolerabilius</strong></span> <span class='ocrx_word' id='word_1_51' title='bbox 653 641 799 680; x_wconf 81' lang='lat' dir='ltr'><strong>cogitari.</strong></span> <span class='ocrx_word' id='word_1_52' title='bbox 816 643 898 680; x_wconf 86' lang='lat' dir='ltr'><strong>Quid</strong></span> <span class='ocrx_word' id='word_1_53' title='bbox 909 653 980 675; x_wconf 91' lang='lat' dir='ltr'><strong>me-</strong></span> 
     </span>
     <span class='ocr_line' id='line_1_11' title="bbox 280 686 979 727; baseline 0.009 -12"><span class='ocrx_word' id='word_1_54' title='bbox 280 686 370 723; x_wconf 83' lang='lat' dir='ltr'><strong>tuet,</strong></span> <span class='ocrx_word' id='word_1_55' title='bbox 387 687 413 716; x_wconf 89' lang='lat' dir='ltr'><strong>si</strong></span> <span class='ocrx_word' id='word_1_56' title='bbox 428 687 499 725; x_wconf 88' lang='lat' dir='ltr'><strong>quis</strong></span> <span class='ocrx_word' id='word_1_57' title='bbox 514 687 553 715; x_wconf 83' lang='lat' dir='ltr'><strong>ad</strong></span> <span class='ocrx_word' id='word_1_58' title='bbox 568 687 630 716; x_wconf 86' lang='lat' dir='ltr'><strong>ista</strong></span> <span class='ocrx_word' id='word_1_59' title='bbox 651 695 716 717; x_wconf 92' lang='lat' dir='ltr'><strong>non</strong></span> <span class='ocrx_word' id='word_1_60' title='bbox 740 688 898 727; x_wconf 81' lang='lat' dir='ltr'><strong>trepidat,</strong></span> <span class='ocrx_word' id='word_1_61' title='bbox 914 699 979 721; x_wconf 89' lang='lat' dir='ltr'><strong>non</strong></span> 
     </span>
     <span class='ocr_line' id='line_1_12' title="bbox 279 733 977 769; baseline 0.01 -9"><span class='ocrx_word' id='word_1_62' title='bbox 279 733 489 769; x_wconf 75' lang='lat' dir='ltr'><strong>expavescit,</strong></span> <span class='ocrx_word' id='word_1_63' title='bbox 506 739 570 761; x_wconf 90' lang='lat' dir='ltr'><strong>non</strong></span> <span class='ocrx_word' id='word_1_64' title='bbox 584 733 701 763; x_wconf 84' lang='lat' dir='ltr'><strong>timore</strong></span> <span class='ocrx_word' id='word_1_65' title='bbox 727 734 932 766; x_wconf 81' lang='lat' dir='ltr'><strong>concutitur?</strong></span> <span class='ocrx_word' id='word_1_66' title='bbox 953 737 977 767; x_wconf 93' lang='lat' dir='ltr'>O</span> 
     </span>
     <span class='ocr_line' id='line_1_13' title="bbox 278 775 978 815; baseline 0.01 -10"><span class='ocrx_word' id='word_1_67' title='bbox 278 775 374 806; x_wconf 85' lang='lat' dir='ltr'><strong>homo</strong></span> <span class='ocrx_word' id='word_1_68' title='bbox 384 799 392 814; x_wconf 97' lang='lat'><strong>,</strong></span> <span class='ocrx_word' id='word_1_69' title='bbox 413 777 439 806; x_wconf 87' lang='lat' dir='ltr'><strong>si</strong></span> <span class='ocrx_word' id='word_1_70' title='bbox 455 777 610 814; x_wconf 88' lang='lat' dir='ltr'><strong>pudorem</strong></span> <span class='ocrx_word' id='word_1_71' title='bbox 625 778 816 815; x_wconf 81' lang='lat' dir='ltr'><strong>perdideras</strong></span> <span class='ocrx_word' id='word_1_72' title='bbox 831 780 871 810; x_wconf 87' lang='lat' dir='ltr'><strong>ad</strong></span> <span class='ocrx_word' id='word_1_73' title='bbox 886 782 978 812; x_wconf 89' lang='lat' dir='ltr'><strong>nobi-</strong></span> 
     </span>
     <span class='ocr_line' id='line_1_14' title="bbox 276 822 974 862; baseline 0.009 -11"><span class='ocrx_word' id='word_1_74' title='bbox 276 822 341 852; x_wconf 86' lang='lat' dir='ltr'><strong>lem</strong></span> <span class='ocrx_word' id='word_1_75' title='bbox 354 822 531 851; x_wconf 82' lang='lat' dir='ltr'><strong>creaturam</strong></span> <span class='ocrx_word' id='word_1_76' title='bbox 543 822 779 862; x_wconf 84' lang='lat' dir='ltr'><strong>pertinentem3</strong></span> <span class='ocrx_word' id='word_1_77' title='bbox 795 824 823 854; x_wconf 89' lang='lat' dir='ltr'><strong>si</strong></span> <span class='ocrx_word' id='word_1_78' title='bbox 834 825 974 857; x_wconf 84' lang='lat' dir='ltr'><strong>dolorem</strong></span> 
     </span>
     <span class='ocr_line' id='line_1_15' title="bbox 275 867 974 908; baseline 0.009 -12"><span class='ocrx_word' id='word_1_79' title='bbox 275 876 337 896; x_wconf 90' lang='lat' dir='ltr'><strong>non</strong></span> <span class='ocrx_word' id='word_1_80' title='bbox 347 868 508 897; x_wconf 76' lang='lat' dir='ltr'><strong>sentiebas</strong></span> <span class='ocrx_word' id='word_1_81' title='bbox 519 867 716 907; x_wconf 84' lang='lat' dir='ltr'><strong>afflictionis,</strong></span> <span class='ocrx_word' id='word_1_82' title='bbox 725 870 810 908; x_wconf 90' lang='lat' dir='ltr'><strong>quod</strong></span> <span class='ocrx_word' id='word_1_83' title='bbox 819 872 869 901; x_wconf 87' lang='lat' dir='ltr'><strong>est</strong></span> <span class='ocrx_word' id='word_1_84' title='bbox 877 872 974 902; x_wconf 88' lang='lat' dir='ltr'><strong>etiam</strong></span> 
     </span>
     <span class='ocr_line' id='line_1_16' title="bbox 278 912 973 956; baseline 0.012 -16"><span class='ocrx_word' id='word_1_85' title='bbox 278 912 455 941; x_wconf 82' lang='lat' dir='ltr'><strong>carnalium</strong></span> <span class='ocrx_word' id='word_1_86' title='bbox 471 921 479 941; x_wconf 75' lang='grc' dir='ltr'>ε</span> <span class='ocrx_word' id='word_1_87' title='bbox 495 913 549 943; x_wconf 81' lang='lat' dir='ltr'><strong>vel</strong></span> <span class='ocrx_word' id='word_1_88' title='bbox 564 913 715 944; x_wconf 90' lang='lat' dir='ltr'><strong>timorem</strong></span> <span class='ocrx_word' id='word_1_89' title='bbox 735 923 801 945; x_wconf 91' lang='lat' dir='ltr'><strong>non</strong></span> <span class='ocrx_word' id='word_1_90' title='bbox 826 916 973 956; x_wconf 89' lang='lat' dir='ltr'><strong>omittas,</strong></span> 
     </span>
     <span class='ocr_line' id='line_1_17' title="bbox 273 957 972 998; baseline 0.011 -13"><span class='ocrx_word' id='word_1_91' title='bbox 273 957 425 994; x_wconf 88' lang='lat' dir='ltr'><strong>quoniam</strong></span> <span class='ocrx_word' id='word_1_92' title='bbox 452 958 510 989; x_wconf 90' lang='lat' dir='ltr'><strong>ille</strong></span> <span class='ocrx_word' id='word_1_93' title='bbox 536 959 585 989; x_wconf 85' lang='lat' dir='ltr'><strong>est</strong></span> <span class='ocrx_word' id='word_1_94' title='bbox 613 960 712 990; x_wconf 89' lang='lat' dir='ltr'><strong>etiam</strong></span> <span class='ocrx_word' id='word_1_95' title='bbox 739 961 972 998; x_wconf 84' lang='lat' dir='ltr'><strong>jumentorum.</strong></span> 
     </span>
     <span class='ocr_line' id='line_1_18' title="bbox 273 1002 973 1044; baseline 0.013 -14"><span class='ocrx_word' id='word_1_96' title='bbox 273 1002 450 1033; x_wconf 87' lang='lat' dir='ltr'><strong>Oneramus</strong></span> <span class='ocrx_word' id='word_1_97' title='bbox 461 1004 600 1043; x_wconf 88' lang='lat' dir='ltr'><strong>asinum,</strong></span> <span class='ocrx_word' id='word_1_98' title='bbox 610 1006 644 1036; x_wconf 84' lang='lat' dir='ltr'><strong>et</strong></span> <span class='ocrx_word' id='word_1_99' title='bbox 654 1006 826 1044; x_wconf 78' lang='lat' dir='ltr'><strong>fatigamus</strong></span> <span class='ocrx_word' id='word_1_100' title='bbox 836 1008 871 1038; x_wconf 88' lang='lat' dir='ltr'><strong>in</strong></span> <span class='ocrx_word' id='word_1_101' title='bbox 885 1009 973 1040; x_wconf 86' lang='lat' dir='ltr'><strong>labo-</strong></span> 
     </span>
     <span class='ocr_line' id='line_1_19' title="bbox 272 1047 973 1091; baseline 0.011 -15"><span class='ocrx_word' id='word_1_102' title='bbox 272 1047 361 1078; x_wconf 85' lang='lat' dir='ltr'><strong>ribus</strong></span> <span class='ocrx_word' id='word_1_103' title='bbox 381 1049 549 1088; x_wconf 77' lang='lat' dir='ltr'><strong>plurimis3</strong></span> <span class='ocrx_word' id='word_1_104' title='bbox 566 1052 600 1081; x_wconf 85' lang='lat' dir='ltr'><strong>et</strong></span> <span class='ocrx_word' id='word_1_105' title='bbox 613 1059 679 1081; x_wconf 92' lang='lat' dir='ltr'><strong>non</strong></span> <span class='ocrx_word' id='word_1_106' title='bbox 694 1053 801 1090; x_wconf 88' lang='lat' dir='ltr'><strong>curat,</strong></span> <span class='ocrx_word' id='word_1_107' title='bbox 817 1053 894 1091; x_wconf 86' lang='lat' dir='ltr'><strong>quia</strong></span> <span class='ocrx_word' id='word_1_108' title='bbox 909 1055 973 1084; x_wconf 86' lang='lat' dir='ltr'><strong>asi-</strong></span> 
     </span>
     <span class='ocr_line' id='line_1_20' title="bbox 270 1095 971 1137; baseline 0.01 -14"><span class='ocrx_word' id='word_1_109' title='bbox 270 1101 331 1123; x_wconf 88' lang='lat' dir='ltr'><strong>nus</strong></span> <span class='ocrx_word' id='word_1_110' title='bbox 347 1095 406 1124; x_wconf 87' lang='lat' dir='ltr'><strong>est.</strong></span> <span class='ocrx_word' id='word_1_111' title='bbox 422 1095 462 1125; x_wconf 76' lang='lat' dir='ltr'><strong>At</strong></span> <span class='ocrx_word' id='word_1_112' title='bbox 473 1095 499 1125; x_wconf 91' lang='lat' dir='ltr'><strong>si</strong></span> <span class='ocrx_word' id='word_1_113' title='bbox 514 1096 548 1125; x_wconf 92' lang='lat' dir='ltr'><strong>in</strong></span> <span class='ocrx_word' id='word_1_114' title='bbox 562 1095 672 1134; x_wconf 85' lang='lat' dir='ltr'><strong>ignem</strong></span> <span class='ocrx_word' id='word_1_115' title='bbox 688 1097 872 1137; x_wconf 85' lang='lat' dir='ltr'><strong>impellere,</strong></span> <span class='ocrx_word' id='word_1_116' title='bbox 886 1100 914 1129; x_wconf 90' lang='lat' dir='ltr'><strong>si</strong></span> <span class='ocrx_word' id='word_1_117' title='bbox 937 1101 971 1130; x_wconf 92' lang='lat' dir='ltr'><strong>in</strong></span> 
     </span>
     <span class='ocr_line' id='line_1_21' title="bbox 269 1138 970 1183; baseline 0.011 -16"><span class='ocrx_word' id='word_1_118' title='bbox 269 1138 397 1168; x_wconf 78' lang='lat' dir='ltr'><strong>foveam</strong></span> <span class='ocrx_word' id='word_1_119' title='bbox 415 1140 621 1179; x_wconf 76' lang='lat' dir='ltr'><strong>praecipitare</strong></span> <span class='ocrx_word' id='word_1_120' title='bbox 634 1143 734 1180; x_wconf 71' lang='lat' dir='ltr'><strong>velis;</strong></span> <span class='ocrx_word' id='word_1_121' title='bbox 752 1144 846 1173; x_wconf 78' lang='lat' dir='ltr'><strong>cavet</strong></span> <span class='ocrx_word' id='word_1_122' title='bbox 867 1153 970 1183; x_wconf 88' lang='lat' dir='ltr'><strong>quan—</strong></span> 
     </span>
     <span class='ocr_line' id='line_1_22' title="bbox 269 1184 970 1227; baseline 0.01 -14"><span class='ocrx_word' id='word_1_123' title='bbox 269 1184 341 1214; x_wconf 84' lang='lat' dir='ltr'><strong>tum</strong></span> <span class='ocrx_word' id='word_1_124' title='bbox 356 1186 481 1224; x_wconf 86' lang='lat' dir='ltr'><strong>potest,</strong></span> <span class='ocrx_word' id='word_1_125' title='bbox 498 1187 574 1224; x_wconf 87' lang='lat' dir='ltr'><strong>quia</strong></span> <span class='ocrx_word' id='word_1_126' title='bbox 588 1187 689 1217; x_wconf 68' lang='lat' dir='ltr'><strong>vitam</strong></span> <span class='ocrx_word' id='word_1_127' title='bbox 705 1187 823 1227; x_wconf 82' lang='lat' dir='ltr'><strong>diligit,</strong></span> <span class='ocrx_word' id='word_1_128' title='bbox 838 1190 871 1220; x_wconf 87' lang='lat' dir='ltr'><strong>et</strong></span> <span class='ocrx_word' id='word_1_129' title='bbox 885 1199 970 1220; x_wconf 88' lang='lat' dir='ltr'><strong>mor-</strong></span> 
     </span>
     <span class='ocr_line' id='line_1_23' title="bbox 267 1229 969 1271; baseline 0.01 -12"><span class='ocrx_word' id='word_1_130' title='bbox 267 1229 335 1259; x_wconf 78' lang='lat' dir='ltr'><strong>tem</strong></span> <span class='ocrx_word' id='word_1_131' title='bbox 350 1231 457 1261; x_wconf 83' lang='lat' dir='ltr'><strong>timet.</strong></span> <span class='ocrx_word' id='word_1_132' title='bbox 474 1232 521 1261; x_wconf 86' lang='lat' dir='ltr'><strong>An</strong></span> <span class='ocrx_word' id='word_1_133' title='bbox 535 1241 600 1262; x_wconf 90' lang='lat' dir='ltr'><strong>non</strong></span> <span class='ocrx_word' id='word_1_134' title='bbox 615 1233 677 1263; x_wconf 89' lang='lat' dir='ltr'><strong>tibi</strong></span> <span class='ocrx_word' id='word_1_135' title='bbox 693 1242 767 1271; x_wconf 79' lang='lat' dir='ltr'><strong>ergo</strong></span> <span class='ocrx_word' id='word_1_136' title='bbox 781 1234 904 1271; x_wconf 81' lang='lat' dir='ltr'><strong>justum</strong></span> <span class='ocrx_word' id='word_1_137' title='bbox 920 1237 969 1266; x_wconf 79' lang='lat' dir='ltr'><strong>vi-</strong></span> 
     </span>
     <span class='ocr_line' id='line_1_24' title="bbox 268 1274 970 1315; baseline 0.009 -10"><span class='ocrx_word' id='word_1_138' title='bbox 268 1274 381 1314; x_wconf 85' lang='lat' dir='ltr'><strong>detur,</strong></span> <span class='ocrx_word' id='word_1_139' title='bbox 401 1277 511 1315; x_wconf 84' lang='lat' dir='ltr'><strong>utqui</strong></span> <span class='ocrx_word' id='word_1_140' title='bbox 538 1278 633 1307; x_wconf 90' lang='lat' dir='ltr'><strong>modo</strong></span> <span class='ocrx_word' id='word_1_141' title='bbox 645 1278 806 1315; x_wconf 87' lang='lat' dir='ltr'><strong>jumentis</strong></span> <span class='ocrx_word' id='word_1_142' title='bbox 829 1280 970 1311; x_wconf 87' lang='lat' dir='ltr'><strong>insensi-</strong></span> 
     </span>
     <span class='ocr_line' id='line_1_25' title="bbox 266 1319 968 1365; baseline 0.01 -16"><span class='ocrx_word' id='word_1_143' title='bbox 266 1319 364 1351; x_wconf 87' lang='lat' dir='ltr'><strong>bilior</strong></span> <span class='ocrx_word' id='word_1_144' title='bbox 378 1321 494 1361; x_wconf 86' lang='lat' dir='ltr'><strong>fuerit,</strong></span> <span class='ocrx_word' id='word_1_145' title='bbox 510 1327 581 1360; x_wconf 87' lang='lat' dir='ltr'><strong>post</strong></span> <span class='ocrx_word' id='word_1_146' title='bbox 593 1323 740 1361; x_wconf 86' lang='lat' dir='ltr'><strong>jumenta</strong></span> <span class='ocrx_word' id='word_1_147' title='bbox 755 1333 882 1363; x_wconf 89' lang='lat' dir='ltr'><strong>quoque</strong></span> <span class='ocrx_word' id='word_1_148' title='bbox 899 1326 968 1365; x_wconf 88' lang='lat' dir='ltr'><strong>ipsa</strong></span> 
     </span>
     <span class='ocr_line' id='line_1_26' title="bbox 268 1368 968 1409; baseline 0.009 -14"><span class='ocrx_word' id='word_1_149' title='bbox 268 1368 480 1404; x_wconf 87' lang='lat' dir='ltr'><strong>compellatur</strong></span> <span class='ocrx_word' id='word_1_150' title='bbox 494 1368 583 1398; x_wconf 83' lang='lat' dir='ltr'><strong>ablre</strong></span> <span class='ocrx_word' id='word_1_151' title='bbox 594 1391 604 1405; x_wconf 92' lang='lat'><strong>,</strong></span> <span class='ocrx_word' id='word_1_152' title='bbox 621 1369 654 1399; x_wconf 85' lang='lat' dir='ltr'><strong>et</strong></span> <span class='ocrx_word' id='word_1_153' title='bbox 674 1370 709 1399; x_wconf 93' lang='lat' dir='ltr'><strong>in</strong></span> <span class='ocrx_word' id='word_1_154' title='bbox 722 1370 895 1400; x_wconf 86' lang='lat' dir='ltr'><strong>tormentis</strong></span> <span class='ocrx_word' id='word_1_155' title='bbox 910 1380 968 1409; x_wconf 91' lang='lat' dir='ltr'><strong>po-</strong></span> 
     </span>
     <span class='ocr_line' id='line_1_27' title="bbox 264 1411 966 1452; baseline 0.009 -12"><span class='ocrx_word' id='word_1_156' title='bbox 264 1411 346 1441; x_wconf 82' lang='lat' dir='ltr'><strong>situs</strong></span> <span class='ocrx_word' id='word_1_157' title='bbox 369 1413 475 1442; x_wconf 90' lang='lat' dir='ltr'><strong>locum</strong></span> <span class='ocrx_word' id='word_1_158' title='bbox 490 1413 601 1443; x_wconf 83' lang='lat' dir='ltr'><strong>teneat</strong></span> <span class='ocrx_word' id='word_1_159' title='bbox 625 1414 857 1452; x_wconf 76' lang='lat' dir='ltr'><strong>posteriorem?</strong></span> <span class='ocrx_word' id='word_1_160' title='bbox 876 1416 966 1447; x_wconf 88' lang='lat' dir='ltr'><strong>Time</strong></span> 
     </span>
     <span class='ocr_line' id='line_1_28' title="bbox 265 1458 968 1499; baseline 0.01 -14"><span class='ocrx_word' id='word_1_161' title='bbox 265 1464 361 1495; x_wconf 79' lang='lat' dir='ltr'><strong>crgo,</strong></span> <span class='ocrx_word' id='word_1_162' title='bbox 376 1465 394 1487; x_wconf 91' lang='lat'>0</span> <span class='ocrx_word' id='word_1_163' title='bbox 409 1458 522 1496; x_wconf 90' lang='lat' dir='ltr'><strong>bomo,</strong></span> <span class='ocrx_word' id='word_1_164' title='bbox 536 1459 624 1497; x_wconf 90' lang='lat' dir='ltr'><strong>quod</strong></span> <span class='ocrx_word' id='word_1_165' title='bbox 639 1459 675 1489; x_wconf 94' lang='lat' dir='ltr'><strong>in</strong></span> <span class='ocrx_word' id='word_1_166' title='bbox 697 1461 801 1490; x_wconf 88' lang='lat' dir='ltr'><strong>morte</strong></span> <span class='ocrx_word' id='word_1_167' title='bbox 816 1468 968 1499; x_wconf 85' lang='lat' dir='ltr'><strong>separau-</strong></span> 
     </span>
     <span class='ocr_line' id='line_1_29' title="bbox 263 1500 964 1546; baseline 0.01 -16"><span class='ocrx_word' id='word_1_168' title='bbox 263 1500 323 1530; x_wconf 85' lang='lat' dir='ltr'><strong>dus</strong></span> <span class='ocrx_word' id='word_1_169' title='bbox 339 1510 372 1532; x_wconf 91' lang='lat' dir='ltr'><strong>es</strong></span> <span class='ocrx_word' id='word_1_170' title='bbox 391 1510 409 1532; x_wconf 91' lang='lat' dir='ltr'><strong>a</strong></span> <span class='ocrx_word' id='word_1_171' title='bbox 425 1503 519 1533; x_wconf 85' lang='lat' dir='ltr'><strong>bonis</strong></span> <span class='ocrx_word' id='word_1_172' title='bbox 533 1504 684 1534; x_wconf 89' lang='lat' dir='ltr'><strong>omnibus</strong></span> <span class='ocrx_word' id='word_1_173' title='bbox 698 1504 796 1542; x_wconf 86' lang='lat' dir='ltr'><strong>hujus</strong></span> <span class='ocrx_word' id='word_1_174' title='bbox 811 1508 964 1546; x_wconf 84' lang='lat' dir='ltr'><strong>corporis,</strong></span> 
     </span>
     <span class='ocr_line' id='line_1_30' title="bbox 263 1546 963 1582; baseline 0.009 -6"><span class='ocrx_word' id='word_1_175' title='bbox 263 1546 297 1576; x_wconf 91' lang='lat' dir='ltr'><strong>et</strong></span> <span class='ocrx_word' id='word_1_176' title='bbox 310 1547 375 1576; x_wconf 89' lang='lat' dir='ltr'><strong>tam</strong></span> <span class='ocrx_word' id='word_1_177' title='bbox 391 1548 485 1579; x_wconf 89' lang='lat' dir='ltr'><strong>dulce</strong></span> <span class='ocrx_word' id='word_1_178' title='bbox 500 1550 605 1579; x_wconf 89' lang='lat' dir='ltr'><strong>carnis</strong></span> <span class='ocrx_word' id='word_1_179' title='bbox 620 1550 655 1579; x_wconf 90' lang='lat' dir='ltr'><strong>et</strong></span> <span class='ocrx_word' id='word_1_180' title='bbox 669 1549 784 1580; x_wconf 86' lang='lat' dir='ltr'><strong>animae</strong></span> <span class='ocrx_word' id='word_1_181' title='bbox 798 1551 963 1582; x_wconf 78' lang='lat' dir='ltr'><strong>vinculum</strong></span> 
     </span>
     <span class='ocr_line' id='line_1_31' title="bbox 262 1593 966 1628; baseline 0.01 -7"><span class='ocrx_word' id='word_1_182' title='bbox 262 1593 462 1624; x_wconf 82' lang='lat' dir='ltr'><strong>amarissimo</strong></span> <span class='ocrx_word' id='word_1_183' title='bbox 477 1596 653 1625; x_wconf 88' lang='lat' dir='ltr'><strong>secandum</strong></span> <span class='ocrx_word' id='word_1_184' title='bbox 672 1596 720 1626; x_wconf 86' lang='lat' dir='ltr'><strong>est</strong></span> <span class='ocrx_word' id='word_1_185' title='bbox 738 1595 889 1627; x_wconf 75' lang='lat' dir='ltr'><strong>divortio.</strong></span> <span class='ocrx_word' id='word_1_186' title='bbox 911 1599 966 1628; x_wconf 89' lang='lat' dir='ltr'><strong>Ti-</strong></span> 
     </span>
     <span class='ocr_line' id='line_1_32' title="bbox 261 1640 965 1680; baseline 0.009 -13"><span class='ocrx_word' id='word_1_187' title='bbox 261 1646 325 1677; x_wconf 91' lang='lat' dir='ltr'><strong>me,</strong></span> <span class='ocrx_word' id='word_1_188' title='bbox 342 1640 428 1677; x_wconf 90' lang='lat' dir='ltr'><strong>quod</strong></span> <span class='ocrx_word' id='word_1_189' title='bbox 443 1640 477 1670; x_wconf 91' lang='lat' dir='ltr'><strong>in</strong></span> <span class='ocrx_word' id='word_1_190' title='bbox 491 1641 632 1671; x_wconf 86' lang='lat' dir='ltr'><strong>terribili</strong></span> <span class='ocrx_word' id='word_1_191' title='bbox 642 1640 765 1678; x_wconf 81' lang='lat' dir='ltr'><strong>judicio</strong></span> <span class='ocrx_word' id='word_1_192' title='bbox 777 1642 809 1671; x_wconf 88' lang='lat' dir='ltr'><strong>ei</strong></span> <span class='ocrx_word' id='word_1_193' title='bbox 824 1651 965 1680; x_wconf 82' lang='lat' dir='ltr'><strong>praesen-</strong></span> 
     </span>
     <span class='ocr_line' id='line_1_33' title="bbox 261 1683 963 1723; baseline 0.009 -10"><span class='ocrx_word' id='word_1_194' title='bbox 261 1683 379 1714; x_wconf 82' lang='lat' dir='ltr'><strong>tandus</strong></span> <span class='ocrx_word' id='word_1_195' title='bbox 392 1693 425 1715; x_wconf 91' lang='lat' dir='ltr'><strong>es</strong></span> <span class='ocrx_word' id='word_1_196' title='bbox 435 1707 446 1723; x_wconf 93' lang='lat'><strong>,</strong></span> <span class='ocrx_word' id='word_1_197' title='bbox 471 1686 506 1716; x_wconf 91' lang='lat' dir='ltr'><strong>in</strong></span> <span class='ocrx_word' id='word_1_198' title='bbox 523 1686 616 1723; x_wconf 87' lang='lat' dir='ltr'><strong>cujus</strong></span> <span class='ocrx_word' id='word_1_199' title='bbox 631 1695 745 1716; x_wconf 86' lang='lat' dir='ltr'><strong>manus</strong></span> <span class='ocrx_word' id='word_1_200' title='bbox 765 1687 963 1719; x_wconf 87' lang='lat' dir='ltr'><strong>horrendum</strong></span> 
     </span>
     <span class='ocr_line' id='line_1_34' title="bbox 263 1730 962 1772; baseline 0.009 -14"><span class='ocrx_word' id='word_1_201' title='bbox 263 1730 313 1759; x_wconf 86' lang='lat' dir='ltr'><strong>est</strong></span> <span class='ocrx_word' id='word_1_202' title='bbox 334 1730 479 1761; x_wconf 89' lang='lat' dir='ltr'><strong>incidere</strong></span> <span class='ocrx_word' id='word_1_203' title='bbox 497 1740 505 1761; x_wconf 91' lang='lat'>:</span> <span class='ocrx_word' id='word_1_204' title='bbox 523 1732 557 1762; x_wconf 90' lang='lat' dir='ltr'><strong>et</strong></span> <span class='ocrx_word' id='word_1_205' title='bbox 578 1740 616 1762; x_wconf 90' lang='lat' dir='ltr'><strong>eo</strong></span> <span class='ocrx_word' id='word_1_206' title='bbox 631 1733 842 1763; x_wconf 77' lang='lat' dir='ltr'><strong>examinante</strong></span> <span class='ocrx_word' id='word_1_207' title='bbox 865 1743 962 1772; x_wconf 87' lang='lat' dir='ltr'><strong>quem</strong></span> 
     </span>
     <span class='ocr_line' id='line_1_35' title="bbox 259 1775 962 1815; baseline 0.007 -11"><span class='ocrx_word' id='word_1_208' title='bbox 259 1775 343 1805; x_wconf 84' lang='lat' dir='ltr'><strong>nihil</strong></span> <span class='ocrx_word' id='word_1_209' title='bbox 358 1777 456 1815; x_wconf 81' lang='lat' dir='ltr'><strong>latet,</strong></span> <span class='ocrx_word' id='word_1_210' title='bbox 476 1777 639 1815; x_wconf 85' lang='lat' dir='ltr'><strong>siquidem</strong></span> <span class='ocrx_word' id='word_1_211' title='bbox 654 1778 790 1808; x_wconf 69' lang='lat' dir='ltr'><strong>inventa</strong></span> <span class='ocrx_word' id='word_1_212' title='bbox 810 1778 909 1809; x_wconf 80' lang='lat' dir='ltr'><strong>suerit</strong></span> <span class='ocrx_word' id='word_1_213' title='bbox 928 1781 962 1810; x_wconf 94' lang='lat' dir='ltr'><strong>in</strong></span> 
     </span>
     <span class='ocr_line' id='line_1_36' title="bbox 259 1820 961 1859; baseline 0.007 -10"><span class='ocrx_word' id='word_1_214' title='bbox 259 1821 291 1849; x_wconf 83' lang='lat' dir='ltr'><strong>te</strong></span> <span class='ocrx_word' id='word_1_215' title='bbox 306 1820 473 1859; x_wconf 83' lang='lat' dir='ltr'><strong>iniquitas,</strong></span> <span class='ocrx_word' id='word_1_216' title='bbox 489 1822 682 1852; x_wconf 83' lang='lat' dir='ltr'><strong>alienandus</strong></span> <span class='ocrx_word' id='word_1_217' title='bbox 697 1822 737 1851; x_wconf 90' lang='lat' dir='ltr'><strong>ab</strong></span> <span class='ocrx_word' id='word_1_218' title='bbox 747 1822 961 1855; x_wconf 70' lang='lat' dir='ltr'><strong>universitate</strong></span> 
     </span>
     <span class='ocr_line' id='line_1_37' title="bbox 258 1866 962 1906; baseline 0.007 -12"><span class='ocrx_word' id='word_1_219' title='bbox 258 1866 378 1903; x_wconf 77' lang='lat' dir='ltr'><strong>quietis</strong></span> <span class='ocrx_word' id='word_1_220' title='bbox 390 1868 423 1897; x_wconf 91' lang='lat' dir='ltr'><strong>et</strong></span> <span class='ocrx_word' id='word_1_221' title='bbox 438 1868 565 1905; x_wconf 75' lang='lat' dir='ltr'><strong>gloriae,</strong></span> <span class='ocrx_word' id='word_1_222' title='bbox 581 1869 614 1897; x_wconf 91' lang='lat' dir='ltr'><strong>et</strong></span> <span class='ocrx_word' id='word_1_223' title='bbox 635 1868 852 1906; x_wconf 79' lang='lat' dir='ltr'><strong>segregandus</strong></span> <span class='ocrx_word' id='word_1_224' title='bbox 867 1878 884 1899; x_wconf 89' lang='lat' dir='ltr'><strong>a</strong></span> <span class='ocrx_word' id='word_1_225' title='bbox 900 1878 962 1900; x_wconf 91' lang='lat' dir='ltr'><strong>nu-</strong></span> 
     </span>
     <span class='ocr_line' id='line_1_38' title="bbox 258 1912 959 1951; baseline 0.007 -11"><span class='ocrx_word' id='word_1_226' title='bbox 258 1919 346 1941; x_wconf 82' lang='lat' dir='ltr'><strong>mero</strong></span> <span class='ocrx_word' id='word_1_227' title='bbox 361 1912 543 1942; x_wconf 87' lang='lat' dir='ltr'><strong>beatorum.</strong></span> <span class='ocrx_word' id='word_1_228' title='bbox 554 1913 657 1951; x_wconf 86' lang='lat' dir='ltr'><strong>Time,</strong></span> <span class='ocrx_word' id='word_1_229' title='bbox 669 1913 755 1951; x_wconf 85' lang='lat' dir='ltr'><strong>quod</strong></span> <span class='ocrx_word' id='word_1_230' title='bbox 766 1914 800 1942; x_wconf 92' lang='lat' dir='ltr'><strong>in</strong></span> <span class='ocrx_word' id='word_1_231' title='bbox 812 1915 959 1951; x_wconf 79' lang='lat' dir='ltr'><strong>gehenna</strong></span> 
     </span>
     <span class='ocr_line' id='line_1_39' title="bbox 258 1957 961 1998; baseline 0.004 -13"><span class='ocrx_word' id='word_1_232' title='bbox 258 1957 456 1987; x_wconf 83' lang='lat' dir='ltr'><strong>cruciatibus</strong></span> <span class='ocrx_word' id='word_1_233' title='bbox 471 1958 602 1988; x_wconf 78' lang='lat' dir='ltr'><strong>aeternis</strong></span> <span class='ocrx_word' id='word_1_234' title='bbox 618 1959 651 1988; x_wconf 88' lang='lat' dir='ltr'><strong>et</strong></span> <span class='ocrx_word' id='word_1_235' title='bbox 675 1959 845 1988; x_wconf 86' lang='lat' dir='ltr'><strong>immensis</strong></span> <span class='ocrx_word' id='word_1_236' title='bbox 861 1967 961 1998; x_wconf 75' lang='lat' dir='ltr'><strong>expo-</strong></span> 
     </span>
     <span class='ocr_line' id='line_1_40' title="bbox 258 2002 959 2041; baseline 0.004 -11"><span class='ocrx_word' id='word_1_237' title='bbox 258 2002 381 2032; x_wconf 88' lang='lat' dir='ltr'><strong>nendus</strong></span> <span class='ocrx_word' id='word_1_238' title='bbox 389 2011 433 2040; x_wconf 82' lang='lat' dir='ltr'><strong>es=</strong></span> <span class='ocrx_word' id='word_1_239' title='bbox 450 2003 485 2033; x_wconf 91' lang='lat' dir='ltr'><strong>in</strong></span> <span class='ocrx_word' id='word_1_240' title='bbox 493 2003 578 2033; x_wconf 83' lang='lat' dir='ltr'><strong>sorte</strong></span> <span class='ocrx_word' id='word_1_241' title='bbox 591 2003 713 2033; x_wconf 89' lang='lat' dir='ltr'><strong>diaboli</strong></span> <span class='ocrx_word' id='word_1_242' title='bbox 726 2003 760 2033; x_wconf 90' lang='lat' dir='ltr'><strong>et</strong></span> <span class='ocrx_word' id='word_1_243' title='bbox 771 2004 959 2041; x_wconf 82' lang='lat' dir='ltr'><strong>angelorum</strong></span> 
     </span>
     <span class='ocr_line' id='line_1_41' title="bbox 258 2048 959 2087; baseline 0.004 -11"><span class='ocrx_word' id='word_1_244' title='bbox 258 2048 341 2084; x_wconf 75' lang='lat' dir='ltr'><strong>cJus,</strong></span> <span class='ocrx_word' id='word_1_245' title='bbox 361 2049 395 2078; x_wconf 91' lang='lat' dir='ltr'><strong>in</strong></span> <span class='ocrx_word' id='word_1_246' title='bbox 411 2049 485 2087; x_wconf 80' lang='lat' dir='ltr'><strong>igne</strong></span> <span class='ocrx_word' id='word_1_247' title='bbox 509 2050 655 2087; x_wconf 86' lang='lat' dir='ltr'><strong>aeterno,</strong></span> <span class='ocrx_word' id='word_1_248' title='bbox 680 2049 737 2087; x_wconf 86' lang='lat' dir='ltr'><strong>qui</strong></span> <span class='ocrx_word' id='word_1_249' title='bbox 762 2051 895 2087; x_wconf 84' lang='lat' dir='ltr'><strong>paratus</strong></span> <span class='ocrx_word' id='word_1_250' title='bbox 910 2052 959 2080; x_wconf 85' lang='lat' dir='ltr'><strong>est</strong></span> 
     </span>
     <span class='ocr_line' id='line_1_42' title="bbox 258 2093 957 2133; baseline 0.007 -12"><span class='ocrx_word' id='word_1_251' title='bbox 258 2093 315 2122; x_wconf 82' lang='lat' dir='ltr'><strong>cis.</strong></span> <span class='ocrx_word' id='word_1_252' title='bbox 337 2094 397 2124; x_wconf 83' lang='lat' dir='ltr'><strong>Hic</strong></span> <span class='ocrx_word' id='word_1_253' title='bbox 414 2102 489 2132; x_wconf 80' lang='lat' dir='ltr'><strong>ergo</strong></span> <span class='ocrx_word' id='word_1_254' title='bbox 504 2095 603 2125; x_wconf 85' lang='lat' dir='ltr'><strong>timor</strong></span> <span class='ocrx_word' id='word_1_255' title='bbox 628 2095 761 2125; x_wconf 89' lang='lat' dir='ltr'><strong>initium</strong></span> <span class='ocrx_word' id='word_1_256' title='bbox 787 2094 957 2133; x_wconf 86' lang='lat' dir='ltr'><strong>sapientiae</strong></span> 
     </span>
     <span class='ocr_line' id='line_1_43' title="bbox 256 2137 956 2178; baseline 0.009 -14"><span class='ocrx_word' id='word_1_257' title='bbox 256 2137 394 2176; x_wconf 73' lang='lat' dir='ltr'><strong>dicitur,</strong></span> <span class='ocrx_word' id='word_1_258' title='bbox 416 2148 481 2169; x_wconf 90' lang='lat' dir='ltr'><strong>non</strong></span> <span class='ocrx_word' id='word_1_259' title='bbox 508 2140 635 2178; x_wconf 90' lang='lat' dir='ltr'><strong>pudor,</strong></span> <span class='ocrx_word' id='word_1_260' title='bbox 658 2148 724 2170; x_wconf 88' lang='lat' dir='ltr'><strong>non</strong></span> <span class='ocrx_word' id='word_1_261' title='bbox 745 2139 860 2169; x_wconf 83' lang='lat' dir='ltr'><strong>dolor:</strong></span> <span class='ocrx_word' id='word_1_262' title='bbox 881 2141 956 2178; x_wconf 87' lang='lat' dir='ltr'><strong>quia</strong></span> 
     </span>
     <span class='ocr_line' id='line_1_44' title="bbox 255 2184 956 2225; baseline 0.006 -14"><span class='ocrx_word' id='word_1_263' title='bbox 255 2184 372 2213; x_wconf 74' lang='lat' dir='ltr'><strong>neuter</strong></span> <span class='ocrx_word' id='word_1_264' title='bbox 388 2192 499 2214; x_wconf 90' lang='lat' dir='ltr'><strong>eorum</strong></span> <span class='ocrx_word' id='word_1_265' title='bbox 510 2186 556 2215; x_wconf 88' lang='lat' dir='ltr'><strong>sic</strong></span> <span class='ocrx_word' id='word_1_266' title='bbox 571 2185 682 2216; x_wconf 83' lang='lat' dir='ltr'><strong>initiat</strong></span> <span class='ocrx_word' id='word_1_267' title='bbox 696 2185 738 2215; x_wconf 88' lang='lat' dir='ltr'><strong>ad</strong></span> <span class='ocrx_word' id='word_1_268' title='bbox 751 2185 956 2225; x_wconf 82' lang='lat' dir='ltr'><strong>sapientiam,</strong></span> 
     </span>
     <span class='ocr_line' id='line_1_45' title="bbox 256 2229 956 2262; baseline 0.007 -5"><span class='ocrx_word' id='word_1_269' title='bbox 256 2229 373 2258; x_wconf 77' lang='lat' dir='ltr'><strong>neuter</strong></span> <span class='ocrx_word' id='word_1_270' title='bbox 396 2229 519 2259; x_wconf 84' lang='lat' dir='ltr'><strong>tantam</strong></span> <span class='ocrx_word' id='word_1_271' title='bbox 534 2231 635 2261; x_wconf 87' lang='lat' dir='ltr'><strong>habet</strong></span> <span class='ocrx_word' id='word_1_272' title='bbox 659 2230 850 2260; x_wconf 84' lang='lat' dir='ltr'><strong>efficaciam.</strong></span> <span class='ocrx_word' id='word_1_273' title='bbox 866 2231 956 2262; x_wconf 81' lang='lat' dir='ltr'><strong>Unde</strong></span> 
     </span>
     <span class='ocr_line' id='line_1_46' title="bbox 256 2272 957 2314; baseline 0.009 -13"><span class='ocrx_word' id='word_1_274' title='bbox 256 2272 400 2311; x_wconf 72' lang='lat' dir='ltr'><strong>estquod</strong></span> <span class='ocrx_word' id='word_1_275' title='bbox 413 2281 477 2303; x_wconf 88' lang='lat' dir='ltr'><strong>non</strong></span> <span class='ocrx_word' id='word_1_276' title='bbox 489 2274 619 2312; x_wconf 88' lang='lat' dir='ltr'><strong>dicitur,</strong></span> <span class='ocrx_word' id='word_1_277' title='bbox 630 2277 805 2306; x_wconf 84' lang='lat' dir='ltr'><strong>Memorare</strong></span> <span class='ocrx_word' id='word_1_278' title='bbox 819 2275 957 2314; x_wconf 87' lang='lat' dir='ltr'><strong>primor-</strong></span> 
     </span>
     <span class='ocr_line' id='line_1_47' title="bbox 255 2318 956 2359; baseline 0.007 -13"><span class='ocrx_word' id='word_1_279' title='bbox 255 2318 329 2356; x_wconf 82' lang='lat' dir='ltr'><strong>dia,</strong></span> <span class='ocrx_word' id='word_1_280' title='bbox 345 2319 401 2348; x_wconf 80' lang='lat' dir='ltr'><strong>aut</strong></span> <span class='ocrx_word' id='word_1_281' title='bbox 419 2319 546 2357; x_wconf 82' lang='lat' dir='ltr'><strong>media,</strong></span> <span class='ocrx_word' id='word_1_282' title='bbox 561 2321 619 2351; x_wconf 84' lang='lat' dir='ltr'><strong>sed</strong></span> <span class='ocrx_word' id='word_1_283' title='bbox 637 2322 824 2359; x_wconf 66' lang='lat' dir='ltr'><strong>‘novi-ssitnag</strong></span> <span class='ocrx_word' id='word_1_284' title='bbox 850 2322 879 2351; x_wconf 80' lang='lat' dir='ltr'><strong>et</strong></span> <span class='ocrx_word' id='word_1_285' title='bbox 893 2329 956 2351; x_wconf 73' lang='lat' dir='ltr'><strong>non</strong></span> 
     </span>
     <span class='ocr_line' id='line_1_48' title="bbox 252 2363 956 2402; baseline 0.004 -9"><span class='ocrx_word' id='word_1_286' title='bbox 252 2363 402 2402; x_wconf 79' lang='lat' dir='ltr'><strong>peccabis.</strong></span> <span class='ocrx_word' id='word_1_287' title='bbox 428 2364 572 2394; x_wconf 64' lang='lat' dir='ltr'><strong>Validior</strong></span> <span class='ocrx_word' id='word_1_288' title='bbox 596 2364 688 2395; x_wconf 86' lang='lat' dir='ltr'><strong>enim</strong></span> <span class='ocrx_word' id='word_1_289' title='bbox 719 2365 768 2395; x_wconf 85' lang='lat' dir='ltr'><strong>est</strong></span> <span class='ocrx_word' id='word_1_290' title='bbox 788 2366 824 2395; x_wconf 83' lang='lat' dir='ltr'><strong>et</strong></span> <span class='ocrx_word' id='word_1_291' title='bbox 852 2366 956 2396; x_wconf 70' lang='lat' dir='ltr'><strong>vehe-</strong></span> 
     </span>
     <span class='ocr_line' id='line_1_49' title="bbox 254 2408 955 2446; baseline 0.006 -9"><span class='ocrx_word' id='word_1_292' title='bbox 254 2408 393 2438; x_wconf 86' lang='lat' dir='ltr'><strong>mentior</strong></span> <span class='ocrx_word' id='word_1_293' title='bbox 402 2408 534 2446; x_wconf 85' lang='lat' dir='ltr'><strong>spiritus</strong></span> <span class='ocrx_word' id='word_1_294' title='bbox 544 2409 670 2440; x_wconf 84' lang='lat' dir='ltr'><strong>timoris</strong></span> <span class='ocrx_word' id='word_1_295' title='bbox 683 2411 724 2440; x_wconf 86' lang='lat' dir='ltr'><strong>ad</strong></span> <span class='ocrx_word' id='word_1_296' title='bbox 738 2410 955 2441; x_wconf 82' lang='lat' dir='ltr'><strong>resistendum</strong></span> 
     </span>
     <span class='ocr_line' id='line_1_50' title="bbox 254 2454 954 2494; baseline 0.006 -11"><span class='ocrx_word' id='word_1_297' title='bbox 254 2454 407 2493; x_wconf 82' lang='lat' dir='ltr'><strong>peccato,</strong></span> <span class='ocrx_word' id='word_1_298' title='bbox 421 2461 520 2492; x_wconf 86' lang='lat' dir='ltr'><strong>quam</strong></span> <span class='ocrx_word' id='word_1_299' title='bbox 543 2455 647 2493; x_wconf 88' lang='lat' dir='ltr'><strong>pudor</strong></span> <span class='ocrx_word' id='word_1_300' title='bbox 668 2457 723 2485; x_wconf 87' lang='lat' dir='ltr'><strong>aut</strong></span> <span class='ocrx_word' id='word_1_301' title='bbox 743 2455 856 2485; x_wconf 88' lang='lat' dir='ltr'><strong>dolor:</strong></span> <span class='ocrx_word' id='word_1_302' title='bbox 877 2457 954 2494; x_wconf 86' lang='lat' dir='ltr'><strong>quia</strong></span> 
     </span>
     <span class='ocr_line' id='line_1_51' title="bbox 253 2498 954 2539; baseline 0.004 -11"><span class='ocrx_word' id='word_1_303' title='bbox 253 2499 357 2538; x_wconf 82' lang='lat' dir='ltr'><strong>pudor</strong></span> <span class='ocrx_word' id='word_1_304' title='bbox 370 2498 410 2529; x_wconf 83' lang='lat' dir='ltr'><strong>de</strong></span> <span class='ocrx_word' id='word_1_305' title='bbox 418 2498 640 2537; x_wconf 81' lang='lat' dir='ltr'><strong>multitudine,</strong></span> <span class='ocrx_word' id='word_1_306' title='bbox 653 2500 686 2530; x_wconf 85' lang='lat' dir='ltr'><strong>et</strong></span> <span class='ocrx_word' id='word_1_307' title='bbox 698 2500 787 2530; x_wconf 85' lang='lat' dir='ltr'><strong>dolor</strong></span> <span class='ocrx_word' id='word_1_308' title='bbox 798 2500 837 2538; x_wconf 83' lang='lat' dir='ltr'><strong>de</strong></span> <span class='ocrx_word' id='word_1_309' title='bbox 852 2502 954 2539; x_wconf 84' lang='lat' dir='ltr'><strong>quali-</strong></span> 
     </span>
     <span class='ocr_line' id='line_1_52' title="bbox 255 2544 954 2584; baseline 0.003 -10"><span class='ocrx_word' id='word_1_310' title='bbox 255 2552 392 2583; x_wconf 85' lang='lat' dir='ltr'><strong>cumque</strong></span> <span class='ocrx_word' id='word_1_311' title='bbox 399 2544 497 2582; x_wconf 84' lang='lat' dir='ltr'><strong>hujus</strong></span> <span class='ocrx_word' id='word_1_312' title='bbox 509 2544 623 2574; x_wconf 88' lang='lat' dir='ltr'><strong>mundi</strong></span> <span class='ocrx_word' id='word_1_313' title='bbox 639 2546 854 2575; x_wconf 85' lang='lat' dir='ltr'><strong>consolatione</strong></span> <span class='ocrx_word' id='word_1_314' title='bbox 868 2547 954 2584; x_wconf 82' lang='lat' dir='ltr'><strong>capit</strong></span> 
     </span>
     <span class='ocr_line' id='line_1_53' title="bbox 252 2589 952 2622; baseline 0.003 -2"><span class='ocrx_word' id='word_1_315' title='bbox 252 2589 426 2620; x_wconf 74' lang='lat' dir='ltr'><strong>solatium:</strong></span> <span class='ocrx_word' id='word_1_316' title='bbox 441 2589 538 2620; x_wconf 88' lang='lat' dir='ltr'><strong>timor</strong></span> <span class='ocrx_word' id='word_1_317' title='bbox 551 2597 629 2620; x_wconf 78' lang='lat' dir='ltr'><strong>vero</strong></span> <span class='ocrx_word' id='word_1_318' title='bbox 643 2597 707 2619; x_wconf 90' lang='lat' dir='ltr'><strong>non</strong></span> <span class='ocrx_word' id='word_1_319' title='bbox 728 2590 852 2620; x_wconf 74' lang='lat' dir='ltr'><strong>invenit</strong></span> <span class='ocrx_word' id='word_1_320' title='bbox 866 2591 952 2622; x_wconf 83' lang='lat' dir='ltr'><strong>unde</strong></span> 
     </span>
     <span class='ocr_line' id='line_1_54' title="bbox 254 2635 951 2673; baseline 0 -7"><span class='ocrx_word' id='word_1_321' title='bbox 254 2635 447 2666; x_wconf 66' lang='lat' dir='ltr'><strong>consoletur.</strong></span> <span class='ocrx_word' id='word_1_322' title='bbox 457 2635 536 2666; x_wconf 84' lang='lat' dir='ltr'><strong>Nam</strong></span> <span class='ocrx_word' id='word_1_323' title='bbox 546 2635 580 2666; x_wconf 92' lang='lat' dir='ltr'><strong>in</strong></span> <span class='ocrx_word' id='word_1_324' title='bbox 588 2635 691 2666; x_wconf 88' lang='lat' dir='ltr'><strong>morte</strong></span> <span class='ocrx_word' id='word_1_325' title='bbox 703 2643 767 2665; x_wconf 89' lang='lat' dir='ltr'><strong>non</strong></span> <span class='ocrx_word' id='word_1_326' title='bbox 782 2644 933 2673; x_wconf 78' lang='lat' dir='ltr'><strong>magnum</strong></span> <span class='ocrx_word' id='word_1_327' title='bbox 942 2657 951 2673; x_wconf 83' lang='lat'><strong>,</strong></span> 
     </span>
    </p>
   </div>
   <div class='ocr_carea' id='block_1_3' title="bbox 762 228 1271 262">
    <p class='ocr_par' dir='ltr' id='par_1_4' title="bbox 762 228 1271 262">
     <span class='ocr_line' id='line_1_55' title="bbox 762 228 1271 262; baseline 0.014 -6"><span class='ocrx_word' id='word_1_328' title='bbox 762 229 792 256; x_wconf 86' lang='lat' dir='ltr'><strong>S.</strong></span> <span class='ocrx_word' id='word_1_329' title='bbox 819 228 1053 257; x_wconf 78' lang='lat' dir='ltr'>BERNARDI</span> <span class='ocrx_word' id='word_1_330' title='bbox 1076 230 1271 262; x_wconf 79' lang='lat' dir='ltr'><strong>ABBATls</strong></span> 
     </span>
    </p>
   </div>
   <div class='ocr_carea' id='block_1_4' title="bbox 1016 287 1718 545">
    <p class='ocr_par' dir='ltr' id='par_1_5' title="bbox 1016 287 1718 545">
     <span class='ocr_line' id='line_1_56' title="bbox 1020 287 1718 329; baseline 0.017 -17"><span class='ocrx_word' id='word_1_331' title='bbox 1020 291 1084 313; x_wconf 90' lang='lat' dir='ltr'><strong>non</strong></span> <span class='ocrx_word' id='word_1_332' title='bbox 1091 293 1227 322; x_wconf 81' lang='lat' dir='ltr'><strong>parvum</strong></span> <span class='ocrx_word' id='word_1_333' title='bbox 1235 287 1358 327; x_wconf 86' lang='lat' dir='ltr'><strong>aliquid</strong></span> <span class='ocrx_word' id='word_1_334' title='bbox 1365 289 1405 320; x_wconf 91' lang='lat' dir='ltr'><strong>de</strong></span> <span class='ocrx_word' id='word_1_335' title='bbox 1413 289 1505 321; x_wconf 82' lang='lat' dir='ltr'><strong>bonis</strong></span> <span class='ocrx_word' id='word_1_336' title='bbox 1512 288 1566 329; x_wconf 86' lang='lat' dir='ltr'><strong>huj</strong></span> <span class='ocrx_word' id='word_1_337' title='bbox 1572 297 1608 323; x_wconf 82' lang='lat' dir='ltr'><strong>us</strong></span> <span class='ocrx_word' id='word_1_338' title='bbox 1621 298 1718 324; x_wconf 81' lang='lat' dir='ltr'><strong>mun-</strong></span> 
     </span>
     <span class='ocr_line' id='line_1_57' title="bbox 1020 328 1717 375; baseline 0.019 -18"><span class='ocrx_word' id='word_1_339' title='bbox 1020 328 1052 358; x_wconf 89' lang='lat' dir='ltr'><strong>di</strong></span> <span class='ocrx_word' id='word_1_340' title='bbox 1074 330 1184 361; x_wconf 90' lang='lat' dir='ltr'><strong>tecum</strong></span> <span class='ocrx_word' id='word_1_341' title='bbox 1202 332 1367 365; x_wconf 89' lang='lat' dir='ltr'><strong>delaturus</strong></span> <span class='ocrx_word' id='word_1_342' title='bbox 1391 345 1447 367; x_wconf 82' lang='lat' dir='ltr'><strong>es:</strong></span> <span class='ocrx_word' id='word_1_343' title='bbox 1464 337 1499 367; x_wconf 92' lang='lat' dir='ltr'><strong>in</strong></span> <span class='ocrx_word' id='word_1_344' title='bbox 1513 337 1637 375; x_wconf 85' lang='lat' dir='ltr'><strong>judicio</strong></span> <span class='ocrx_word' id='word_1_345' title='bbox 1657 347 1717 373; x_wconf 85' lang='lat' dir='ltr'><strong>nec</strong></span> 
     </span>
     <span class='ocr_line' id='line_1_58' title="bbox 1025 373 1718 420; baseline 0.019 -18"><span class='ocrx_word' id='word_1_346' title='bbox 1025 373 1138 405; x_wconf 86' lang='lat' dir='ltr'><strong>fallere</strong></span> <span class='ocrx_word' id='word_1_347' title='bbox 1149 397 1160 414; x_wconf 95' lang='lat'><strong>,</strong></span> <span class='ocrx_word' id='word_1_348' title='bbox 1174 384 1235 407; x_wconf 88' lang='lat' dir='ltr'><strong>nec</strong></span> <span class='ocrx_word' id='word_1_349' title='bbox 1246 378 1397 412; x_wconf 90' lang='lat' dir='ltr'><strong>resistere</strong></span> <span class='ocrx_word' id='word_1_350' title='bbox 1409 383 1561 420; x_wconf 90' lang='lat' dir='ltr'><strong>possibile</strong></span> <span class='ocrx_word' id='word_1_351' title='bbox 1579 383 1643 414; x_wconf 86' lang='lat' dir='ltr'><strong>erit</strong></span> <span class='ocrx_word' id='word_1_352' title='bbox 1657 393 1666 414; x_wconf 88' lang='lat'>:</span> <span class='ocrx_word' id='word_1_353' title='bbox 1682 385 1718 414; x_wconf 90' lang='lat' dir='ltr'><strong>in</strong></span> 
     </span>
     <span class='ocr_line' id='line_1_59' title="bbox 1019 419 1717 467; baseline 0.017 -19"><span class='ocrx_word' id='word_1_354' title='bbox 1019 419 1169 457; x_wconf 84' lang='lat' dir='ltr'><strong>gehenna</strong></span> <span class='ocrx_word' id='word_1_355' title='bbox 1192 422 1284 453; x_wconf 79' lang='lat' dir='ltr'><strong>nulla</strong></span> <span class='ocrx_word' id='word_1_356' title='bbox 1297 426 1428 462; x_wconf 85' lang='lat' dir='ltr'><strong>penitus</strong></span> <span class='ocrx_word' id='word_1_357' title='bbox 1452 429 1644 467; x_wconf 87' lang='lat' dir='ltr'><strong>consolatio;</strong></span> <span class='ocrx_word' id='word_1_358' title='bbox 1659 429 1717 460; x_wconf 82' lang='lat' dir='ltr'><strong>sed</strong></span> 
     </span>
     <span class='ocr_line' id='line_1_60' title="bbox 1017 466 1716 512; baseline 0.016 -19"><span class='ocrx_word' id='word_1_359' title='bbox 1017 466 1212 503; x_wconf 88' lang='lat' dir='ltr'><strong>perpetuum</strong></span> <span class='ocrx_word' id='word_1_360' title='bbox 1229 476 1279 498; x_wconf 75' lang='lat' dir='ltr'><strong>vae</strong></span> <span class='ocrx_word' id='word_1_361' title='bbox 1293 490 1303 507; x_wconf 94' lang='lat'><strong>,</strong></span> <span class='ocrx_word' id='word_1_362' title='bbox 1315 470 1472 512; x_wconf 86' lang='lat' dir='ltr'><strong>ululatus,</strong></span> <span class='ocrx_word' id='word_1_363' title='bbox 1491 474 1526 503; x_wconf 90' lang='lat' dir='ltr'><strong>et</strong></span> <span class='ocrx_word' id='word_1_364' title='bbox 1545 473 1661 512; x_wconf 78' lang='lat' dir='ltr'><strong>fletuS‚</strong></span> <span class='ocrx_word' id='word_1_365' title='bbox 1681 474 1716 504; x_wconf 84' lang='lat' dir='ltr'><strong>et</strong></span> 
     </span>
     <span class='ocr_line' id='line_1_61' title="bbox 1016 510 1305 545; baseline 0.021 -6"><span class='ocrx_word' id='word_1_366' title='bbox 1016 510 1134 543; x_wconf 86' lang='lat' dir='ltr'><strong>stridor</strong></span> <span class='ocrx_word' id='word_1_367' title='bbox 1145 512 1305 545; x_wconf 85' lang='lat' dir='ltr'><strong>dentium.</strong></span> 
     </span>
    </p>
   </div>
   <div class='ocr_carea' id='block_1_5' title="bbox 1312 575 1390 583">
    <p class='ocr_par' dir='ltr' id='par_1_6' title="bbox 1312 575 1390 583">
     <span class='ocr_line' id='line_1_62' title="bbox 1312 575 1390 583; baseline 0.013 -1"><span class='ocrx_word' id='word_1_368' title='bbox 1312 575 1390 583; x_wconf 32' lang='lat' dir='ltr'><strong>—Q</strong></span> 
     </span>
    </p>
   </div>
   <div class='ocr_carea' id='block_1_6' title="bbox 1206 620 1523 656">
    <p class='ocr_par' dir='ltr' id='par_1_7' title="bbox 1206 620 1523 656">
     <span class='ocr_line' id='line_1_63' title="bbox 1206 620 1523 656; baseline 0.009 -3"><span class='ocrx_word' id='word_1_369' title='bbox 1206 620 1376 655; x_wconf 81' lang='lat' dir='ltr'>SERMO</span> <span class='ocrx_word' id='word_1_370' title='bbox 1407 621 1523 656; x_wconf 77' lang='lat' dir='ltr'><strong>XIII.</strong></span> 
     </span>
    </p>
   </div>
   <div class='ocr_carea' id='block_1_7' title="bbox 987 684 1711 2675">
    <p class='ocr_par' dir='ltr' id='par_1_8' title="bbox 1027 684 1700 751">
     <span class='ocr_line' id='line_1_64' title="bbox 1027 684 1700 721; baseline 0.01 -11"><span class='ocrx_word' id='word_1_371' title='bbox 1027 684 1068 711; x_wconf 88' lang='lat' dir='ltr'><strong>De</strong></span> <span class='ocrx_word' id='word_1_372' title='bbox 1078 684 1183 718; x_wconf 72' lang='lat' dir='ltr'><strong>triplici</strong></span> <span class='ocrx_word' id='word_1_373' title='bbox 1193 688 1385 714; x_wconf 80' lang='lat' dir='ltr'><strong>misericordia</strong></span> <span class='ocrx_word' id='word_1_374' title='bbox 1393 706 1402 720; x_wconf 86' lang='lat'>‚</span> <span class='ocrx_word' id='word_1_375' title='bbox 1413 692 1441 715; x_wconf 84' lang='lat' dir='ltr'><strong>et</strong></span> <span class='ocrx_word' id='word_1_376' title='bbox 1456 692 1579 721; x_wconf 73' lang='lat' dir='ltr'><strong>quatuor</strong></span> <span class='ocrx_word' id='word_1_377' title='bbox 1589 690 1700 717; x_wconf 78' lang='lat' dir='ltr'><strong>misera-</strong></span> 
     </span>
     <span class='ocr_line' id='line_1_65' title="bbox 1287 724 1424 751; baseline 0.015 -2"><span class='ocrx_word' id='word_1_378' title='bbox 1287 724 1424 751; x_wconf 74' lang='lat' dir='ltr'><strong>tionibus.</strong></span> 
     </span>
    </p>

    <p class='ocr_par' dir='ltr' id='par_1_9' title="bbox 987 774 1711 2495">
     <span class='ocr_line' id='line_1_66' title="bbox 1049 774 1710 821; baseline 0.011 -15"><span class='ocrx_word' id='word_1_379' title='bbox 1049 774 1080 806; x_wconf 77' lang='lat' dir='ltr'><strong>l.</strong></span> <span class='ocrx_word' id='word_1_380' title='bbox 1096 776 1198 809; x_wconf 78' lang='lat' dir='ltr'><strong>Srcm·</strong></span> <span class='ocrx_word' id='word_1_381' title='bbox 1216 779 1293 810; x_wconf 88' lang='lat' dir='ltr'><strong>sunt</strong></span> <span class='ocrx_word' id='word_1_382' title='bbox 1312 781 1446 819; x_wconf 88' lang='lat' dir='ltr'><strong>peccata</strong></span> <span class='ocrx_word' id='word_1_383' title='bbox 1465 779 1620 821; x_wconf 88' lang='lat' dir='ltr'><strong>minima,</strong></span> <span class='ocrx_word' id='word_1_384' title='bbox 1635 783 1710 813; x_wconf 85' lang='lat' dir='ltr'><strong>sunt</strong></span> 
     </span>
     <span class='ocr_line' id='line_1_67' title="bbox 1010 821 1711 864; baseline 0.011 -14"><span class='ocrx_word' id='word_1_385' title='bbox 1010 821 1196 863; x_wconf 86' lang='lat' dir='ltr'><strong>mediocria,</strong></span> <span class='ocrx_word' id='word_1_386' title='bbox 1211 826 1286 855; x_wconf 86' lang='lat' dir='ltr'><strong>sunt</strong></span> <span class='ocrx_word' id='word_1_387' title='bbox 1297 827 1331 856; x_wconf 86' lang='lat' dir='ltr'><strong>et</strong></span> <span class='ocrx_word' id='word_1_388' title='bbox 1346 834 1479 864; x_wconf 81' lang='lat' dir='ltr'><strong>magna:</strong></span> <span class='ocrx_word' id='word_1_389' title='bbox 1495 827 1542 858; x_wconf 89' lang='lat' dir='ltr'><strong>sic</strong></span> <span class='ocrx_word' id='word_1_390' title='bbox 1556 828 1606 858; x_wconf 89' lang='lat' dir='ltr'><strong>est</strong></span> <span class='ocrx_word' id='word_1_391' title='bbox 1614 829 1711 858; x_wconf 91' lang='lat' dir='ltr'><strong>mise·</strong></span> 
     </span>
     <span class='ocr_line' id='line_1_68' title="bbox 1007 867 1707 913; baseline 0.01 -17"><span class='ocrx_word' id='word_1_392' title='bbox 1007 867 1147 898; x_wconf 83' lang='lat' dir='ltr'><strong>ricordia</strong></span> <span class='ocrx_word' id='word_1_393' title='bbox 1170 877 1286 909; x_wconf 79' lang='lat' dir='ltr'><strong>parva,</strong></span> <span class='ocrx_word' id='word_1_394' title='bbox 1312 872 1503 911; x_wconf 91' lang='lat' dir='ltr'><strong>mediocris,</strong></span> <span class='ocrx_word' id='word_1_395' title='bbox 1524 872 1561 913; x_wconf 20' lang='lat' dir='ltr'><strong>etl</strong></span> <span class='ocrx_word' id='word_1_396' title='bbox 1578 876 1707 911; x_wconf 82' lang='lat' dir='ltr'><strong>magna.</strong></span> 
     </span>
     <span class='ocr_line' id='line_1_69' title="bbox 1006 913 1710 956; baseline 0.009 -13"><span class='ocrx_word' id='word_1_397' title='bbox 1006 913 1139 952; x_wconf 79' lang='lat' dir='ltr'><strong>Magnus</strong></span> <span class='ocrx_word' id='word_1_398' title='bbox 1151 923 1226 954; x_wconf 83' lang='lat' dir='ltr'><strong>ergo</strong></span> <span class='ocrx_word' id='word_1_399' title='bbox 1239 918 1390 954; x_wconf 90' lang='lat' dir='ltr'><strong>peccator</strong></span> <span class='ocrx_word' id='word_1_400' title='bbox 1403 925 1518 956; x_wconf 81' lang='lat' dir='ltr'><strong>magna</strong></span> <span class='ocrx_word' id='word_1_401' title='bbox 1527 918 1710 948; x_wconf 87' lang='lat' dir='ltr'><strong>misericor·</strong></span> 
     </span>
     <span class='ocr_line' id='line_1_70' title="bbox 1006 959 1708 1000; baseline 0.006 -11"><span class='ocrx_word' id='word_1_402' title='bbox 1006 959 1058 989; x_wconf 87' lang='lat' dir='ltr'><strong>dia</strong></span> <span class='ocrx_word' id='word_1_403' title='bbox 1070 968 1149 999; x_wconf 90' lang='lat' dir='ltr'><strong>opus</strong></span> <span class='ocrx_word' id='word_1_404' title='bbox 1167 961 1283 1000; x_wconf 85' lang='lat' dir='ltr'><strong>habet3</strong></span> <span class='ocrx_word' id='word_1_405' title='bbox 1300 962 1336 992; x_wconf 91' lang='lat' dir='ltr'><strong>ut</strong></span> <span class='ocrx_word' id='word_1_406' title='bbox 1347 963 1404 993; x_wconf 89' lang='lat' dir='ltr'><strong>uhi</strong></span> <span class='ocrx_word' id='word_1_407' title='bbox 1419 963 1596 993; x_wconf 82' lang='lat' dir='ltr'><strong>abundavit</strong></span> <span class='ocrx_word' id='word_1_408' title='bbox 1608 963 1708 994; x_wconf 87' lang='lat' dir='ltr'><strong>delic-</strong></span> 
     </span>
     <span class='ocr_line' id='line_1_71' title="bbox 1005 1004 1708 1046; baseline 0.007 -13"><span class='ocrx_word' id='word_1_409' title='bbox 1005 1004 1093 1043; x_wconf 89' lang='lat' dir='ltr'><strong>tum,</strong></span> <span class='ocrx_word' id='word_1_410' title='bbox 1114 1007 1356 1044; x_wconf 84' lang='lat' dir='ltr'><strong>superabundet</strong></span> <span class='ocrx_word' id='word_1_411' title='bbox 1378 1008 1412 1038; x_wconf 88' lang='lat' dir='ltr'><strong>et</strong></span> <span class='ocrx_word' id='word_1_412' title='bbox 1432 1008 1545 1046; x_wconf 80' lang='lat' dir='ltr'><strong>gratia.</strong></span> <span class='ocrx_word' id='word_1_413' title='bbox 1569 1009 1708 1039; x_wconf 87' lang='lat' dir='ltr'><strong>Parvam</strong></span> 
     </span>
     <span class='ocr_line' id='line_1_72' title="bbox 1003 1050 1707 1092; baseline 0.007 -13"><span class='ocrx_word' id='word_1_414' title='bbox 1003 1050 1258 1081; x_wconf 88' lang='lat' dir='ltr'><strong>misericordiam</strong></span> <span class='ocrx_word' id='word_1_415' title='bbox 1265 1052 1336 1083; x_wconf 91' lang='lat' dir='ltr'><strong>dico</strong></span> <span class='ocrx_word' id='word_1_416' title='bbox 1345 1053 1621 1091; x_wconf 81' lang='lat' dir='ltr'><strong>exspectationem</strong></span> <span class='ocrx_word' id='word_1_417' title='bbox 1627 1075 1635 1091; x_wconf 90' lang='lat'><strong>,</strong></span> <span class='ocrx_word' id='word_1_418' title='bbox 1643 1061 1707 1092; x_wconf 86' lang='lat' dir='ltr'><strong>qua</strong></span> 
     </span>
     <span class='ocr_line' id='line_1_73' title="bbox 1001 1096 1706 1136; baseline 0.006 -11"><span class='ocrx_word' id='word_1_419' title='bbox 1001 1103 1067 1125; x_wconf 91' lang='lat' dir='ltr'><strong>non</strong></span> <span class='ocrx_word' id='word_1_420' title='bbox 1082 1096 1191 1126; x_wconf 85' lang='lat' dir='ltr'><strong>statim</strong></span> <span class='ocrx_word' id='word_1_421' title='bbox 1214 1099 1310 1135; x_wconf 90' lang='lat' dir='ltr'><strong>punit</strong></span> <span class='ocrx_word' id='word_1_422' title='bbox 1333 1099 1546 1136; x_wconf 87' lang='lat' dir='ltr'><strong>peccantem,</strong></span> <span class='ocrx_word' id='word_1_423' title='bbox 1570 1099 1628 1128; x_wconf 93' lang='lat' dir='ltr'><strong>sed</strong></span> <span class='ocrx_word' id='word_1_424' title='bbox 1646 1108 1706 1129; x_wconf 82' lang='lat' dir='ltr'><strong>ex-</strong></span> 
     </span>
     <span class='ocr_line' id='line_1_74' title="bbox 1002 1142 1705 1181; baseline 0.006 -11"><span class='ocrx_word' id='word_1_425' title='bbox 1002 1142 1128 1179; x_wconf 89' lang='lat' dir='ltr'><strong>spectat</strong></span> <span class='ocrx_word' id='word_1_426' title='bbox 1142 1142 1181 1171; x_wconf 91' lang='lat' dir='ltr'><strong>ad</strong></span> <span class='ocrx_word' id='word_1_427' title='bbox 1195 1143 1435 1181; x_wconf 85' lang='lat' dir='ltr'><strong>poenitentiam.</strong></span> <span class='ocrx_word' id='word_1_428' title='bbox 1451 1144 1586 1173; x_wconf 81' lang='lat' dir='ltr'><strong>Parvam</strong></span> <span class='ocrx_word' id='word_1_429' title='bbox 1596 1144 1705 1174; x_wconf 88' lang='lat' dir='ltr'><strong>autem</strong></span> 
     </span>
     <span class='ocr_line' id='line_1_75' title="bbox 1001 1187 1704 1226; baseline 0.004 -11"><span class='ocrx_word' id='word_1_430' title='bbox 1001 1194 1066 1216; x_wconf 88' lang='lat' dir='ltr'><strong>non</strong></span> <span class='ocrx_word' id='word_1_431' title='bbox 1087 1187 1121 1216; x_wconf 90' lang='lat' dir='ltr'><strong>in</strong></span> <span class='ocrx_word' id='word_1_432' title='bbox 1137 1196 1188 1225; x_wconf 93' lang='lat' dir='ltr'><strong>se,</strong></span> <span class='ocrx_word' id='word_1_433' title='bbox 1205 1188 1261 1218; x_wconf 90' lang='lat' dir='ltr'><strong>sed</strong></span> <span class='ocrx_word' id='word_1_434' title='bbox 1277 1188 1316 1218; x_wconf 92' lang='lat' dir='ltr'><strong>ad</strong></span> <span class='ocrx_word' id='word_1_435' title='bbox 1331 1188 1604 1226; x_wconf 82' lang='lat' dir='ltr'><strong>comparationem</strong></span> <span class='ocrx_word' id='word_1_436' title='bbox 1624 1189 1704 1219; x_wconf 89' lang='lat' dir='ltr'><strong>alia-</strong></span> 
     </span>
     <span class='ocr_line' id='line_1_76' title="bbox 1000 1232 1704 1272; baseline 0.003 -11"><span class='ocrx_word' id='word_1_437' title='bbox 1000 1239 1086 1270; x_wconf 67' lang='lat' dir='ltr'><strong>rum.</strong></span> <span class='ocrx_word' id='word_1_438' title='bbox 1096 1232 1248 1271; x_wconf 80' lang='lat' dir='ltr'><strong>Alioquin</strong></span> <span class='ocrx_word' id='word_1_439' title='bbox 1261 1241 1375 1271; x_wconf 80' lang='lat' dir='ltr'><strong>magna</strong></span> <span class='ocrx_word' id='word_1_440' title='bbox 1387 1234 1496 1272; x_wconf 88' lang='lat' dir='ltr'><strong>plane,</strong></span> <span class='ocrx_word' id='word_1_441' title='bbox 1508 1241 1623 1271; x_wconf 81' lang='lat' dir='ltr'><strong>magna</strong></span> <span class='ocrx_word' id='word_1_442' title='bbox 1635 1242 1704 1263; x_wconf 93' lang='lat' dir='ltr'><strong>om-</strong></span> 
     </span>
     <span class='ocr_line' id='line_1_77' title="bbox 1000 1278 1702 1317; baseline 0.003 -10"><span class='ocrx_word' id='word_1_443' title='bbox 1000 1278 1077 1308; x_wconf 90' lang='lat' dir='ltr'><strong>nino</strong></span> <span class='ocrx_word' id='word_1_444' title='bbox 1091 1279 1331 1317; x_wconf 85' lang='lat' dir='ltr'><strong>misericordia,</strong></span> <span class='ocrx_word' id='word_1_445' title='bbox 1343 1280 1543 1317; x_wconf 80' lang='lat' dir='ltr'><strong>exspectatio</strong></span> <span class='ocrx_word' id='word_1_446' title='bbox 1558 1279 1702 1309; x_wconf 84' lang='lat' dir='ltr'><strong>Domini.</strong></span> 
     </span>
     <span class='ocr_line' id='line_1_78' title="bbox 999 1324 1702 1362; baseline 0.001 -9"><span class='ocrx_word' id='word_1_447' title='bbox 999 1324 1078 1353; x_wconf 77' lang='lat' dir='ltr'><strong>Nam</strong></span> <span class='ocrx_word' id='word_1_448' title='bbox 1099 1325 1290 1362; x_wconf 91' lang='lat' dir='ltr'><strong>peccantem</strong></span> <span class='ocrx_word' id='word_1_449' title='bbox 1315 1325 1467 1362; x_wconf 82' lang='lat' dir='ltr'><strong>angelum</strong></span> <span class='ocrx_word' id='word_1_450' title='bbox 1485 1325 1616 1354; x_wconf 89' lang='lat' dir='ltr'><strong>omnino</strong></span> <span class='ocrx_word' id='word_1_451' title='bbox 1637 1333 1702 1355; x_wconf 92' lang='lat' dir='ltr'><strong>non</strong></span> 
     </span>
     <span class='ocr_line' id='line_1_79' title="bbox 1000 1369 1700 1408; baseline 0.003 -11"><span class='ocrx_word' id='word_1_452' title='bbox 1000 1369 1222 1407; x_wconf 70' lang='lat' dir='ltr'><strong>exspectavit,</strong></span> <span class='ocrx_word' id='word_1_453' title='bbox 1237 1369 1295 1399; x_wconf 89' lang='lat' dir='ltr'><strong>sed</strong></span> <span class='ocrx_word' id='word_1_454' title='bbox 1309 1370 1526 1408; x_wconf 81' lang='lat' dir='ltr'><strong>praecipitavit</strong></span> <span class='ocrx_word' id='word_1_455' title='bbox 1540 1370 1581 1400; x_wconf 88' lang='lat' dir='ltr'><strong>de</strong></span> <span class='ocrx_word' id='word_1_456' title='bbox 1599 1371 1700 1400; x_wconf 90' lang='lat' dir='ltr'><strong>coelo:</strong></span> 
     </span>
     <span class='ocr_line' id='line_1_80' title="bbox 999 1414 1704 1454; baseline 0.004 -11"><span class='ocrx_word' id='word_1_457' title='bbox 999 1414 1165 1444; x_wconf 89' lang='lat' dir='ltr'><strong>hominem</strong></span> <span class='ocrx_word' id='word_1_458' title='bbox 1180 1423 1307 1453; x_wconf 85' lang='lat' dir='ltr'><strong>quoque</strong></span> <span class='ocrx_word' id='word_1_459' title='bbox 1322 1416 1514 1454; x_wconf 87' lang='lat' dir='ltr'><strong>peccantem</strong></span> <span class='ocrx_word' id='word_1_460' title='bbox 1528 1424 1592 1445; x_wconf 90' lang='lat' dir='ltr'><strong>non</strong></span> <span class='ocrx_word' id='word_1_461' title='bbox 1602 1416 1704 1446; x_wconf 89' lang='lat' dir='ltr'><strong>distu-</strong></span> 
     </span>
     <span class='ocr_line' id='line_1_81' title="bbox 999 1458 1700 1500; baseline 0.004 -12"><span class='ocrx_word' id='word_1_462' title='bbox 999 1458 1055 1496; x_wconf 85' lang='lat' dir='ltr'><strong>lit,</strong></span> <span class='ocrx_word' id='word_1_463' title='bbox 1071 1459 1127 1489; x_wconf 88' lang='lat' dir='ltr'><strong>sed</strong></span> <span class='ocrx_word' id='word_1_464' title='bbox 1153 1460 1301 1497; x_wconf 87' lang='lat' dir='ltr'><strong>protinus</strong></span> <span class='ocrx_word' id='word_1_465' title='bbox 1323 1460 1452 1500; x_wconf 82' lang='lat' dir='ltr'><strong>expulit</strong></span> <span class='ocrx_word' id='word_1_466' title='bbox 1474 1460 1513 1492; x_wconf 88' lang='lat' dir='ltr'><strong>de</strong></span> <span class='ocrx_word' id='word_1_467' title='bbox 1538 1461 1700 1499; x_wconf 88' lang='lat' dir='ltr'><strong>paradiso.</strong></span> 
     </span>
     <span class='ocr_line' id='line_1_82' title="bbox 997 1504 1701 1544; baseline 0.001 -10"><span class='ocrx_word' id='word_1_468' title='bbox 997 1504 1088 1534; x_wconf 75' lang='lat' dir='ltr'><strong>Nunc</strong></span> <span class='ocrx_word' id='word_1_469' title='bbox 1101 1504 1170 1542; x_wconf 86' lang='lat' dir='ltr'><strong>jam</strong></span> <span class='ocrx_word' id='word_1_470' title='bbox 1185 1505 1370 1543; x_wconf 81' lang='lat' dir='ltr'><strong>exspectat,</strong></span> <span class='ocrx_word' id='word_1_471' title='bbox 1390 1505 1590 1544; x_wconf 84' lang='lat' dir='ltr'><strong>dissimulat,</strong></span> <span class='ocrx_word' id='word_1_472' title='bbox 1604 1506 1701 1536; x_wconf 90' lang='lat' dir='ltr'><strong>susti-</strong></span> 
     </span>
     <span class='ocr_line' id='line_1_83' title="bbox 997 1550 1702 1589; baseline 0.003 -10"><span class='ocrx_word' id='word_1_473' title='bbox 997 1551 1054 1579; x_wconf 89' lang='lat' dir='ltr'><strong>net</strong></span> <span class='ocrx_word' id='word_1_474' title='bbox 1068 1550 1181 1581; x_wconf 83' lang='lat' dir='ltr'><strong>decem</strong></span> <span class='ocrx_word' id='word_1_475' title='bbox 1196 1550 1287 1580; x_wconf 89' lang='lat' dir='ltr'><strong>annis</strong></span> <span class='ocrx_word' id='word_1_476' title='bbox 1297 1572 1306 1588; x_wconf 86' lang='lat'><strong>,</strong></span> <span class='ocrx_word' id='word_1_477' title='bbox 1319 1550 1436 1589; x_wconf 73' lang='lat' dir='ltr'><strong>viginti</strong></span> <span class='ocrx_word' id='word_1_478' title='bbox 1446 1573 1455 1589; x_wconf 90' lang='lat'><strong>,</strong></span> <span class='ocrx_word' id='word_1_479' title='bbox 1471 1559 1572 1589; x_wconf 87' lang='lat' dir='ltr'><strong>usque</strong></span> <span class='ocrx_word' id='word_1_480' title='bbox 1595 1551 1635 1581; x_wconf 88' lang='lat' dir='ltr'><strong>ad</strong></span> <span class='ocrx_word' id='word_1_481' title='bbox 1648 1560 1702 1581; x_wconf 88' lang='lat' dir='ltr'><strong>se·-</strong></span> 
     </span>
     <span class='ocr_line' id='line_1_84' title="bbox 997 1596 1700 1628; baseline 0.004 -4"><span class='ocrx_word' id='word_1_482' title='bbox 997 1596 1126 1625; x_wconf 87' lang='lat' dir='ltr'><strong>nectam</strong></span> <span class='ocrx_word' id='word_1_483' title='bbox 1149 1596 1181 1625; x_wconf 85' lang='lat' dir='ltr'><strong>et</strong></span> <span class='ocrx_word' id='word_1_484' title='bbox 1200 1596 1339 1625; x_wconf 85' lang='lat' dir='ltr'><strong>senium.</strong></span> <span class='ocrx_word' id='word_1_485' title='bbox 1356 1597 1394 1626; x_wconf 84' lang='lat' dir='ltr'><strong>Et</strong></span> <span class='ocrx_word' id='word_1_486' title='bbox 1409 1596 1435 1625; x_wconf 89' lang='lat' dir='ltr'><strong>si</strong></span> <span class='ocrx_word' id='word_1_487' title='bbox 1459 1596 1700 1628; x_wconf 85' lang='lat' dir='ltr'><strong>consideremus</strong></span> 
     </span>
     <span class='ocr_line' id='line_1_85' title="bbox 997 1641 1700 1680; baseline 0.003 -10"><span class='ocrx_word' id='word_1_488' title='bbox 997 1641 1116 1678; x_wconf 86' lang='lat' dir='ltr'><strong>quanta</strong></span> <span class='ocrx_word' id='word_1_489' title='bbox 1126 1662 1136 1679; x_wconf 91' lang='lat'><strong>,</strong></span> <span class='ocrx_word' id='word_1_490' title='bbox 1152 1641 1184 1671; x_wconf 85' lang='lat' dir='ltr'><strong>et</strong></span> <span class='ocrx_word' id='word_1_491' title='bbox 1198 1649 1292 1679; x_wconf 88' lang='lat' dir='ltr'><strong>quam</strong></span> <span class='ocrx_word' id='word_1_492' title='bbox 1308 1641 1449 1679; x_wconf 89' lang='lat' dir='ltr'><strong>plurima</strong></span> <span class='ocrx_word' id='word_1_493' title='bbox 1471 1642 1603 1680; x_wconf 85' lang='lat' dir='ltr'><strong>peccata</strong></span> <span class='ocrx_word' id='word_1_494' title='bbox 1618 1650 1700 1680; x_wconf 89' lang='lat' dir='ltr'><strong>quo-</strong></span> 
     </span>
     <span class='ocr_line' id='line_1_86' title="bbox 996 1685 1699 1725; baseline 0.003 -10"><span class='ocrx_word' id='word_1_495' title='bbox 996 1685 1077 1716; x_wconf 88' lang='lat' dir='ltr'><strong>tidie</strong></span> <span class='ocrx_word' id='word_1_496' title='bbox 1101 1686 1206 1724; x_wconf 69' lang='lat' dir='ltr'><strong>fiuntg</strong></span> <span class='ocrx_word' id='word_1_497' title='bbox 1231 1694 1340 1716; x_wconf 85' lang='lat' dir='ltr'><strong>nonne</strong></span> <span class='ocrx_word' id='word_1_498' title='bbox 1361 1686 1447 1716; x_wconf 79' lang='lat' dir='ltr'><strong>levia</strong></span> <span class='ocrx_word' id='word_1_499' title='bbox 1474 1687 1699 1725; x_wconf 86' lang='lat' dir='ltr'><strong>reputabimus</strong></span> 
     </span>
     <span class='ocr_line' id='line_1_87' title="bbox 996 1731 1699 1769; baseline 0.004 -9"><span class='ocrx_word' id='word_1_500' title='bbox 996 1731 1071 1769; x_wconf 87' lang='lat' dir='ltr'><strong>illa,</strong></span> <span class='ocrx_word' id='word_1_501' title='bbox 1087 1740 1159 1769; x_wconf 84' lang='lat' dir='ltr'><strong>quae</strong></span> <span class='ocrx_word' id='word_1_502' title='bbox 1174 1732 1284 1761; x_wconf 88' lang='lat' dir='ltr'><strong>tamen</strong></span> <span class='ocrx_word' id='word_1_503' title='bbox 1307 1731 1459 1761; x_wconf 85' lang='lat' dir='ltr'><strong>continuo</strong></span> <span class='ocrx_word' id='word_1_504' title='bbox 1482 1732 1699 1764; x_wconf 85' lang='lat' dir='ltr'><strong>damnationis</strong></span> 
     </span>
     <span class='ocr_line' id='line_1_88' title="bbox 996 1776 1696 1816; baseline 0 -10"><span class='ocrx_word' id='word_1_505' title='bbox 996 1785 1156 1816; x_wconf 85' lang='lat' dir='ltr'><strong>excepere</strong></span> <span class='ocrx_word' id='word_1_506' title='bbox 1167 1776 1382 1807; x_wconf 76' lang='lat' dir='ltr'><strong>sententiam?</strong></span> <span class='ocrx_word' id='word_1_507' title='bbox 1392 1777 1479 1806; x_wconf 76' lang='lat' dir='ltr'><strong>Nihil</strong></span> <span class='ocrx_word' id='word_1_508' title='bbox 1490 1777 1624 1815; x_wconf 90' lang='lat' dir='ltr'><strong>proinde</strong></span> <span class='ocrx_word' id='word_1_509' title='bbox 1637 1778 1696 1807; x_wconf 89' lang='lat' dir='ltr'><strong>mi-</strong></span> 
     </span>
     <span class='ocr_line' id='line_1_89' title="bbox 995 1822 1696 1860; baseline 0.001 -8"><span class='ocrx_word' id='word_1_510' title='bbox 995 1831 1066 1852; x_wconf 90' lang='lat' dir='ltr'><strong>rum</strong></span> <span class='ocrx_word' id='word_1_511' title='bbox 1079 1844 1088 1860; x_wconf 92' lang='lat'><strong>,</strong></span> <span class='ocrx_word' id='word_1_512' title='bbox 1106 1822 1133 1852; x_wconf 92' lang='lat' dir='ltr'><strong>si</strong></span> <span class='ocrx_word' id='word_1_513' title='bbox 1158 1822 1261 1860; x_wconf 88' lang='lat' dir='ltr'><strong>ipsius</strong></span> <span class='ocrx_word' id='word_1_514' title='bbox 1276 1830 1405 1860; x_wconf 83' lang='lat' dir='ltr'><strong>quoque</strong></span> <span class='ocrx_word' id='word_1_515' title='bbox 1420 1822 1588 1860; x_wconf 80' lang='lat' dir='ltr'><strong>Prophetae</strong></span> <span class='ocrx_word' id='word_1_516' title='bbox 1610 1831 1696 1860; x_wconf 81' lang='lat' dir='ltr'><strong>pene</strong></span> 
     </span>
     <span class='ocr_line' id='line_1_90' title="bbox 995 1868 1693 1908; baseline 0.003 -11"><span class='ocrx_word' id='word_1_517' title='bbox 995 1868 1073 1898; x_wconf 78' lang='lat' dir='ltr'><strong>moti</strong></span> <span class='ocrx_word' id='word_1_518' title='bbox 1090 1869 1167 1899; x_wconf 89' lang='lat' dir='ltr'><strong>sunt</strong></span> <span class='ocrx_word' id='word_1_519' title='bbox 1193 1868 1314 1906; x_wconf 86' lang='lat' dir='ltr'><strong>pedes,</strong></span> <span class='ocrx_word' id='word_1_520' title='bbox 1336 1876 1421 1906; x_wconf 90' lang='lat' dir='ltr'><strong>pene</strong></span> <span class='ocrx_word' id='word_1_521' title='bbox 1442 1876 1568 1906; x_wconf 78' lang='lat' dir='ltr'><strong>gressus</strong></span> <span class='ocrx_word' id='word_1_522' title='bbox 1584 1869 1693 1908; x_wconf 82' lang='lat' dir='ltr'><strong>effusi,</strong></span> 
     </span>
     <span class='ocr_line' id='line_1_91' title="bbox 994 1913 1694 1951; baseline 0.001 -8"><span class='ocrx_word' id='word_1_523' title='bbox 994 1914 1145 1951; x_wconf 87' lang='lat' dir='ltr'><strong>quoniam</strong></span> <span class='ocrx_word' id='word_1_524' title='bbox 1168 1913 1293 1943; x_wconf 86' lang='lat' dir='ltr'><strong>zelabat</strong></span> <span class='ocrx_word' id='word_1_525' title='bbox 1314 1921 1412 1950; x_wconf 88' lang='lat' dir='ltr'><strong>super</strong></span> <span class='ocrx_word' id='word_1_526' title='bbox 1427 1913 1555 1950; x_wconf 86' lang='lat' dir='ltr'><strong>iniquos</strong></span> <span class='ocrx_word' id='word_1_527' title='bbox 1578 1921 1694 1951; x_wconf 91' lang='lat' dir='ltr'><strong>pacem</strong></span> 
     </span>
     <span class='ocr_line' id='line_1_92' title="bbox 993 1957 1692 1997; baseline 0 -9"><span class='ocrx_word' id='word_1_528' title='bbox 993 1959 1199 1996; x_wconf 88' lang='lat' dir='ltr'><strong>peccatorum</strong></span> <span class='ocrx_word' id='word_1_529' title='bbox 1218 1958 1352 1995; x_wconf 74' lang='lat' dir='ltr'><strong>videns3</strong></span> <span class='ocrx_word' id='word_1_530' title='bbox 1373 1957 1400 1987; x_wconf 89' lang='lat' dir='ltr'><strong>si</strong></span> <span class='ocrx_word' id='word_1_531' title='bbox 1420 1958 1606 1996; x_wconf 83' lang='lat' dir='ltr'><strong>peccatores</strong></span> <span class='ocrx_word' id='word_1_532' title='bbox 1630 1958 1692 1997; x_wconf 88' lang='lat' dir='ltr'><strong>ipsi</strong></span> 
     </span>
     <span class='ocr_line' id='line_1_93' title="bbox 993 2003 1694 2042; baseline 0.003 -10"><span class='ocrx_word' id='word_1_533' title='bbox 993 2003 1105 2033; x_wconf 79' lang='lat' dir='ltr'><strong>dicunt</strong></span> <span class='ocrx_word' id='word_1_534' title='bbox 1115 2024 1124 2041; x_wconf 96' lang='lat'><strong>,</strong></span> <span class='ocrx_word' id='word_1_535' title='bbox 1153 2003 1308 2042; x_wconf 78' lang='lat' dir='ltr'><strong>Quomodo</strong></span> <span class='ocrx_word' id='word_1_536' title='bbox 1338 2004 1394 2033; x_wconf 78' lang='lat' dir='ltr'><strong>scit</strong></span> <span class='ocrx_word' id='word_1_537' title='bbox 1421 2004 1504 2033; x_wconf 80' lang='lat' dir='ltr'><strong>Deus</strong></span> <span class='ocrx_word' id='word_1_538' title='bbox 1511 2024 1523 2039; x_wconf 84' lang='lat'>‚</span> <span class='ocrx_word' id='word_1_539' title='bbox 1549 2004 1578 2032; x_wconf 87' lang='lat' dir='ltr'><strong>et</strong></span> <span class='ocrx_word' id='word_1_540' title='bbox 1597 2005 1625 2034; x_wconf 84' lang='lat' dir='ltr'><strong>si</strong></span> <span class='ocrx_word' id='word_1_541' title='bbox 1650 2006 1694 2034; x_wconf 79' lang='lat' dir='ltr'><strong>est</strong></span> 
     </span>
     <span class='ocr_line' id='line_1_94' title="bbox 991 2047 1693 2086; baseline 0.003 -8"><span class='ocrx_word' id='word_1_542' title='bbox 991 2050 1115 2079; x_wconf 80' lang='lat' dir='ltr'><strong>scientia</strong></span> <span class='ocrx_word' id='word_1_543' title='bbox 1131 2049 1165 2078; x_wconf 81' lang='lat' dir='ltr'><strong>in</strong></span> <span class='ocrx_word' id='word_1_544' title='bbox 1187 2047 1329 2078; x_wconf 73' lang='lat' dir='ltr'><strong>excelso?</strong></span> <span class='ocrx_word' id='word_1_545' title='bbox 1349 2047 1413 2078; x_wconf 89' lang='lat' dir='ltr'><strong>Sed</strong></span> <span class='ocrx_word' id='word_1_546' title='bbox 1427 2047 1497 2077; x_wconf 88' lang='lat' dir='ltr'><strong>haec</strong></span> <span class='ocrx_word' id='word_1_547' title='bbox 1521 2048 1570 2078; x_wconf 88' lang='lat' dir='ltr'><strong>est</strong></span> <span class='ocrx_word' id='word_1_548' title='bbox 1590 2049 1693 2086; x_wconf 81' lang='lat' dir='ltr'><strong>gratia</strong></span> 
     </span>
     <span class='ocr_line' id='line_1_95' title="bbox 992 2092 1694 2131; baseline 0 -7"><span class='ocrx_word' id='word_1_549' title='bbox 992 2094 1094 2124; x_wconf 90' lang='lat' dir='ltr'><strong>crucis</strong></span> <span class='ocrx_word' id='word_1_550' title='bbox 1109 2093 1240 2131; x_wconf 85' lang='lat' dir='ltr'><strong>Christi,</strong></span> <span class='ocrx_word' id='word_1_551' title='bbox 1257 2094 1290 2123; x_wconf 86' lang='lat' dir='ltr'><strong>et</strong></span> <span class='ocrx_word' id='word_1_552' title='bbox 1312 2092 1426 2123; x_wconf 83' lang='lat' dir='ltr'><strong>virtus.</strong></span> <span class='ocrx_word' id='word_1_553' title='bbox 1446 2094 1521 2124; x_wconf 67' lang='lat' dir='ltr'><strong>Vico</strong></span> <span class='ocrx_word' id='word_1_554' title='bbox 1534 2101 1606 2131; x_wconf 77' lang='lat' dir='ltr'><strong>eqo,</strong></span> <span class='ocrx_word' id='word_1_555' title='bbox 1622 2095 1694 2125; x_wconf 74' lang='lat' dir='ltr'><strong>dicu</strong></span> 
     </span>
     <span class='ocr_line' id='line_1_96' title="bbox 990 2139 1693 2177; baseline 0 -8"><span class='ocrx_word' id='word_1_556' title='bbox 990 2140 1142 2170; x_wconf 77' lang='lat' dir='ltr'><strong>Dominus</strong></span> <span class='ocrx_word' id='word_1_557' title='bbox 1152 2159 1161 2176; x_wconf 89' lang='lat'><strong>,</strong></span> <span class='ocrx_word' id='word_1_558' title='bbox 1173 2139 1244 2168; x_wconf 73' lang='lat' dir='ltr'><strong>nolo</strong></span> <span class='ocrx_word' id='word_1_559' title='bbox 1261 2139 1391 2168; x_wconf 80' lang='lat' dir='ltr'><strong>mortem</strong></span> <span class='ocrx_word' id='word_1_560' title='bbox 1400 2139 1581 2177; x_wconf 81' lang='lat' dir='ltr'><strong>peccatoris,</strong></span> <span class='ocrx_word' id='word_1_561' title='bbox 1593 2139 1643 2168; x_wconf 85' lang='lat' dir='ltr'><strong>sed</strong></span> <span class='ocrx_word' id='word_1_562' title='bbox 1657 2140 1693 2169; x_wconf 74' lang='lat' dir='ltr'><strong>ut</strong></span> 
     </span>
     <span class='ocr_line' id='line_1_97' title="bbox 990 2183 1690 2223; baseline 0.001 -10"><span class='ocrx_word' id='word_1_563' title='bbox 990 2185 1088 2223; x_wconf 71' lang='lat' dir='ltr'><strong>maqis</strong></span> <span class='ocrx_word' id='word_1_564' title='bbox 1112 2185 1324 2220; x_wconf 65' lang='lat' dir='ltr'><strong>concertatur,</strong></span> <span class='ocrx_word' id='word_1_565' title='bbox 1349 2184 1378 2213; x_wconf 82' lang='lat' dir='ltr'><strong>ct</strong></span> <span class='ocrx_word' id='word_1_566' title='bbox 1405 2184 1499 2213; x_wconf 68' lang='lat' dir='ltr'><strong>vivat.</strong></span> <span class='ocrx_word' id='word_1_567' title='bbox 1529 2183 1690 2219; x_wconf 83' lang='lat' dir='ltr'><strong>Quantum</strong></span> 
     </span>
     <span class='ocr_line' id='line_1_98' title="bbox 989 2228 1689 2266; baseline -0.003 -6"><span class='ocrx_word' id='word_1_568' title='bbox 989 2238 1067 2261; x_wconf 83' lang='lat' dir='ltr'><strong>vero</strong></span> <span class='ocrx_word' id='word_1_569' title='bbox 1086 2229 1170 2259; x_wconf 89' lang='lat' dir='ltr'><strong>mihi</strong></span> <span class='ocrx_word' id='word_1_570' title='bbox 1190 2228 1338 2266; x_wconf 70' lang='lat' dir='ltr'><strong>videtur,</strong></span> <span class='ocrx_word' id='word_1_571' title='bbox 1358 2236 1424 2258; x_wconf 73' lang='lat' dir='ltr'><strong>vox</strong></span> <span class='ocrx_word' id='word_1_572' title='bbox 1438 2228 1556 2258; x_wconf 87' lang='lat' dir='ltr'><strong>Christi</strong></span> <span class='ocrx_word' id='word_1_573' title='bbox 1580 2237 1689 2259; x_wconf 90' lang='lat' dir='ltr'><strong>resur-</strong></span> 
     </span>
     <span class='ocr_line' id='line_1_99' title="bbox 989 2272 1688 2313; baseline -0.001 -8"><span class='ocrx_word' id='word_1_574' title='bbox 989 2275 1093 2313; x_wconf 83' lang='lat' dir='ltr'><strong>gentis</strong></span> <span class='ocrx_word' id='word_1_575' title='bbox 1105 2275 1154 2304; x_wconf 87' lang='lat' dir='ltr'><strong>est</strong></span> <span class='ocrx_word' id='word_1_576' title='bbox 1169 2274 1240 2304; x_wconf 81' lang='lat' dir='ltr'><strong>ista.</strong></span> <span class='ocrx_word' id='word_1_577' title='bbox 1251 2274 1294 2304; x_wconf 84' lang='lat' dir='ltr'><strong>Ac</strong></span> <span class='ocrx_word' id='word_1_578' title='bbox 1308 2275 1335 2304; x_wconf 90' lang='lat' dir='ltr'><strong>si</strong></span> <span class='ocrx_word' id='word_1_579' title='bbox 1349 2273 1438 2303; x_wconf 86' lang='lat' dir='ltr'><strong>dicat</strong></span> <span class='ocrx_word' id='word_1_580' title='bbox 1455 2281 1464 2303; x_wconf 70' lang='grc' dir='ltr'><strong><em>ε</em></strong></span> <span class='ocrx_word' id='word_1_581' title='bbox 1479 2272 1584 2311; x_wconf 84' lang='lat' dir='ltr'><strong>Velit,</strong></span> <span class='ocrx_word' id='word_1_582' title='bbox 1605 2274 1688 2304; x_wconf 87' lang='lat' dir='ltr'><strong>nolit</strong></span> 
     </span>
     <span class='ocr_line' id='line_1_100' title="bbox 988 2317 1688 2358; baseline -0.003 -8"><span class='ocrx_word' id='word_1_583' title='bbox 988 2320 1129 2358; x_wconf 82' lang='lat' dir='ltr'><strong>Judaeus,</strong></span> <span class='ocrx_word' id='word_1_584' title='bbox 1139 2319 1218 2349; x_wconf 67' lang='lat' dir='ltr'><strong>vivo</strong></span> <span class='ocrx_word' id='word_1_585' title='bbox 1233 2326 1312 2357; x_wconf 78' lang='lat' dir='ltr'><strong>ego;</strong></span> <span class='ocrx_word' id='word_1_586' title='bbox 1329 2319 1404 2348; x_wconf 88' lang='lat' dir='ltr'><strong>uolo</strong></span> <span class='ocrx_word' id='word_1_587' title='bbox 1418 2317 1557 2347; x_wconf 88' lang='lat' dir='ltr'><strong>mortem</strong></span> <span class='ocrx_word' id='word_1_588' title='bbox 1571 2325 1688 2355; x_wconf 90' lang='lat' dir='ltr'><strong>pecca—</strong></span> 
     </span>
     <span class='ocr_line' id='line_1_101' title="bbox 988 2363 1686 2404; baseline -0.003 -8"><span class='ocrx_word' id='word_1_589' title='bbox 988 2366 1079 2404; x_wconf 88' lang='lat' dir='ltr'><strong>toris,</strong></span> <span class='ocrx_word' id='word_1_590' title='bbox 1094 2365 1152 2403; x_wconf 85' lang='lat' dir='ltr'><strong>qui</strong></span> <span class='ocrx_word' id='word_1_591' title='bbox 1166 2364 1248 2394; x_wconf 89' lang='lat' dir='ltr'><strong>mori</strong></span> <span class='ocrx_word' id='word_1_592' title='bbox 1264 2364 1354 2394; x_wconf 82' lang='lat' dir='ltr'><strong>volui</strong></span> <span class='ocrx_word' id='word_1_593' title='bbox 1368 2371 1426 2402; x_wconf 87' lang='lat' dir='ltr'><strong>pro</strong></span> <span class='ocrx_word' id='word_1_594' title='bbox 1438 2363 1661 2402; x_wconf 88' lang='lat' dir='ltr'><strong>peccatoribus</strong></span> <span class='ocrx_word' id='word_1_595' title='bbox 1676 2372 1686 2394; x_wconf 71' lang='grc' dir='ltr'><em>τ</em></span> 
     </span>
     <span class='ocr_line' id='line_1_102' title="bbox 987 2409 1688 2447; baseline -0.003 -6"><span class='ocrx_word' id='word_1_596' title='bbox 987 2411 1060 2442; x_wconf 69' lang='lat' dir='ltr'><strong>volo</strong></span> <span class='ocrx_word' id='word_1_597' title='bbox 1075 2410 1114 2440; x_wconf 83' lang='lat' dir='ltr'><strong>ut</strong></span> <span class='ocrx_word' id='word_1_598' title='bbox 1127 2410 1290 2440; x_wconf 84' lang='lat' dir='ltr'><strong>fructuosa</strong></span> <span class='ocrx_word' id='word_1_599' title='bbox 1305 2409 1347 2439; x_wconf 85' lang='lat' dir='ltr'><strong>sit</strong></span> <span class='ocrx_word' id='word_1_600' title='bbox 1368 2417 1455 2439; x_wconf 91' lang='lat' dir='ltr'><strong>mors</strong></span> <span class='ocrx_word' id='word_1_601' title='bbox 1469 2416 1560 2447; x_wconf 88' lang='lat' dir='ltr'><strong>mea,</strong></span> <span class='ocrx_word' id='word_1_602' title='bbox 1579 2409 1613 2439; x_wconf 86' lang='lat' dir='ltr'><strong>et</strong></span> <span class='ocrx_word' id='word_1_603' title='bbox 1632 2417 1688 2440; x_wconf 90' lang='lat' dir='ltr'><strong>co-</strong></span> 
     </span>
     <span class='ocr_line' id='line_1_103' title="bbox 987 2454 1445 2495; baseline -0.004 -9"><span class='ocrx_word' id='word_1_604' title='bbox 987 2456 1077 2495; x_wconf 86' lang='lat' dir='ltr'><strong>piosa</strong></span> <span class='ocrx_word' id='word_1_605' title='bbox 1090 2463 1148 2494; x_wconf 90' lang='lat' dir='ltr'><strong>per</strong></span> <span class='ocrx_word' id='word_1_606' title='bbox 1163 2463 1235 2485; x_wconf 86' lang='lat' dir='ltr'><strong>eam</strong></span> <span class='ocrx_word' id='word_1_607' title='bbox 1249 2454 1445 2493; x_wconf 86' lang='lat' dir='ltr'><strong>redemptio.</strong></span> 
     </span>
    </p>

    <p class='ocr_par' dir='ltr' id='par_1_10' title="bbox 987 2496 1684 2675">
     <span class='ocr_line' id='line_1_104' title="bbox 1026 2496 1684 2537; baseline -0.008 -6"><span class='ocrx_word' id='word_1_608' title='bbox 1026 2502 1163 2536; x_wconf 60' lang='grc'><strong>2.-113110</strong></span> <span class='ocrx_word' id='word_1_609' title='bbox 1175 2508 1254 2537; x_wconf 74' lang='lat' dir='ltr'><strong>ergo</strong></span> <span class='ocrx_word' id='word_1_610' title='bbox 1266 2497 1523 2530; x_wconf 87' lang='lat' dir='ltr'><strong>misericordiam</strong></span> <span class='ocrx_word' id='word_1_611' title='bbox 1535 2496 1662 2527; x_wconf 87' lang='lat' dir='ltr'><strong>Domini</strong></span> <span class='ocrx_word' id='word_1_612' title='bbox 1674 2521 1684 2536; x_wconf 95' lang='lat'><strong>,</strong></span> 
     </span>
     <span class='ocr_line' id='line_1_105' title="bbox 987 2542 1683 2585; baseline -0.009 -9"><span class='ocrx_word' id='word_1_613' title='bbox 987 2547 1057 2585; x_wconf 56' lang='lat' dir='ltr'><strong>qua}</strong></span> <span class='ocrx_word' id='word_1_614' title='bbox 1066 2546 1173 2576; x_wconf 72' lang='lat' dir='ltr'><strong>tardat</strong></span> <span class='ocrx_word' id='word_1_615' title='bbox 1196 2545 1316 2583; x_wconf 82' lang='lat' dir='ltr'><strong>ferire,</strong></span> <span class='ocrx_word' id='word_1_616' title='bbox 1340 2544 1472 2582; x_wconf 87' lang='lat' dir='ltr'><strong>paratus</strong></span> <span class='ocrx_word' id='word_1_617' title='bbox 1493 2542 1683 2579; x_wconf 80' lang='lat' dir='ltr'><strong>ignoscere3</strong></span> 
     </span>
     <span class='ocr_line' id='line_1_106' title="bbox 987 2587 1683 2630; baseline -0.004 -10"><span class='ocrx_word' id='word_1_618' title='bbox 987 2600 1117 2630; x_wconf 84' lang='lat' dir='ltr'><strong>parvam</strong></span> <span class='ocrx_word' id='word_1_619' title='bbox 1130 2613 1139 2629; x_wconf 84' lang='lat'><strong>,</strong></span> <span class='ocrx_word' id='word_1_620' title='bbox 1169 2599 1233 2621; x_wconf 91' lang='lat' dir='ltr'><strong>non</strong></span> <span class='ocrx_word' id='word_1_621' title='bbox 1258 2589 1390 2628; x_wconf 88' lang='lat' dir='ltr'><strong>quidem</strong></span> <span class='ocrx_word' id='word_1_622' title='bbox 1412 2589 1449 2617; x_wconf 91' lang='lat' dir='ltr'><strong>in</strong></span> <span class='ocrx_word' id='word_1_623' title='bbox 1478 2587 1581 2625; x_wconf 83' lang='lat' dir='ltr'><strong>seipsa</strong></span> <span class='ocrx_word' id='word_1_624' title='bbox 1591 2608 1600 2624; x_wconf 92' lang='lat'><strong>,</strong></span> <span class='ocrx_word' id='word_1_625' title='bbox 1627 2587 1683 2617; x_wconf 86' lang='lat' dir='ltr'><strong>sed</strong></span> 
     </span>
     <span class='ocr_line' id='line_1_107' title="bbox 988 2631 1683 2675; baseline -0.006 -8"><span class='ocrx_word' id='word_1_626' title='bbox 988 2637 1122 2667; x_wconf 86' lang='lat' dir='ltr'><strong>aliarum</strong></span> <span class='ocrx_word' id='word_1_627' title='bbox 1140 2635 1374 2675; x_wconf 86' lang='lat' dir='ltr'><strong>comparatione</strong></span> <span class='ocrx_word' id='word_1_628' title='bbox 1393 2632 1556 2662; x_wconf 77' lang='lat' dir='ltr'><strong>nominavi</strong></span> <span class='ocrx_word' id='word_1_629' title='bbox 1573 2641 1580 2660; x_wconf 92' lang='lat'><strong>:</strong></span> <span class='ocrx_word' id='word_1_630' title='bbox 1599 2631 1683 2670; x_wconf 82' lang='lat' dir='ltr'><strong>quod</strong></span> 
     </span>
    </p>
   </div>
  </div>
 </body>
</html>
