1846 3078
261 217 317 247 {15⁷4

259 282 324 314 quo
340 273 474 313 legitur,
489 272 575 314 quod
596 273 640 305 sit:
656 275 773 318 candor
785 274 856 303 vitae
871 273 962 302 oeter-

259 330 308 352 noe
316 331 327 361 ,⁰
344 322 492 360 Splendor
503 323 532 351 et
539 321 642 361 fiqura
656 320 836 351 substantia:
849 319 919 347 Dei.

299 367 350 397 12.
366 368 413 396 Ex
427 367 488 397 hoc
505 367 571 404 jam
584 366 685 405 gradu
700 363 799 394 audet
813 370 885 400 quae
901 361 962 391 hu-

256 413 397 451 jusmodi
408 413 458 443 est
469 435 478 452 ,
489 413 629 450 cogitare
641 411 680 440 de
693 408 828 447 nuptiis.
841 407 959 445 Quidni

259 459 401 496 audeat,
425 467 464 489 eo
484 467 519 489 se
539 457 706 492 nubilem,
729 461 794 492 quo
817 453 960 483 similem

259 504 414 534 cernens?
423 504 491 533 Non
503 501 604 532 terret
615 499 786 537 celsitudo,
799 506 898 536 quam
912 506 958 529 so-

258 548 323 578 ciat
350 547 529 578 similitudo
540 567 549 583 ,
575 552 664 574 amor
688 542 860 580 conciliat,
885 551 961 580 pro-

258 593 355 625 fessio
376 592 518 623 maritat.
538 588 753 620 Professionis
773 588 875 618 forma
890 588 960 618 haec

258 641 307 670 est
319 648 328 669 τ
339 640 449 670 Ιιινανί
459 639 487 668 et
500 638 596 667 statui
603 637 752 666 custodire
761 635 881 673 judicia
890 635 960 673 jus-

258 687 331 717 tiliae
351 687 421 715 tuae.
434 684 524 712 Hanc
538 682 640 712 secuti
652 680 794 720 Apostoli
807 680 936 710 aiebant
951 691 958 709 :

257 733 335 762 Ecce
346 739 401 760 uos
411 729 590 767 reliquimus
601 728 707 757 omnia
717 728 745 757 et
753 728 960 757 seculisumus

257 782 296 810 te.
310 778 424 809 Simile
444 777 494 808 est
508 776 591 807 illud
606 775 689 816 quod
706 777 740 806 in
754 773 875 806 carnali
890 774 960 813 qui-

257 826 331 856 dem
347 824 512 855 connubio
533 823 676 860 dictum,
698 822 816 852 Christi
840 822 874 851 et
901 823 960 851 Ec-

257 870 367 902 clesiae
385 869 586 900 connubium
603 869 773 907 spirituale
790 867 931 906 signavit
950 876 957 895 :

256 918 387 955 Propter
398 916 454 946 hoc
464 917 612 954 relinquet
624 915 714 944 homo
725 915 846 953 patrem
856 922 958 950 suum,

256 963 285 992 et
299 963 432 992 matrem
443 970 545 998 suam,
562 962 589 990 et
600 959 765 990 adhaerebit
774 959 870 988 uxori
878 967 940 988 suoe
949 968 959 996 ,-

257 1009 285 1037 et
299 1009 390 1037 erunt
409 1008 469 1037 duo
484 1009 516 1037 in
531 1015 624 1036 carne
639 1013 715 1035 unct.
729 1004 769 1034 Et
783 1003 869 1042 apud
883 1004 959 1032 Pro-

256 1053 390 1091 phetam
405 1052 552 1091 gloriatio
569 1051 729 1081 marItatae
744 1059 752 1079 :
768 1050 959 1080 Mihiautem

256 1099 413 1130 adhoerere
427 1101 492 1129 Deo
508 1099 619 1129 bonum
632 1099 675 1127 est
686 1119 696 1134 ,
707 1105 820 1135 ponere
843 1097 874 1126 in
898 1097 961 1125 Do-

257 1146 341 1175 mino
356 1147 421 1176 Deo
432 1153 513 1184 spem
529 1153 643 1174 meam.
660 1144 740 1181 Ergo
755 1150 851 1180 quam
867 1140 960 1170 vide-

259 1191 302 1221 ris
313 1191 454 1221 animam
466 1190 589 1221 relictis
599 1189 749 1219 omnibus
760 1188 865 1218 Verbo
877 1187 961 1217 votis

259 1238 408 1267 omnibus
417 1237 596 1273 adhaerere,
603 1236 709 1265 Verbo
723 1235 847 1271 vivere,
856 1234 961 1263 Verb'o

259 1292 292 1313 se
305 1291 432 1321 regere,
446 1283 485 1313 de
498 1283 604 1313 Verbo
621 1282 792 1319 concipere
807 1279 893 1318 quod
905 1288 962 1318 pa-

259 1330 323 1359 riat
336 1329 461 1367 Verb03
478 1338 548 1367 quae
564 1328 663 1367 possit
679 1327 788 1358 (licere
802 1349 811 1365 ,
826 1327 906 1357 Mihi
916 1328 963 1357 υἰ-

260 1384 326 1405 rere
348 1375 486 1405 Christus
507 1376 567 1412 est,
587 1376 614 1404 et
628 1375 710 1403 mori
723 1374 844 1403 lucrum
860 1382 870 1402 :
887 1372 961 1411 puta

262 1419 449 1459 conjugem,
473 1421 646 1459 Verboque
668 1419 865 1449 maritatam.
882 1419 963 1448 Con-

261 1465 331 1495 fidit
347 1466 380 1494 in
396 1474 434 1495 ea
450 1474 504 1495 cor
519 1466 582 1495 viri
597 1465 666 1502 sui,
690 1465 796 1494 sciens
812 1464 963 1501 fidelem,

261 1520 333 1549 quae
347 1519 414 1550 prae
430 1520 463 1541 se
479 1511 587 1541 omnia
602 1510 775 1549 spreverit,
791 1510 899 1539 omnia
915 1517 965 1538 ar-

262 1557 402 1587 bitretur
416 1558 453 1587 ut
467 1558 608 1587 stercora
622 1578 631 1594 ,
654 1556 691 1585 ut
706 1556 768 1586 sibi
792 1555 899 1594 ipsum
915 1556 963 1584 lu-

263 1602 419 1633 crifaciat.
435 1603 546 1633 Talem
568 1603 725 1639 noverat,
742 1601 861 1639 dequo
879 1600 965 1630 dice-

262 1649 318 1679 bat
333 1657 341 1677 :
360 1649 426 1680 Vas
439 1649 590 1679 electionis
604 1649 647 1678 est
665 1647 742 1676 mihi
752 1647 819 1677 iste.
834 1647 965 1675 Prorsus

262 1695 316 1732 pia
341 1696 446 1725 mater
481 1696 514 1726 et
542 1694 648 1724 fidelis
672 1693 743 1722 viro
776 1699 834 1722 suo
859 1691 965 1721 anima

262 1740 374 1778 Pauli,
399 1748 471 1770 cum
499 1739 624 1770 diceret
640 1747 648 1767 :
664 1738 769 1768 Filz'oli
789 1738 865 1773 mei,
893 1745 967 1775 quos

264 1788 371 1816 iterum
386 1788 540 1825 parturio,
554 1787 647 1815 donec
661 1784 813 1823 formetur
828 1783 966 1814 Christus

260 1835 294 1864 in
303 1832 400 1863 vobis.

305 1878 355 1908 15.
382 1878 445 1908 Sed
469 1878 602 1909 attende
624 1876 657 1907 in
680 1873 841 1915 spirituali
856 1874 967 1904 matri-

264 1924 373 1954 monio
389 1925 452 1955 duo
469 1932 538 1955 esse
554 1931 672 1962 genera
688 1920 859 1961 pariendi,
876 1921 910 1950 et
925 1928 966 1949 ex

264 1970 325 2000 hoc
337 1970 436 2000 etiam
450 1970 595 2001 diversas
610 1969 747 2005 soboles,
764 1967 820 1996 sed
834 1974 900 1996 non
913 1966 967 1995 ad-

265 2023 375 2045 versas
393 2023 401 2044 :
424 2023 498 2045 cum
514 2015 633 2045 sanctae
649 2014 769 2043 matres
780 2011 837 2042 aut
851 2011 966 2050 praedi-

266 2062 366 2091 cando
391 2062 534 2099 animas,
555 2061 614 2090 aut
635 2058 825 2090 meditando
841 2057 963 2087 intelli-

266 2107 390 2145 gentias
406 2107 540 2145 pariunt
560 2106 756 2145 spirituales.
778 2105 815 2133 In
836 2104 897 2134 hoc
916 2104 968 2133 ul-

266 2152 347 2182 timo
356 2161 476 2191 genere
492 2153 657 2182 interdum
672 2150 857 2188 exceditur,
871 2150 905 2179 et
919 2157 968 2179 se-

267 2199 395 2229 ceditur
415 2199 514 2230 etiam
529 2208 547 2229 a
563 2197 727 2237 corporeis
749 2197 897 2227 sensibus
908 2217 916 2233 ,
932 2196 969 2226 ut

268 2252 338 2274 sese
361 2253 426 2275 non
446 2245 566 2275 sentiat
586 2253 659 2284 quae
679 2243 824 2274 Verbum
856 2242 966 2272 sentit.

269 2290 336 2320 Hoc
351 2290 386 2320 fit
398 2312 407 2329 ,
424 2299 497 2320 cum
513 2299 606 2321 mens
624 2289 799 2320 ineffabilis
812 2287 911 2318 Verbi
929 2288 969 2317 il-

269 2336 356 2366 lecta
375 2335 566 2373 dulcedIne,
582 2336 720 2374 quodam
740 2333 834 2365 modo
856 2342 890 2364 se
906 2333 966 2363 sibi

271 2379 415 2418 furatur,
432 2380 530 2409 immo
546 2381 672 2418 rapitur
686 2380 782 2418 atque
794 2378 936 2409 elabitur
951 2387 968 2408 a

271 2425 398 2464 seipsa,
419 2426 458 2455 ut
478 2425 583 2454 Verbo
606 2425 742 2455 fruatur.
771 2425 873 2455 Aliter
893 2432 968 2453 sane

272 2470 412 2501 afficitur
423 2478 515 2501 mens
531 2470 728 2500 fructificans
743 2471 862 2508 Verbo,
875 2470 971 2500 aliter

272 2516 382 2547 fruens
394 2517 511 2547 Verbo.
531 2515 602 2546 Illic
617 2515 770 2546 sollicitat
795 2516 971 2545 necessitas

273 2562 433 2599 proximi,
446 2562 500 2591 hic
519 2561 637 2591 invitat
655 2560 797 2590 suavitas
807 2561 916 2589 Verbi.
934 2562 972 2590 Et

272 2606 405 2644 quidem
419 2607 492 2637 laeta
508 2606 542 2636 in
555 2607 645 2645 prole
656 2607 779 2635 mater:
794 2605 891 2634 sedin
905 2613 973 2633 am-

737 220 766 247 S.
787 217 1022 246 BERNARDI
1042 217 1238 246 ABBATls

995 270 1114 301 liorum
1129 280 1139 301 ι
1154 272 1211 303 sed
1232 272 1339 304 oscula
1353 273 1426 312 plus
1440 272 1614 305 delectant.
1631 274 1696 304 Bo·

995 323 1072 345 num
1081 316 1130 347 est
1137 318 1261 348 salvare
1271 320 1389 350 multos
1399 327 1407 349 z
1417 319 1577 349 excedere
1584 320 1695 350 autem

995 362 1030 392 et
1053 370 1126 392 cum
1151 363 1258 393 verbo
1279 372 1366 402 esse,
1387 366 1490 395 multo
1502 365 1694 402 jucundius.

994 407 1034 437 At
1044 408 1171 446 quando
1182 408 1320 446 hoc,aut
1333 411 1488 448 quamdiu
1500 411 1580 441 hoc?
1594 411 1698 442 Dulce·

995 454 1226 484 commercium
1251 463 1259 483 :
1279 454 1335 484 sed
1354 456 1453 486 breve
1477 452 1697 497 momentum,

995 500 1028 528 et
1051 500 1313 538 experimentum
1326 509 1447 531 rarum.
1465 503 1532 532 lloc
1547 504 1596 532 est
1610 502 1697 541 quod

995 553 1090 583 supra
1121 547 1193 584 post
1221 547 1285 576 alia
1298 547 1434 577 memini
1461 556 1513 578 me
1552 549 1674 580 dixisse
1686 571 1697 588 ,

994 600 1139 630 quaerere
1154 592 1270 632 utique
1286 593 1428 624 animam
1449 594 1593 624 verbum
1605 615 1618 632 ‚
1632 602 1699 634 quo

995 637 1120 668 fruatur
1134 639 1176 668 ad
1199 639 1450 676 jucunditatem.

1033 683 1083 714 44,
1095 686 1208 723 Pergat
1219 685 1291 723 quis
1306 685 1439 716 forsitan
1455 694 1600 724 quaerere
1616 694 1634 716 a
1644 694 1698 717 me

995 730 1105 768 etiam,
1121 731 1227 761 Verbo
1242 731 1306 762 frui
1319 732 1397 770 quid
1406 732 1465 762 sit?
1480 732 1671 770 Respondeo
1689 740 1698 760 ε

994 776 1123 813 Quaerat
1138 777 1247 815 potius
1263 779 1437 815 expertum
1453 786 1470 807 a
1485 786 1549 816 quo
1561 778 1595 807 id
1609 786 1701 816 quae-

993 824 1053 852 rat.
1077 823 1139 853 Aut
1162 823 1188 853 si
1215 824 1250 853 et
1271 823 1352 853 mihi
1377 824 1522 862 experiri
1545 824 1699 861 daretur,

993 869 1088 906 putas
1103 877 1155 899 me
1175 877 1268 907 posse
1291 870 1399 908 eloqui
1423 869 1509 907 quod
1530 869 1699 899 ineffabile

994 914 1063 943 est?
1073 915 1154 944 Audi
1164 916 1337 953 expertum
1352 924 1359 944 ε
1374 917 1452 952 Sive,
1466 915 1584 953 inquit,
1597 916 1698 945 mente

994 961 1178 996 excedimus,
1191 962 1255 990 Deo
1266 969 1276 999 ,-
1286 961 1346 990 sice
1359 960 1455 990 sobrii
1468 970 1586 996 sumus,
1598 960 1697 991 vobis.

995 1005 1061 1034 Hoc
1074 1007 1141 1043 est,
1154 1005 1249 1035 Aliud
1269 1005 1351 1034 mihi
1368 1014 1440 1035 cum
1463 1006 1549 1043 Deo,
1562 1006 1629 1035 solo
1646 1014 1701 1036 ar-

995 1051 1080 1081 bitro
1095 1053 1162 1082 Deo
1180 1060 1188 1081 :
1205 1052 1296 1082 aliud
1313 1051 1481 1081 vobiscum
1504 1051 1598 1080 mihi.
1616 1051 1701 1081 Illud

996 1098 1092 1127 licuit.
1107 1099 1274 1136 experiri,
1297 1098 1355 1128 sed
1375 1097 1510 1127 minime
1535 1096 1622 1134 loqui
1639 1105 1648 1126 t
1665 1096 1701 1127 in

996 1143 1056 1173 hoc
1079 1143 1125 1174 ita
1149 1144 1371 1174 condescendo
1386 1143 1500 1180 vobis,
1522 1144 1558 1172 ut
1584 1142 1617 1172 et:
1640 1150 1700 1181 ego

996 1190 1106 1220 dicere
1117 1212 1125 1228 ,
1145 1191 1178 1220 et
1198 1199 1255 1220 vos
1267 1198 1384 1228 capere
1399 1190 1550 1219 valeatis.
1568 1189 1593 1218 Ο
1608 1188 1698 1227 quis-

996 1236 1068 1275 quis
1078 1236 1224 1266 curiosus
1234 1245 1268 1266 es
1276 1236 1359 1266 scire
1367 1236 1444 1274 quid
1453 1235 1495 1265 sit
1508 1235 1581 1273 hoc,
1593 1235 1701 1267 Verbo

996 1283 1060 1313 frui
1074 1291 1082 1321 3
1100 1291 1177 1321 para
1191 1282 1239 1311 illi
1256 1291 1320 1312 non
1332 1290 1456 1319 aurem,
1469 1281 1526 1312 scd
1541 1282 1699 1311 mentem.

997 1330 1066 1359 Non
1083 1329 1178 1358 docet
1193 1329 1253 1359 hoc
1267 1328 1391 1367 lingua,
1404 1328 1464 1358 sed
1477 1327 1572 1357 docet
1584 1326 1699 1365 gratia.

998 1374 1214 1405 Absconditur
1229 1383 1248 1404 a
1264 1374 1465 1413 sapientibus
1481 1373 1513 1402 et
1529 1373 1702 1410 prudenti-

998 1421 1072 1458 bus,
1088 1421 1121 1450 et
1139 1421 1307 1450 revelatur
1322 1420 1477 1458 parvulis.
1494 1419 1619 1456 Magna,
1636 1418 1703 1448 fra-

998 1469 1082 1504 tres,
1099 1475 1214 1505 magna
1236 1467 1269 1496 et
1290 1465 1441 1496 sublimis
1461 1465 1566 1495 virtus
1591 1464 1702 1494 humi-

999 1513 1092 1550 litas,
1107 1521 1179 1550 quae
1197 1513 1404 1550 promeretur
1417 1511 1503 1549 quod
1523 1519 1588 1546 non
1604 1511 1704 1541 doce-

1000 1560 1068 1596 tur,
1087 1558 1184 1596 digna
1209 1558 1345 1596 adipisci
1360 1557 1447 1595 quod
1462 1565 1526 1586 non
1543 1557 1633 1586 valet
1645 1557 1704 1586 ad-

999 1603 1099 1641 disci,
1116 1603 1212 1641 digna
1228 1611 1245 1632 a
1258 1603 1384 1640 Verbo,
1402 1602 1434 1632 et
1450 1601 1490 1631 de
1502 1602 1609 1631 Verbo
1628 1610 1703 1631 con·

1000 1649 1122 1686 cipere,
1139 1648 1225 1686 quod
1241 1648 1307 1678 suis
1322 1648 1392 1686 ipsa
1407 1647 1518 1676 verbis
1533 1647 1702 1685 explicare

999 1702 1062 1723 non
1078 1695 1196 1732 potest.
1222 1694 1284 1723 Cur
1299 1693 1378 1723 hoc?
1392 1701 1455 1722 non
1474 1693 1550 1730 quia
1565 1693 1611 1722 sic
1633 1701 1704 1723 me-

1000 1741 1120 1778 ritum,
1143 1740 1201 1770 sed
1223 1739 1300 1778 quia
1325 1740 1371 1769 sic
1406 1739 1565 1777 placitum
1592 1747 1702 1769 coram

1001 1787 1092 1815 Patre
1110 1786 1207 1815 Verbi
1220 1785 1331 1824 sponsi
1348 1785 1475 1821 animae,
1496 1785 1573 1814 Jesu
1585 1784 1703 1815 Christi

1003 1831 1131 1862 Domini
1144 1831 1258 1868 nostri,
1267 1831 1323 1869 qui
1335 1831 1491 1868 estsuper
1503 1829 1610 1859 omnia
1619 1830 1706 1860 Deus

1001 1877 1194 1908 benedictus
1208 1877 1243 1907 in
1258 1877 1375 1907 saecula
1387 1898 1396 1914 ,
1411 1883 1520 1906 amen.

1142 1993 1312 2027 SERMO
1343 1992 1558 2026 LXXXVI.

1002 2064 1042 2088 De
1062 2064 1171 2088 cautela
1189 2066 1216 2088 et
1234 2063 1405 2087 verecundia
1424 2069 1529 2094 sponsae
1551 2063 1707 2094 quaerenfis

1031 2100 1181 2129 Verbum;
1199 2102 1227 2124 et
1246 2099 1280 2124 de
1299 2098 1546 2123 commendatione
1568 2105 1707 2123 verecun-

1032 2136 1096 2161 diae,

1044 2192 1073 2222 l.
1096 2193 1168 2222 NON
1186 2190 1330 2230 estquod
1345 2198 1362 2220 a
1379 2198 1432 2219 me
1447 2189 1514 2226 iam
1529 2188 1705 2228 quaeratur,

1003 2246 1060 2268 cur
1079 2237 1203 2276 quaerat
1227 2237 1335 2266 anima
1356 2235 1500 2266 Verbum
1525 2243 1534 2264 ε
1559 2234 1637 2264 satis
1654 2242 1707 2264 su-

1003 2292 1127 2323 perque
1138 2283 1171 2313 id
1183 2284 1371 2313 intimatum
1383 2289 1491 2319 supra.
1502 2282 1581 2318 Age,
1596 2287 1708 2318 prose-

1004 2338 1141 2369 quamur
1149 2329 1274 2367 reliqua
1282 2327 1452 2367 praesentis
1461 2326 1608 2365 capituli,
1616 2325 1707 2356 dum-

1004 2377 1094 2407 taxat
1110 2385 1181 2414 quae
1207 2374 1248 2405 ad
1262 2382 1367 2404 mores
1382 2371 1543 2412 spectant.
1560 2371 1622 2401 Ubi
1638 2370 1708 2410 pri-

1004 2431 1088 2452 mam
1096 2430 1182 2452 nunc
1190 2421 1322 2451 adverte
1331 2427 1453 2458 sponsae
1461 2416 1706 2455 verecundiam,

1004 2476 1067 2507 qua
1082 2468 1193 2498 nescio
1208 2475 1247 2496 an
1260 2465 1433 2504 quicquam
1445 2463 1567 2502 gratius
1579 2462 1706 2492 adverti

1005 2515 1039 2544 in
1054 2514 1200 2544 moribus
1215 2511 1384 2542 hominum
1400 2510 1510 2549 queat.
1533 2510 1623 2538 Hanc
1640 2507 1708 2546 pri-

1006 2568 1058 2590 mo
1071 2559 1217 2589 omnium
1228 2558 1311 2587 libet
1325 2555 1462 2595 quodam
1479 2554 1573 2584 modo
1586 2554 1621 2583 in
1637 2561 1706 2582 ma-

1005 2605 1100 2635 nibus
1111 2611 1251 2641 sumere⁷
1262 2602 1294 2633 et
1302 2601 1391 2640 quasi
1405 2600 1585 2639 speciosum
1594 2605 1707 2637 quem-

274 2653 426 2691 plexihus
448 2660 560 2692 sponsa
573 2651 686 2682 laetior.
703 2651 778 2682 Cara
797 2650 927 2689 pignera
939 2651 973 2679 li·
1008 2651 1078 2680 dani
1096 2649 1210 2679 florent
1229 2649 1403 2686 decerpere
1419 2647 1506 2683 loco,
1522 2644 1705 2682 nostrisque
