1810 3073
292 229 351 259 256

293 284 392 320 ‚torma
408 284 470 316 stat
485 294 556 324 quae
571 286 647 316 tunc
663 285 808 323 viiletur3
823 287 869 316 est
882 285 967 315 enim
980 294 987 313 :

291 338 352 360 nec
377 331 475 360 ullam
491 331 576 370 capit
599 340 642 361 ex
658 340 696 361 eo
718 331 804 369 quod
829 332 894 368 est,
911 330 988 366 fuit,

292 376 344 405 vel
361 377 440 414 erit,
456 377 680 407 mutationem.
697 378 785 406 Tolle
800 384 917 413 nempe
932 377 990 413 fuit

293 421 326 451 et
340 424 413 459 erit,
432 422 518 452 unde
541 423 609 459 jam
631 421 856 452 transmutatio
871 421 927 450 aut
941 420 991 449 vi-

292 466 490 498 cissitudinis
521 467 747 498 obumbratio?
772 468 812 496 At
837 466 991 504 quicquid

291 513 428 544 veniens
443 522 484 543 ex
499 522 536 543 eo
551 513 637 551 quod
651 513 708 550 fuit
723 520 787 546 non
801 512 903 541 cessat
918 513 991 542 ten-

290 556 368 587 dere
392 558 429 587 in
453 557 486 586 id
510 557 595 595 quod
618 558 692 593 erit,
717 557 888 586 transitum
914 564 989 586 sane

291 602 390 632 habet
403 611 461 640 per
475 605 534 639 est,
548 602 604 632 sed
619 602 747 632 omnino
759 610 824 632 non
840 602 900 631 est.
912 603 989 631 Nam

289 648 446 684 quomodo
474 648 540 684 est,
565 646 652 684 quod
675 655 852 684 numquam
876 647 911 676 in
936 655 990 676 eo-

290 692 365 721 dem
391 693 477 722 statu
499 691 696 730 permanet?
721 692 829 722 Solum
854 693 989 731 proinde

289 745 366 766 vere
393 738 458 775 est,
474 737 559 776 quod
574 746 634 767 nec
659 745 677 767 a
703 738 760 775 fuit
783 738 988 776 praeciditur,

287 790 348 812 nec
359 783 465 813 aberit
477 784 677 821 expungitur
690 792 697 812 ι
711 783 767 813 sed
779 784 881 813 solum
893 785 989 822 atque

287 827 544 866 inexpugnabile
557 829 704 859 remanet
716 829 746 858 ei
762 831 823 865 est,
838 829 869 858 et
881 829 989 858 manet

287 872 372 910 quod
393 875 452 903 est.
468 874 532 902 Nec
561 875 709 912 fuitsane
732 874 818 903 tollit
842 874 892 903 illi
918 882 989 904 esse

287 917 328 946 ab
350 919 489 955 aeterno3
505 927 566 948 nec
581 920 638 948 erit
654 927 723 948 esse
749 918 783 947 in
804 919 964 948 aetcrnum
980 928 987 948 :

287 971 323 992 ac
338 971 397 1000 per
413 964 472 993 hoc
489 964 549 993 sibi
566 963 709 992 vindicat
724 972 838 993 verum
854 972 942 1002 esse,
958 965 990 993 id

288 1009 337 1037 est
355 1008 552 1045 increabile,
571 1008 833 1044 interminabile,
851 1008 991 1038 invaria—

287 1053 366 1083 bile.
383 1054 460 1083 Cum
477 1054 577 1092 igitur
592 1054 661 1092 ipse
674 1054 731 1091 qui
748 1054 793 1084 sic
810 1055 876 1091 est,
893 1055 990 1084 immo

288 1099 424 1136 quinon
439 1099 484 1129 sic
508 1101 565 1129 aut
589 1100 635 1129 sic
659 1101 726 1136 est,
742 1099 873 1129 videtur
895 1100 988 1130 sicuti

288 1146 354 1182 est3
370 1146 449 1183 stat,
466 1147 502 1176 ut
518 1146 605 1183 dixi,
624 1146 679 1175 illa
695 1145 776 1175 visio
787 1168 795 1183 ,
811 1146 886 1184 quia
902 1147 989 1176 nulla

289 1198 359 1220 eam
376 1191 552 1230 interpolat
566 1191 766 1220 vicissitudo.
784 1192 822 1221 Et
843 1192 918 1221 tunc
934 1192 989 1221 ille

288 1235 328 1265 de
353 1236 530 1274 Evangelio
559 1245 644 1266 unus
669 1236 837 1274 omnibus,
863 1237 919 1275 qui
945 1238 989 1267 sic

287 1281 418 1319 vident,
432 1282 583 1311 denarius
597 1281 744 1311 redditur
755 1282 790 1310 in
806 1290 869 1310 una
881 1284 989 1320 specie

287 1336 359 1365 quae
385 1328 528 1358 offertur.
544 1328 620 1357 Nam
637 1329 669 1358 et
684 1327 769 1365 quod
789 1329 939 1366 apparet,
956 1331 989 1358 ut

288 1374 481 1404 invariabile
505 1373 539 1403 in
554 1382 588 1403 se
603 1374 671 1411 est,
693 1374 739 1403 ita
754 1374 991 1404 invariabiliter

288 1418 491 1449 intuentibus
505 1420 620 1458 praesto
634 1420 702 1449 est:
719 1420 751 1449 et
765 1420 883 1457 quibus
896 1428 992 1458 appa-

288 1466 356 1501 ret,
377 1465 425 1494 nil
450 1465 562 1494 videre
588 1464 836 1494 desiderabilius
860 1466 989 1503 volunt,

288 1510 334 1538 nil
351 1512 485 1548 possunt
510 1510 750 1539 delectabilius.
767 1510 901 1546 Quando
917 1519 990 1548 ergo

287 1555 344 1584 illa
359 1556 412 1585 vel
439 1555 583 1585 fastidiet
606 1555 762 1593 aviditas,
784 1556 837 1585 vel
861 1564 894 1585 se
916 1557 992 1586 sub-

288 1601 396 1630 trahet
421 1601 582 1638 suavitas,
599 1601 653 1630 vel
678 1601 840 1630 fraudabit
855 1602 989 1639 veritas,

288 1647 341 1675 vel
357 1646 487 1675 deficiet
501 1646 687 1676 aeternitas?
701 1647 794 1683 Quod
808 1646 833 1675 si
850 1646 883 1675 iu
899 1648 992 1676 aeter-

287 1699 367 1720 num
383 1690 573 1720 extenditur
595 1691 729 1720 videndi
755 1691 846 1728 copia
872 1692 993 1728 pariter

289 1738 322 1767 et
337 1737 502 1773 voluntas;
523 1737 682 1774 quomodo
698 1745 762 1765 non
778 1732 875 1774 plena'
890 1736 993 1766 felici-

288 1782 361 1812 tas?
381 1783 431 1812 Nil
454 1782 575 1820 quippe
598 1783 653 1811 aut
670 1782 761 1812 deest
782 1783 850 1820 jani
867 1790 993 1820 semper

288 1828 476 1858 videntibus
486 1849 495 1865 ,
508 1828 564 1857 aut
578 1829 725 1866 superest
740 1836 869 1866 semper
883 1828 994 1857 volen-

287 1874 385 1904 tibus.

328 1921 357 1950 2.
368 1920 490 1950 Attalis
499 1919 581 1949 visio
590 1928 654 1949 non
664 1919 796 1950 estvitae
811 1919 992 1957 praesentis,

288 1965 344 1995 sed
362 1967 395 1995 in
414 1965 600 1995 novissimis
616 1966 820 2002 reservatur,
837 1964 888 1993 his
903 1964 994 1994 dum—

289 2011 377 2040 taxat
394 2011 449 2048 qui
469 2010 578 2040 dicere
599 2011 731 2047 possunt
751 2019 758 2038 :
781 2011 900 2040 Scimus
920 2011 992 2048 quio

288 2064 358 2085 cum
377 2057 575 2094 apparuerit,
595 2056 706 2085 simi'tcs
724 2055 752 2084 εἰ
773 2056 902 2090 erlinus,
921 2056 993 2092 quia

288 2101 454 2131 videbimus
468 2110 537 2130 eum
547 2102 636 2131 sicuti
646 2102 699 2130 est.
716 2100 753 2129 Et
766 2108 849 2129 nunc
863 2099 993 2137 quidem

288 2147 422 2184 apparet
446 2146 564 2184 quibus
586 2146 657 2174 vult
686 2145 764 2174 :sed
785 2145 882 2174 sicuti
904 2145 992 2181 vult,

289 2199 354 2220 non
367 2191 463 2221 sicuti
485 2193 544 2221 est.
558 2191 626 2220 Non
649 2191 801 2228 Sapiens,
817 2198 881 2218 non
897 2189 994 2218 Sanc-

289 2237 360 2274 tus,
380 2244 445 2266 non
459 2236 619 2274 Propheta
639 2235 751 2265 videre
768 2235 859 2264 illum
871 2256 879 2271 ,
896 2234 991 2263 sicuti

290 2282 356 2319 est,
372 2282 497 2319 potest,
517 2282 574 2310 aut
596 2281 703 2318 potuit
724 2281 759 2309 in
785 2288 916 2318 corpore
932 2279 992 2309 hoe

289 2327 437 2364 mortali3
458 2327 579 2365 poterit
608 2327 715 2356 autem
741 2326 774 2354 in
799 2325 992 2362 immortali,

289 2372 345 2411 qui
361 2373 475 2411 dignus
490 2372 676 2402 habebitur.
689 2372 801 2409 Itaque
816 2371 946 2401 videtur
962 2373 994 2401 et

290 2419 362 2457 hic,
379 2418 436 2454 sed
457 2418 541 2448 sicut
565 2418 696 2447 videtur
718 2417 801 2455 ipsi,
818 2417 850 2446 et
872 2426 935 2447 non
951 2418 994 2447 si—

291 2464 359 2494 cuti
372 2463 431 2494 est.
444 2461 523 2493 Na'm
536 2471 642 2502 neque
655 2463 716 2492 boc
730 2463 891 2492 luminare
908 2471 994 2501 mag-

291 2517 369 2539 num
385 2508 504 2548 (solem
518 2509 631 2547 loquor
645 2508 743 2538 istum
754 2530 763 2546 ,
777 2516 875 2546 quem
889 2510 994 2546 quoti-

292 2555 345 2585 die
366 2551 478 2594 vides)
494 2553 607 2584 vidisti
628 2554 737 2583 tamen
763 2553 935 2591 aliquando
951 2553 994 2583 si-

292 2599 360 2630 cuti
385 2600 451 2637 est,
475 2599 533 2630 sed
553 2599 679 2630 tantum
698 2599 783 2629 sicut
811 2599 993 2637 illuminat,

295 2644 385 2676 verbi
399 2652 493 2675 causa
507 2652 615 2676 aerem
625 2666 634 2683 ,
646 2645 806 2683 montem,
823 2643 992 2684 parietem.

754 233 784 259 S.
812 231 1044 259 BERNARDI
1073 231 1272 259 ABBATIS

1025 283 1116 321 Quod
1145 292 1206 314 nec
1231 285 1337 323 ipsum
1366 286 1496 325 quidem
1523 287 1723 325 aliquatenus

1025 337 1151 366 posses,
1174 329 1201 359 si
1222 337 1287 359 non
1316 330 1423 368 aliqua
1445 340 1486 361 ex
1509 333 1599 370 parte
1620 333 1722 371 ipsum

1025 374 1135 403 lumen
1165 374 1308 412 corporis
1330 375 1396 413 tui,
1421 384 1479 414 pro
1506 377 1555 406 sui
1583 377 1723 415 ingenita

1024 420 1200 449 serenitate
1216 420 1249 450 et
1271 421 1520 460 perspicuitate,
1537 423 1662 452 coelesti
1676 423 1724 452 lu-

1025 464 1106 494 mini
1121 465 1226 494 simile
1242 466 1338 496 esset.
1350 467 1419 496 Non
1431 467 1571 507 denique
1587 468 1724 498 alterum

1024 509 1205 539 membrum
1222 511 1363 548 corporis
1377 519 1480 550 capax
1502 514 1551 544 est
1570 513 1723 549 luminis,

1024 555 1064 584 ob
1075 556 1211 585 multam
1222 556 1333 594 utique
1344 556 1654 588 dissimilitudinem.
1663 558 1724 587 Sed

1024 609 1085 630 nec
1108 601 1178 639 ipse
1201 602 1330 640 oculus,
1347 610 1420 632 cum
1440 604 1588 633 turbatus
1610 603 1724 640 fuerit,

1025 645 1140 675 lumini
1155 647 1569 685 propinquabit,nimirum
1581 648 1621 678 ob
1635 648 1726 678 amis-

1024 699 1090 720 sam
1104 692 1367 723 similitudinem.
1383 693 1445 731 Qui
1466 702 1541 732 ergo
1560 694 1724 731 turbatus,

1025 737 1211 767 nullatenus
1233 746 1386 767 serenum
1401 739 1503 768 solem
1518 739 1610 769 videt
1630 747 1726 777 prop-

1024 784 1073 812 ter
1098 783 1401 814 dissimilitudinem
1422 793 1580 815 :serenus
1604 785 1726 823 aliqua-

1023 830 1117 858 tenus
1132 829 1222 859 videt
1243 830 1376 867 propter
1397 831 1590 859 nonnullam
1611 829 1727 860 similia

1024 874 1181 903 tudinem.
1196 874 1343 904 Profecto
1363 875 1390 904 si
1411 875 1481 912 pari
1497 883 1625 912 prorsus
1640 875 1728 913 puri-

1024 919 1088 948 tate
1105 919 1252 957 vigeret,
1267 919 1396 950 videret
1415 921 1550 950 omnino
1570 920 1726 950 inoffensa

1023 965 1092 994 acie
1108 972 1201 1001 eum,
1220 965 1317 994 sicuti
1339 966 1405 1003 est,
1422 968 1555 1004 propter
1570 966 1728 996 omnimo—

1023 1008 1095 1037 dam
1117 1009 1377 1039 similitudinem.
1394 1011 1441 1040 lta
1462 1012 1495 1040 et
1527 1011 1634 1040 Solem
1660 1011 1728 1047 jus-

1023 1053 1104 1083 titiae
1125 1054 1235 1091 illum,
1252 1055 1307 1092 qui
1328 1055 1491 1084 illuminat
1511 1064 1641 1086 omnem
1662 1056 1722 1085 110-

1024 1099 1146 1128 minem
1162 1100 1351 1129 venientem
1379 1101 1413 1129 in
1439 1101 1525 1130 hunc
1548 1101 1724 1139 mundum,

1024 1145 1136 1174 videre
1153 1145 1186 1174 in
1208 1146 1269 1174 hoc
1286 1145 1426 1183 mundo,
1442 1146 1526 1176 sicut
1544 1146 1722 1184 illuminat,

1025 1190 1225 1220 illuminatus
1256 1192 1378 1229 potest,
1405 1193 1568 1230 tamquam
1595 1192 1664 1229 jam
1689 1193 1723 1222 in

1025 1235 1133 1273 aliquo
1155 1236 1271 1266 similis
1287 1245 1294 1264 :
1311 1236 1407 1266 sicuti
1429 1237 1493 1275 est,
1518 1238 1649 1267 omnino
1663 1246 1726 1268 non

1024 1282 1146 1319 potest,
1169 1282 1336 1319 tamquam
1358 1282 1497 1312 nondum
1519 1283 1662 1321 perfecte
1683 1283 1728 1313 si-

1025 1327 1122 1355 milis.
1138 1328 1314 1364 Propterea
1329 1327 1407 1357 dicit
1424 1336 1432 1356 :
1449 1329 1586 1358 Acceclite
1602 1330 1641 1358 ad
1655 1338 1725 1358 ειιιη

1025 1373 1051 1401 et
1064 1372 1298 1408 illuminamini,
1315 1374 1342 1402 et
1353 1373 1445 1410 facies
1459 1375 1564 1403 vcstroe
1575 1382 1638 1402 non
1656 1383 1728 1403 con-

1025 1417 1202 1454 fundentur.
1213 1417 1258 1447 lta
1270 1426 1345 1448 sane
1360 1440 1368 1456 ,
1377 1418 1433 1448 sed
1445 1418 1470 1448 si
1484 1419 1639 1456 quantum
1650 1419 1727 1448 satis

1026 1463 1073 1491 est
1089 1462 1330 1501 illuminamur,
1346 1465 1381 1493 ut
1396 1464 1540 1505 revelata
1562 1463 1643 1493 facie
1659 1472 1728 1502 spe-

1026 1508 1168 1536 culantes
1183 1508 1315 1544 gloriam
1331 1509 1409 1546 Dei,
1427 1509 1461 1538 in
1478 1510 1626 1539 eamdem
1649 1510 1727 1539 ima-

1026 1553 1134 1590 ginem
1150 1553 1456 1583 tr.1nsfor1ne1nurclc
1468 1556 1606 1584 cimitata
1619 1556 1651 1584 in
1663 1555 1725 1585 cla—

1026 1601 1165 1635 ritatem,
1182 1601 1341 1637 tamquam
1361 1609 1381 1628 a
1396 1601 1525 1629 Domitii
1539 1601 1666 1638 Spiritu.

1065 1645 1095 1673 5.
1121 1646 1200 1682 Ergo
1232 1645 1451 1674 accedendum
1475 1645 1515 1674 ad
1547 1654 1639 1682 eum,
1665 1653 1729 1674 non

1026 1691 1215 1720 irruendum
1226 1712 1235 1727 ,
1271 1699 1313 1720 ne
1349 1691 1535 1720 irreverens
1570 1691 1729 1721 scrutator

1028 1737 1204 1773 majestatis
1216 1737 1417 1774 opprimatur
1428 1745 1446 1765 a
1458 1737 1569 1773 gloria.
1580 1737 1642 1766 Nec
1653 1737 1730 1766 locis

1027 1790 1103 1811 sane
1138 1781 1374 1819 accedendum,
1416 1782 1473 1812 sed
1508 1782 1726 1819 claritatibus;

1029 1827 1171 1865 ipsisque
1194 1835 1258 1856 non
1275 1827 1456 1865 corporeis,
1473 1828 1530 1857 sed
1552 1827 1727 1865 spirituali—

1028 1873 1104 1910 bus,
1122 1873 1287 1910 tamquam
1303 1881 1320 1901 a
1332 1872 1461 1902 Domini
1476 1873 1611 1911 Spiritu.
1627 1874 1652 1903 Α
1664 1874 1728 1902 Do-

1029 1918 1109 1947 mini
1130 1919 1225 1956 plane
1236 1940 1244 1955 ,
1273 1919 1304 1947 et
1320 1926 1383 1947 non
1399 1926 1416 1948 a
1441 1920 1548 1948 nostro
1559 1941 1568 1957 ,
1584 1919 1728 1956 quamvis

1028 1964 1062 1992 in
1077 1964 1196 1992 nostro.
1213 1963 1276 1999 ραι
1299 1962 1410 2000 itaque
1436 1963 1570 2000 clarior,
1587 1963 1642 1992 ille
1656 1971 1728 2001 pro-

1027 2008 1178 2046 pinquior
1191 2017 1198 2037 :
1213 2016 1281 2037 esse
1294 2010 1402 2037 autem
1412 2009 1641 2046 clarissimum,
1655 2017 1728 2046 per-

1028 2054 1156 2083 venisse
1174 2054 1232 2083 est.
1249 2054 1344 2082 Porro
1357 2053 1424 2090 jam
1440 2054 1652 2091 praesentibus
1665 2062 1727 2084 non

1028 2099 1115 2129 aliud
1142 2099 1190 2128 est
1205 2099 1316 2129 videre
1343 2099 1438 2129 sicuti
1456 2100 1522 2137 est,
1537 2107 1633 2138 quam
1658 2108 1725 2130 esse

1027 2145 1121 2174 sicuti
1138 2146 1203 2182 est,
1217 2146 1249 2174 et
1267 2144 1373 2182 aliqua
1390 2144 1652 2175 dissimilitudine
1666 2153 1727 2174 non

1028 2189 1193 2219 confundi.
1210 2188 1272 2218 Sed
1287 2189 1321 2218 id
1336 2189 1430 2227 tunc,
1446 2190 1483 2218 ut
1498 2190 1579 2219 dixi.
1596 2190 1726 2220 Interim

1027 2243 1103 2265 vero
1142 2235 1232 2264 tanta
1262 2234 1333 2264 haec
1363 2234 1538 2264 formarum
1573 2236 1725 2273 varietas,

1027 2282 1121 2318 atquc
1144 2280 1360 2310 numerositas
1374 2281 1559 2318 specierum
1579 2281 1612 2310 in
1634 2281 1724 2311 rebus

1028 2326 1182 2363 conditis,
1207 2325 1287 2364 quid
1302 2325 1365 2355 nisi
1390 2326 1523 2364 quidam
1548 2326 1624 2356 sunt
1648 2326 1728 2356 radii

1028 2372 1182 2409 Deitatis,
1195 2372 1410 2402 monstrantes
1421 2371 1551 2409 quidem
1563 2371 1639 2409 quia
1651 2379 1727 2401 vere

1027 2417 1069 2447 sit
1084 2426 1100 2447 a
1115 2426 1177 2455 quo
1193 2417 1285 2454 sunt,
1298 2425 1362 2446 non
1377 2418 1485 2447 tamen
1498 2417 1575 2455 quid
1587 2417 1628 2446 sit
1642 2424 1729 2454 proi·-

1027 2471 1080 2493 sus
1096 2462 1295 2492 diffinientes
1308 2461 1319 2490 ἓ
1334 2462 1445 2499 Itaque
1471 2461 1510 2491 de
1527 2461 1596 2499 ipso
1620 2460 1727 2496 vides,

1028 2509 1084 2538 sed
1116 2517 1180 2538 non
1216 2508 1334 2546 ipsum.
1360 2508 1439 2536 Cum
1465 2507 1573 2536 autem
1598 2506 1638 2535 de
1672 2513 1726 2542 eo,

1027 2561 1125 2592 quem
1141 2561 1205 2582 non
1220 2552 1331 2589 vides,
1348 2553 1462 2581 caetera
1477 2550 1586 2587 vides3
1601 2548 1663 2578 scis
1677 2547 1727 2576 in-

1028 2599 1214 2628 dubitanter
1230 2598 1387 2627 exsistere
1407 2603 1503 2635 quem
1529 2593 1653 2630 oportet
1675 2591 1726 2620 in-

1028 2644 1176 2683 quirere,
1201 2645 1237 2673 ut
1263 2641 1480 2682 inquirentem
1506 2645 1569 2668 non
1600 2636 1727 2668 fraudet
