1810 3073
337 217 398 248 268

340 273 541 312 sciscitatur,
566 282 685 305 suusne
711 274 771 312 sit,
787 283 828 304 an
844 272 1042 303 adversario-

797 221 828 249 S.
853 217 1094 248 BERNARDI
1116 218 1313 247 ABBATIS

1119 272 1168 301 15.
1195 273 1241 301 En
1265 274 1409 311 tempora
1435 273 1494 303 ista
1520 273 1620 303 libera
1645 273 1775 312 quidem

338 326 430 356 rum,
445 319 608 358 tamquam
624 321 679 358 (101
695 320 850 358 expertus
865 320 906 348 sit
922 318 1042 348 daemo-
1076 316 1142 345 Deo
1159 317 1333 347 miserante
1349 319 1388 347 ab
1403 319 1539 358 utraque
1557 319 1610 348 illa
1627 320 1748 349 malitia
1762 327 1773 348 z

339 364 387 394 nii
415 366 587 395 meridiani
603 366 772 395 versutias.
791 364 932 402 Apostoli
960 371 1040 401 quo-

338 418 402 448 que
418 411 589 449 aliquando
606 419 678 440 cum
695 410 877 439 laborarent
895 409 928 437 in
942 408 1040 438 remi-

337 456 441 493 gando
456 479 465 495 ,
495 459 592 486 vento
618 458 808 486 adversante
839 457 871 485 et
895 455 1038 492 jactante

335 503 536 540 naviculam,
553 502 701 531 videntes
726 501 899 530 Dominum
926 502 1039 531 ambu-

336 546 457 576 lantem
485 556 581 584 super
602 555 711 583 mare,
728 551 761 576 et
788 546 939 584 putantes
969 554 1037 576 esse

335 593 545 631 phantasma,
575 594 619 622 ita
645 595 681 622 ut
706 593 883 622 clamarent
907 601 973 630 prae
997 593 1038 622 ti-

334 646 423 667 more
436 647 443 666 :
457 647 564 668 nonne
582 640 725 676 apertam
742 637 915 667 meridiani
933 638 1037 676 suspi-

332 684 458 712 cionem
476 684 626 713 doemonii
644 683 907 722 praetenderunt?
921 684 959 713 Et
983 693 1017 714 re
1029 700 1037 705 -

334 729 511 758 cordamini
550 729 722 767 Scripturoe
763 729 900 759 dicentis
916 751 925 766 ,
960 729 1035 767 quia

333 777 447 812 quarta
463 776 566 813 vigilia
581 776 676 804 noctis
691 775 772 804 venit
790 776 829 804 ad
853 784 902 805 eos
924 775 1035 805 ambic-

331 820 400 849 lans
425 829 519 857 supra
543 829 641 849 marc.
659 820 776 856 Quarto
804 819 920 857 igitur,
936 820 970 849 id
986 821 1034 849 est

332 873 482 902 supremo
511 865 643 893 demum
683 865 770 902 1000,
799 865 868 893 11360
896 865 1033 895 tentatio

332 909 540 945 formidetur,
557 910 590 938 et
611 917 674 946 quo
695 918 727 938 se
752 909 785 938 in
810 917 933 938 summo
949 911 1032 939 stare

332 953 404 990 quis
418 953 555 990 viderit,
573 961 610 983 eo
635 953 697 983 sibi
722 953 909 991 vigilantius
924 954 963 982 ab
987 954 1034 983 in-

332 1005 427 1027 cursu
442 999 475 1027 et
487 998 644 1027 daemonio
661 998 839 1027 meridiano
856 999 1032 1028 cavendum

330 1042 503 1081 intelligat.
530 1045 624 1073 Porro
666 1043 840 1082 Discipulis
873 1052 970 1074 verus
999 1053 1032 1074 56

330 1089 552 1119 manifestavit
576 1090 725 1120 Meridies
750 1091 783 1119 in
801 1098 838 1119 eo
868 1090 954 1128 quod
976 1099 1033 1119 au-

330 1134 463 1165 dierunt
487 1145 496 1165 t
520 1137 586 1174 qu
613 1145 698 1172 511111,
729 1137 821 1165 nolite
849 1137 972 1174 limere3
1001 1138 1033 1166 et

330 1180 404 1210 salsi
419 1182 560 1220 suspicio
572 1182 611 1210 ab
624 1182 671 1211 eis
684 1182 816 1219 depulsa
829 1182 888 1211 est.
903 1182 1031 1211 Utinam

331 1227 365 1256 ct
379 1220 471 1256 nobis
483 1249 491 1265 ,
508 1228 636 1265 quoties
650 1228 780 1266 palliata
803 1227 923 1257 falsitas
938 1228 1033 1257 111011-

329 1272 384 1301 tur
409 1272 574 1310 irrepere,
598 1273 724 1302 emittat
753 1273 858 1301 lucem
886 1280 973 1302 suam
1000 1273 1031 1302 et

330 1317 503 1347 veritatem
531 1326 621 1347 suam
647 1318 686 1347 ad
715 1317 913 1355 prodendam
943 1318 1030 1347 illam

329 1362 436 1392 oriens
449 1371 492 1392 ex
513 1364 577 1393 alto
598 1371 695 1393 verus
716 1363 883 1400 Meridies,
900 1364 933 1392 et
947 1363 1032 1392 dlvi-

330 1408 384 1437 dat
406 1409 512 1438 lucem
528 1417 545 1438 a
560 1409 704 1439 tenebris
717 1432 725 1446 ,
744 1410 778 1438 ut
794 1418 856 1438 non
882 1410 1031 1438 notemur

329 1462 347 1482 a
363 1455 520 1491 Propheta
536 1456 699 1492 tamqnam
714 1457 854 1492 ponentes
870 1455 965 1484 lucem
988 1457 1030 1484 {c-

328 1499 459 1536 11610115,
475 1503 501 1529 et
518 1501 657 1530 tenebras
672 1501 779 1529 lucem.

370 1543 420 1573 14,
438 1545 567 1582 Adhuc,
591 1545 654 1574 nisi
678 1545 774 1574 taedio
799 1544 898 1574 fuerit
925 1544 1029 1582 longi-

328 1590 403 1619 tudo
420 1592 594 1629 sermonis,
611 1591 667 1620 has
682 1592 819 1628 quatuor
836 1590 1029 1619 tentationes

328 1635 459 1664 tentabo
475 1643 531 1664 suo
556 1634 668 1663 ordine
685 1634 845 1671 assignare
869 1634 943 1671 ipsi
960 1642 1028 1663 cor-

328 1680 398 1718 pori
414 1680 551 1717 Christi,
568 1680 655 1717 quod
670 1680 718 1709 est
733 1679 886 1708 Ecclesia.
900 1680 936 1708 Et
953 1687 1028 1708 ecce

328 1734 424 1763 quam
440 1726 572 1755 brevius
587 1733 716 1762 possum
731 1732 896 1762 percurro.
913 1724 1027 1754 Videte

327 1771 528 1809 primitivam
561 1771 754 1807 Ecclesiam,
781 1770 807 1798 si
836 1778 900 1799 non
924 1770 1028 1808 primo

327 1825 463 1855 pervasa
486 1819 535 1847 est
560 1817 678 1846 acriter
692 1816 789 1846 nimis
801 1824 817 1845 a
834 1817 941 1846 titnore
956 1825 1029 1846 noc-

327 1865 431 1893 turno.
446 1864 519 1892 Erat
547 1863 634 1892 enim
662 1870 745 1899 nox,
771 1862 897 1900 quando
925 1863 1029 1892 omnis

325 1909 383 1946 qui
413 1909 610 1939 interficeret
637 1909 762 1938 sanctos
775 1929 784 1945 ,
813 1907 1029 1938 arbitrabatur

327 1955 518 1992 obsequium
543 1963 577 1984 se
603 1955 754 1992 praestare
780 1955 859 1983 Deo.
877 1955 942 1983 Hac
971 1964 1028 1985 au-

327 2002 393 2029 tem
410 2000 588 2030 tentatione
615 1999 741 2029 devicta
755 2001 787 2029 et
812 1999 920 2030 sedata
945 2001 1028 2030 10111·

326 2047 450 2083 pestate
463 2068 471 2083 ,
488 2046 606 2084 inclyta
620 2045 703 2075 sacta
718 2047 784 2082 est,
801 2046 833 2075 et
847 2046 938 2082 juxta
954 2054 1026 2084 pro-

325 2091 512 2121 missionem
535 2092 574 2120 ad
599 2100 631 2121 se
649 2092 782 2128 saetam,
799 2091 832 2120 in
858 2091 950 2121 brevi
973 2100 1028 2130 po-

327 2136 387 2165 sita
404 2137 436 2165 in
452 2137 634 2175 superbiam
651 2137 853 2167 saeculorum.
868 2138 903 2166 Et
916 2137 1026 2166 dolens

326 2182 478 2211 inimicus
487 2183 572 2220 quod
583 2182 754 2212 frustratus
763 2182 847 2211 esset
859 2203 867 2218 ,
881 2190 898 2211 a
911 2182 1025 2211 timore

327 2229 481 2256 nocturno
497 2228 658 2257 convertit
686 2235 719 2256 56
735 2227 850 2256 callide
876 2227 916 2256 ad
931 2227 1026 2264 sagit-

325 2274 390 2303 tam
420 2273 583 2302 volantem
608 2272 641 2301 in
657 2272 727 2309 die,
745 2273 778 2301 et
793 2272 977 2301 vulneravit
994 2272 1025 2301 in

327 2327 366 2349 ea
391 2318 544 2356 quosdam
573 2318 612 2347 de
639 2316 791 2347 Ecclesia.
809 2318 846 2346 Et
874 2325 1026 2347 surrexe-

326 2364 401 2394 runt
427 2363 573 2392 homines
602 2364 694 2400 vani,
712 2362 820 2400 cupIdi
847 2363 975 2401 gloriae,
994 2363 1023 2392 et

325 2409 499 2438 voluerunt
511 2407 814 2437 sibifacerenomen
832 2416 839 2435 :
858 2408 1025 2437 01650011-

326 2455 377 2484 tes
401 2454 440 2483 de
466 2454 626 2490 Ecclesia,
642 2453 696 2481 diu
714 2453 858 2483 eamdem
888 2453 1023 2482 matrem

326 2508 417 2530 suam
437 2499 627 2529 afflixerunt
643 2499 674 2527 in
691 2499 825 2528 diversis
841 2500 873 2528 et
894 2507 1025 2536 perver—

325 2546 369 2576 515
384 2545 596 2583 dogmatibus.
616 2545 677 2574 Sed
693 2545 760 2574 haec
777 2552 904 2583 quoque
927 2545 1024 2582 pestis

327 2591 461 2629 depulsa
486 2591 534 2621 est
561 2591 593 2620 in
624 2590 781 2628 sapientia
812 2590 998 2619 Sanctorum
1014 2612 1022 2629 ,

326 2637 410 2667 sicut
427 2638 456 2667 et
474 2637 575 2676 prima
591 2636 624 2666 iu
647 2636 801 2674 patientia
818 2636 1001 2674 Martyrum.

1074 362 1131 391 sed
1147 363 1242 400 plane
1268 363 1352 393 foeda
1368 374 1385 394 α
1402 366 1518 403 116901ῐο
1542 363 1773 402 perambulante

1075 408 1105 435 in
1122 408 1260 437 tenebris.
1277 409 1331 438 Vae
1357 410 1560 446 generationi
1576 410 1653 439 huic
1668 418 1685 438 a
1706 409 1772 439 161·-

1074 454 1182 482 11161110
1207 454 1455 491 Pharisaeorum,
1482 455 1567 492 qnod
1593 455 1641 484 est:
1670 455 1772 492 hypo-

1074 498 1185 527 crisis!
1201 499 1227 527 si
1244 500 1352 528 tamen
1368 499 1546 536 hypocrisis
1567 500 1631 529 dici
1657 499 1772 538 debet,

1073 551 1142 580 quae
1167 543 1233 580 jam
1259 545 1358 573 latere
1387 552 1453 581 prae
1488 545 1681 574 abundantia
1707 552 1772 574 non

1069 589 1176 626 valet,
1193 590 1225 620 et
1246 598 1311 628 prae
1326 589 1527 627 impudentia
1552 598 1616 619 non
1643 590 1771 628 quaerit.

1072 634 1177 672 Serpit
1202 635 1297 664 hodie
1326 635 1438 673 putida
1465 635 1557 665 tabes
1585 643 1645 673 per
1675 643 1769 666 omne

1071 688 1184 717 corpus
1208 681 1376 718 Ecclesiae,
1393 681 1425 710 et
1446 689 1508 718 quo
1525 681 1621 710 latius
1634 703 1642 718 ,
1659 689 1696 710 eo
1713 681 1771 711 de-

1070 726 1228 762 speratius
1238 735 1245 763 ;
1256 734 1356 764 eoque
1369 726 1596 764 periculosius,
1610 735 1672 764 quo
1686 727 1771 757 inte-

1069 770 1147 799 rius.
1163 771 1241 800 Nam
1265 771 1291 801 si
1307 771 1491 809 insurgeret
1508 773 1638 809 apertus
1659 772 1769 801 inimi-

1069 823 1124 845 cus
1136 816 1326 854 haereticus,
1341 815 1526 846 mitteretur
1541 816 1623 846 foras
1639 818 1672 846 et
1687 825 1771 847 ares-

1068 862 1176 902 ceret:
1195 862 1219 891 si
1232 862 1395 891 vlolentus
1407 862 1558 892 inimicus
1569 884 1578 900 ,
1594 862 1771 892 absconde-

1061 906 1118 939 *ret
1141 915 1174 935 se
1200 906 1333 936 forsitan
1349 907 1389 935 ab
1405 915 1453 936 eo.
1467 908 1556 936 Nunc
1571 915 1649 936 vero
1672 916 1770 945 quem

1069 950 1197 988 ejiciet,
1214 952 1269 980 aut
1284 959 1301 980 a
1318 960 1381 989 quo
1396 952 1570 982 abscondet
1583 951 1637 982 se?
1652 953 1769 982 Omnes

1068 999 1185 1036 amici,
1209 1000 1243 1029 et
1267 1008 1378 1029 omnes
1405 1000 1529 1029 inimici
1546 1009 1681 1030 :omnes
1709 1009 1770 1030 ne-

1069 1043 1198 1072 cessarii
1210 1065 1219 1081 ,
1248 1044 1281 1074 et
1308 1052 1418 1074 omnes
1446 1045 1622 1075 adversarii
1637 1054 1644 1074 :
1658 1053 1769 1075 omnes

1069 1088 1238 1118 domestici
1255 1111 1264 1126 ,
1295 1090 1327 1118 et
1356 1090 1438 1119 nulli
1466 1090 1592 1128 pacifici
1621 1099 1630 1120 t
1659 1099 1769 1121 omnes

1068 1134 1209 1171 proximi
1221 1156 1229 1171 ,
1246 1136 1279 1165 et
1295 1143 1405 1165 omnes
1430 1144 1502 1173 quae
1516 1144 1571 1165 sua
1587 1138 1661 1166 sunt
1681 1145 1768 1175 quae-

1068 1180 1153 1208 runt.
1171 1180 1307 1209 Ministri
1322 1180 1439 1210 Christi
1463 1183 1556 1219 sunt,
1574 1182 1607 1212 et
1622 1183 1768 1212 serviunt

1067 1226 1274 1256 Antichristo.
1293 1227 1445 1256 Honorati
1458 1227 1613 1257 incedunt
1625 1228 1664 1258 de
1676 1228 1767 1258 bonis

1067 1272 1212 1310 Domini,
1226 1272 1281 1310 qui
1303 1273 1439 1302 Domino
1455 1273 1610 1303 honorem
1630 1282 1693 1303 non
1709 1274 1767 1304 de-

1067 1316 1186 1346 ferunt.
1215 1319 1291 1348 Inde
1321 1319 1348 1347 is
1374 1327 1472 1356 quem
1504 1319 1649 1356 quotidIe
1674 1319 1766 1350 vides

1067 1363 1271 1393 meretricius
1283 1364 1369 1393 nitor
1378 1386 1386 1401 ,
1404 1364 1610 1394 histrionicus
1623 1365 1764 1402 habitus,

1066 1408 1172 1445 regius
1188 1411 1371 1447 apparatus.
1388 1410 1464 1439 Inde
1480 1417 1592 1439 aurum
1604 1409 1638 1438 in
1653 1409 1764 1448 frenis,

1065 1452 1098 1481 in
1114 1453 1203 1483 sellis
1220 1455 1251 1483 et
1264 1455 1443 1484 calcaribus
1458 1464 1466 1482 ι
1483 1456 1516 1491 et
1532 1455 1603 1492 plus
1618 1455 1764 1493 calcaria,

1064 1506 1158 1535 quam
1182 1499 1294 1528 altaria
1319 1499 1455 1537 fulgent.
1483 1500 1560 1529 Inde
1589 1500 1769 1538 splendidae

1063 1551 1182 1573 mensae
1208 1546 1240 1574 et
1270 1545 1369 1582 cibis,
1386 1545 1420 1574 et
1440 1545 1589 1583 scyphis3
1615 1545 1690 1574 inde
1711 1553 1765 1575 co-

1064 1590 1274 1619 messationes
1287 1592 1319 1619 et
1332 1590 1525 1627 ebrietates3
1540 1591 1615 1620 inde
1629 1591 1764 1629 cithara,

1064 1634 1096 1661 et
1112 1634 1180 1671 lyra
1192 1656 1200 1671 ,
1218 1636 1251 1664 et
1265 1635 1364 1672 tibia3
1381 1635 1457 1664 inde
1472 1635 1686 1665 redundantia
1698 1636 1765 1665 tor—

1064 1678 1204 1716 cularia,
1229 1680 1261 1708 et
1286 1679 1504 1718 promptuaria
1532 1680 1645 1718 plena,
1671 1687 1766 1710 eruc-

1064 1722 1164 1752 tantia
1181 1732 1222 1752 611
1245 1724 1305 1753 1100
1328 1725 1363 1753 111
1390 1725 1485 1754 illud.
1502 1725 1579 1754 Inde
1594 1725 1679 1754 dolia
1693 1725 1768 1763 pig-

1063 1769 1238 1806 mentaria,
1264 1769 1340 1799 inde
1368 1770 1488 1800 referta
1517 1770 1690 1809 marsupia.
1704 1771 1763 1801 Pro

1065 1812 1249 1849 hujusmodi
1264 1814 1379 1843 volunt
1395 1822 1464 1844 esse
1480 1815 1513 1844 et
1526 1815 1601 1844 sunt
1613 1815 1763 1844 ecclesia-

1063 1866 1134 1886 rum
1159 1858 1345 1897 Praepositi,
1360 1859 1502 1897 Decani,
1519 1859 1762 1898 Archidiaconi,

1063 1903 1227 1942 Episcopi,
1244 1905 1498 1943 Archiepiscopi.
1515 1906 1578 1934 Nec
1591 1905 1677 1934 enim
1693 1905 1761 1935 haec

1062 1950 1176 1981 merito
1202 1951 1338 1990 cedunt,
1363 1951 1419 1980 sed
1446 1950 1573 1990 negotio
1595 1950 1662 1990 illi,
1678 1951 1761 1991 quod

1061 1996 1264 2034 perambulat
1278 1997 1480 2027 intenebris.

1101 2042 1151 2071 16.
1180 2042 1264 2071 Olim
1299 2042 1490 2080 praedictum
1519 2040 1588 2079 est,
1614 2042 1646 2071 et
1675 2049 1760 2071 nunc

1061 2088 1187 2126 tempus
1214 2088 1412 2126 impletionis
1437 2087 1570 2117 advenit
1592 2095 1601 2116 t
1628 2088 1705 2117 Ecce
1729 2088 1760 2116 in

1058 2143 1131 2171 pace
1149 2136 1324 2163 amaritudo
1340 2143 1407 2163 mea
1422 2134 1632 2163 amarissima.
1647 2133 1758 2162 Amara

1060 2179 1149 2216 prius
1173 2179 1206 2207 in
1222 2186 1301 2208 nece
1323 2178 1516 2216 Martyrum,
1533 2179 1672 2208 amarior
1690 2179 1758 2216 post

1061 2225 1092 2253 in
1119 2224 1270 2253 conflictu
1292 2224 1539 2261 haereticorum,
1562 2223 1756 2254 amarissima

1059 2278 1143 2299 nunc
1170 2269 1202 2299 in
1230 2270 1376 2299 moribus
1404 2270 1666 2300 domesticorum.
1689 2269 1759 2299 Non·

1061 2315 1168 2353 fugare
1178 2337 1187 2353 ,
1203 2323 1267 2345 11011
1279 2315 1391 2352 fugere
1405 2323 1459 2344 eos
1471 2315 1598 2353 potest:
1612 2316 1657 2344 ita
1670 2314 1756 2344 inva-

1059 2362 1207 2398 luerunt,
1223 2361 1256 2391 et
1272 2361 1481 2399 multiplicati
1502 2362 1575 2391 sunt
1589 2368 1684 2399 super
1697 2367 1758 2389 nu-

1059 2416 1196 2437 merum.
1229 2408 1385 2437 Intestina
1423 2408 1457 2437 et
1490 2405 1676 2436 insanabilis
1708 2404 1756 2434 est

1058 2454 1151 2492 plaga
1166 2453 1315 2483 Ecclesiae
1334 2462 1341 2481 :
1360 2454 1393 2482 et
1408 2452 1481 2482 ideo
1499 2452 1533 2481 in
1548 2460 1626 2490 pace
1641 2449 1754 2480 amari-

1060 2500 1134 2528 tudo
1151 2499 1222 2536 ejus
1233 2499 1444 2528 amarissima.
1462 2498 1523 2527 Sed
1538 2498 1571 2526 in
1585 2504 1646 2534 qua
1659 2494 1755 2534 pace':

1058 2547 1093 2575 Et
1109 2554 1172 2583 pax
1198 2546 1262 2583 est,
1278 2545 1312 2574 et
1334 2552 1398 2574 11011
1424 2544 1472 2574 651
1492 2550 1567 2581 pax.
1583 2543 1646 2570 Pax
1665 2548 1683 2570 a
1697 2548 1757 2577 pa-

1058 2590 1162 2629 ganis,
1190 2591 1222 2620 et
1248 2598 1313 2629 pax
1341 2589 1382 2619 ab
1409 2587 1585 2623 haeretici53
1609 2584 1664 2614 sed
1689 2592 1750 2613 non

1059 2636 1202 2676 profecto
1213 2644 1231 2666 a
1244 2636 1330 2666 filiis.
1347 2635 1416 2665 Vox
1431 2631 1610 2672 plangentis
1625 2630 1754 2661 intem-
