1810 3073
526 198 570 225 IN
596 195 799 225 CANTleA
823 196 972 223 SERMO
997 196 1067 223 XV.
1457 203 1511 234 {9¹

81 252 285 291 recumbant,
313 250 484 290 epulentur
513 251 546 281 et
572 250 776 281 delectentur
811 257 905 286 rum,
935 249 962 278 si
990 249 1106 287 Sponsi
1135 249 1274 281 effusum
1301 254 1350 284 est
1375 263 1516 295 nomen,

79 299 112 327 in
136 298 267 335 laetitia,
283 298 314 327 et
328 305 410 326 unus
434 297 557 335 ubique
584 297 714 326 resonet
741 295 775 324 in
810 294 966 332 cumipse
978 302 1105 333 quoque
1117 295 1240 327 effusus
1250 298 1517 333 sit?Namsemct-

79 352 156 374 voce
172 342 395 374 exsultationis
407 342 440 372 et
456 342 665 372 confessionis
679 349 774 372 sonus
808 343 906 378 ipsum
949 342 1121 371 eminam'wz't
1157 343 1292 380 sormam
1323 348 1402 376 scri-i
1432 350 1513 378 acci-

79 390 246 425 epulantis.
263 389 369 418 Oleum
384 389 512 425 effusum
535 397 645 418 nomen
675 389 771 417 tuum.
804 387 900 423 piens.
921 386 1068 424 Denique
1091 387 1136 417 ait
1161 396 1169 416 ι
1195 389 1279 418 Sicut
1299 399 1382 427 aqua
1403 392 1512 426 effusus

78 434 179 462 Unum
204 434 287 471 scio,
303 433 329 463 si
344 433 530 472 Philippum
554 435 586 463 et
613 433 771 462 Andream
805 440 884 461 snm.
902 431 1009 462 Effusa
1038 433 1087 462 cst
1114 433 1284 470 plenitudo
1309 434 1509 474 divinitatis,

75 478 282 508 habuerimus
293 479 457 516 ostiarios,
471 480 631 517 repulsam
643 477 772 507 omnino
806 476 957 506 habitans
981 485 1078 515 super
1093 477 1213 508 terram
1229 480 1456 517 corporaliter,
1474 482 1511 510 ut

74 525 282 561 nonpatimur
292 525 488 563 quicumque
502 525 607 554 oleum
618 524 769 562 petimus,
806 522 845 551 de
871 523 928 552 illa
949 524 1156 561 plenitudine
1180 533 1307 564 omnes,
1323 527 1378 564 qui
1396 534 1511 564 corpus

73 569 268 607 quicumque
284 570 433 600 volumus
447 570 556 600 Jesum
572 569 695 598 videre.
718 569 771 597 In·
804 569 916 597 mortis
931 570 1093 606 gestamus
1104 591 1113 607 ‚
1136 579 1327 609 caperemus
1338 594 1346 610 ,
1363 580 1398 601 ac
1415 572 1508 602 vitali

72 615 264 644 cunctanter
290 616 457 653 Philippus
485 615 571 644 dicet
597 614 730 644 Andreae
759 622 767 642 :
804 613 900 643 odore
915 615 1033 652 repleti
1048 615 1369 647 diceremuszoleum
1381 618 1509 654 effusum

71 659 211 690 Andreas
224 661 330 690 autem
344 662 376 690 et
385 660 553 698 Philippus
561 659 670 689 dicent
680 660 766 689 Jesu.
802 668 913 689 nomen
929 662 1026 690 tuum.
1043 661 1090 690 En
1105 661 1191 699 quod
1206 670 1325 692 nomen
1346 662 1507 699 effusum..

70 705 162 735 Jesus
175 707 283 736 autern
298 706 394 745 quid?
409 706 552 735 Profecto
567 706 653 744 quod
662 706 765 736 Jesus.
803 705 835 734 et
850 705 991 743 qualiter
1004 727 1013 742 ,
1031 707 1063 735 et
1078 707 1249 744 quatenus.

69 752 138 781 n'isi
159 761 290 790 ymnum
313 753 461 790 frumenti
483 753 591 782 cadens
605 752 636 781 in
652 752 767 781 terram
841 751 870 779 5.
886 751 948 780 Cur
962 759 1039 780 vero
1055 751 1183 781 oleum?
1196 760 1272 781 nam
1288 752 1347 782 hoc
1358 752 1504 783 nondum

68 799 224 827 mortuum
241 798 350 836 suerit,
366 799 464 836 ipsum
478 797 576 827 solum
597 799 702 827 manet
717 807 726 827 .·
741 799 769 827 si
801 795 882 826 dixi.
900 797 935 825 ln
950 805 1098 827 sermone
1114 798 1282 836 superiore
1307 798 1415 828 dicere
1441 807 1506 829 coe-

69 843 171 872 autem
191 845 346 873 mortuum
362 844 471 881 fuerit,
487 844 619 873 multum
631 844 763 881 fructum
800 849 909 879 peram
940 851 948 872 ε
979 843 1036 872 sed
1066 843 1245 873 intervenit
1277 844 1383 874 subito
1414 844 1504 874 aliud

67 887 166 924 offert.
188 888 340 919 MorIatur
355 889 455 927 igitur
480 897 630 926 granum‚
648 890 681 918 et
695 898 766 919 sur·
800 888 885 925 quod
914 888 1157 926 praedicendum
1185 889 1368 920 videbatur.
1385 891 1505 927 Quam-

68 932 120 970 gat
142 933 286 971 gentium
303 943 406 973 seges.
422 934 554 972 Oportet
568 935 634 973 pati
658 935 766 965 Chris-
799 941 896 971 quam
909 933 1141 964 intermiserim
1152 935 1236 965 ultra
1248 944 1344 973 quain
1355 936 1478 966 credidi
1492 945 1501 965 τ

69 980 152 1017 tum,
169 980 201 1009 et
216 988 383 1019 resurgere
399 989 415 1009 a
433 980 584 1017 mortuis,
601 981 633 1010 et
647 981 765 1019 praedi-
798 979 883 1016 quod
906 987 971 1009 non
995 979 1085 1009 aliud
1112 989 1180 1010 esse
1205 989 1298 1018 reor,
1326 981 1389 1010 nisi
1415 982 1502 1019 quod

799 1024 888 1054 fortis
914 1025 1033 1055 mulier
1059 1025 1224 1064 Sapientia
1253 1026 1343 1056 misit
1368 1035 1500 1057 manum

798 1070 837 1098 ad
866 1071 990 1109 colum,
1007 1070 1040 1100 et
1064 1070 1158 1109 digiti
1184 1071 1254 1108 ejus
1277 1071 1501 1110 apprehende-

797 1116 873 1144 runt
884 1115 1004 1146 fusum.
1018 1117 1112 1147 Novit
1123 1116 1209 1146 enim
1221 1117 1381 1147 modicam
1394 1118 1498 1147 lanam

797 1162 849 1191 vel
866 1162 970 1192 linum
986 1163 1020 1192 in
1042 1163 1172 1201 longum
1188 1164 1365 1201 producere
1386 1164 1476 1194 filum
1487 1187 1497 1202 ‚

796 1209 891 1246 atque
916 1209 951 1239 in
971 1210 1045 1239 telae
1074 1210 1252 1240 extendere
1272 1209 1496 1248 latitudinem,

796 1254 829 1284 et
853 1255 898 1284 sic
926 1263 1037 1285 omnes
1063 1255 1255 1285 domesticos
1283 1264 1355 1285 suos
1375 1256 1496 1287 vestIre

795 1300 989 1337 duplicibus.
1001 1302 1054 1331 Est
1068 1301 1282 1339 proculdubio
1294 1301 1379 1331 inter
1391 1302 1498 1332 Oleum

795 1346 827 1375 et
840 1347 960 1376 Nomen
976 1346 1091 1385 Sponsi
1107 1346 1304 1376 similitudo:
1317 1354 1377 1376 nec
1393 1347 1496 1377 otiose

794 1391 931 1428 Spiritus
940 1394 1068 1422 sanetus
1077 1393 1268 1422 alterutrum
1281 1393 1493 1430 comparavit.

793 1438 855 1476 Ego
871 1438 979 1468 autem
995 1438 1066 1468 dico
1081 1439 1115 1468 in
1130 1438 1252 1477 triplici
1267 1438 1404 1476 quadam
1417 1446 1497 1476 qua-

792 1484 883 1514 IItate
909 1484 991 1523 olei,
1008 1485 1095 1523 quod
1117 1485 1221 1522 lucet,
1248 1485 1367 1523 pascit,
1384 1485 1418 1514 et
1432 1492 1495 1513 un-

792 1530 836 1567 git
853 1538 860 1558 :
877 1530 904 1559 si
929 1539 985 1561 vos
1006 1530 1125 1560 melius
1146 1537 1210 1559 non
1235 1530 1374 1560 habetis.
1394 1529 1495 1559 Fovet

793 1576 916 1614 ignem,
932 1577 1036 1606 nutrit
1057 1584 1206 1614 carnem,
1222 1576 1304 1606 lenit
1327 1576 1491 1613 dolorem;

790 1622 865 1658 lux,
887 1622 995 1659 cibus,
1010 1621 1183 1651 medicina.
1200 1622 1279 1651 Vide
1296 1621 1384 1651 idem
1402 1629 1490 1651 nunc

790 1668 823 1697 et
849 1667 888 1697 de
912 1667 1025 1706 Sponsi
1047 1667 1190 1697 nomine.
1207 1667 1310 1697 Lucet
1335 1667 1492 1705 praedica-

790 1712 856 1742 tum
868 1735 877 1750 ‚
903 1713 1007 1751 pascit
1034 1713 1247 1750 recogitatum
1264 1735 1273 1751 ‚
1303 1712 1491 1742 invocatum

788 1758 869 1788 lenit
883 1758 915 1787 et
930 1758 1034 1796 ungit.
1051 1759 1089 1787 Et
1110 1766 1336 1795 percurramus
1351 1758 1488 1796 singula.

828 1804 856 1833 6.
873 1804 963 1833 Unde
985 1803 1079 1842 putas
1095 1803 1129 1832 in
1150 1803 1218 1833 toto
1234 1804 1310 1833 orbe
1328 1803 1416 1832 tanta
1429 1824 1438 1839 ‚
1455 1804 1490 1833 et

788 1849 851 1878 tam
867 1849 973 1879 subita
988 1848 1062 1878 fidei
1088 1849 1165 1886 lux,
1180 1848 1244 1878 nisi
1259 1849 1299 1878 de
1314 1848 1489 1886 praedicato

786 1896 861 1924 Jesu
870 1895 882 1925 ἓ
892 1896 1001 1925 Nonne
1014 1895 1046 1924 in
1058 1894 1155 1931 hujus
1167 1894 1307 1924 nominis
1319 1895 1390 1924 luce
1402 1895 1488 1926 Deus

785 1949 841 1970 nos
855 1941 982 1970 vocavit
996 1941 1030 1970 in
1045 1940 1234 1970 admirabile
1249 1941 1360 1969 lumen
1374 1948 1465 1971 suun]
1475 1963 1487 1980 ,

784 1988 902 2025 quibus
917 1987 1124 2023 illuminatis,
1137 1987 1170 2016 et
1186 1987 1219 2016 in
1230 1987 1351 2016 lumine
1366 1986 1425 2016 isto
1438 1989 1487 2018 vi-

784 2034 934 2063 dentibus
949 2034 1077 2070 lumen‚
1103 2032 1188 2062 dicat
1210 2032 1326 2062 merIto
1341 2033 1458 2063 Paulus
1475 2043 1484 2063 :

783 2081 895 2109 Falsas
917 2079 1083 2117 ailquamlo
1105 2078 1256 2114 tenebrae,
1278 2086 1359 2107 nunc
1382 2080 1486 2109 autem

782 2127 836 2155 Iar
850 2127 881 2156 in,
896 2124 1050 2155 Domino?
1065 2125 1131 2154 Hoc
1144 2124 1283 2162 denique
1297 2131 1416 2152 nomen
1433 2132 1487 2153 co-

781 2178 846 2199 ram
860 2169 1006 2208 regibus,
1024 2168 1057 2198 et
1072 2168 1222 2206 gentibus
1233 2168 1284 2205 ,et
1295 2167 1370 2196 filiis
1386 2167 1485 2198 Israel

780 2216 906 2253 portare
930 2215 1036 2252 J'ussus
1061 2215 1110 2244 est
1133 2213 1221 2243 idem
1243 2213 1429 2252 Apostolus3
1452 2215 1486 2245 et

780 2261 927 2299 portabat
953 2268 1072 2290 nomen
1096 2260 1259 2297 tamquam
1289 2259 1418 2296 lumen,
1450 2262 1485 2291 et

779 2306 986 2336 illuminabat
1009 2305 1166 2343 patriam,
1189 2304 1222 2334 et
1234 2304 1391 2333 clamabat
1409 2304 1484 2334 ubi-

779 2361 841 2390 quc
859 2361 866 2381 ε
883 2354 957 2382 Nox
982 2352 1133 2390 proecessit
1143 2372 1154 2387 ,
1170 2350 1231 2380 (lies
1252 2351 1355 2379 autom
1370 2359 1483 2388 appro-

779 2399 947 2437 pinquavit.
957 2398 1145 2433 Abji'ciamus
1152 2405 1222 2434 erqo
1233 2405 1326 2434 opera
1341 2395 1483 2425 tenebra—-

779 2453 861 2480 rum,
881 2445 908 2473 ct
923 2444 1090 2472 induamur
1102 2450 1193 2471 arma
1204 2442 1277 2471 lucis·
1289 2441 1381 2470 :sicut
1393 2441 1423 2469 in
1435 2442 1482 2470 (1Ιέ

779 2490 899 2519 honeste
925 2488 1125 2517 (ambulemus.
1142 2486 1179 2515 Et
1203 2485 1400 2514 monstrabat
1411 2493 1481 2512 om·-

779 2534 1046 2564 nihuslucernain
1058 2540 1155 2570 super
1162 2530 1388 2561 candelabrum
1399 2550 1408 2566 ‚
1421 2537 1479 2557 an-

778 2579 930 2610 nuntians
955 2579 989 2608 in
1006 2578 1091 2608 omni
1111 2578 1180 2607 loco
1201 2577 1329 2611 Jesum,
1346 2574 1378 2602 et
1394 2574 1479 2602 hune

779 2625 982 2655 crucifixum.
1002 2623 1167 2660 Quomodo
1188 2623 1244 2651 lux
1262 2621 1319 2649 isla
1338 2618 1483 2657 insplen-

66 1026 131 1056 cari
160 1024 194 1054 in
218 1026 348 1056 nomine
377 1026 447 1063 ejus
472 1026 700 1064 poenitentiam
732 1029 764 1057 et

66 1069 288 1100 remissionem
316 1072 541 1108 peccatorum,
570 1079 634 1100 non
660 1072 762 1101 solum

66 1117 99 1146 in
122 1116 285 1153 Jndaeam,
302 1117 357 1145 sed
387 1116 485 1146 eliam
500 1116 533 1145 in
548 1125 658 1146 omnes
685 1125 764 1154 gen-

65 1163 131 1191 tes:
149 1162 307 1199 quatenus
319 1161 358 1190 ab
374 1169 438 1190 uno
454 1162 601 1200 nomine,
617 1162 701 1200 quod
716 1164 763 1192 est

64 1208 230 1245 Christus,
256 1207 358 1236 millia
393 1207 532 1236 millium
561 1208 761 1238 credentium

64 1253 232 1283 Christiani
259 1252 423 1289 dicantur,
449 1253 482 1282 et
506 1252 638 1283 dicant:
656 1255 761 1284 Oleum

64 1299 190 1335 effusum
213 1307 323 1328 nomen
340 1299 436 1327 tuum.

102 1343 132 1373 [ι.
162 1345 301 1382 Agnosco
333 1343 419 1374 enim
447 1352 586 1383 nomen,
614 1344 699 1383 quod
726 1345 759 1374 in

62 1389 142 1419 Isaia
156 1389 220 1428 legi
238 1398 246 1418 :
263 1391 368 1420 Servos
393 1399 480 1426 suos,
503 1390 625 1428 inquit,
641 1391 759 1421 vocabit

62 1437 182 1465 nomine
207 1435 288 1472 alio,
314 1436 345 1465 in
370 1444 428 1474 quo
453 1436 506 1473 qm·
530 1436 696 1467 benedictus
717 1439 758 1467 est

61 1490 150 1519 super
171 1483 303 1518 terram,
330 1481 517 1511 benedicetur
545 1483 577 1511 in
606 1484 756 1520 Domino,

61 1536 161 1557 anoen.
175 1527 199 1556 Ο
213 1535 330 1556 nomen
355 1527 582 1557 benedictum!
603 1527 627 1556 Ο
651 1528 757 1558 oleum

61 1581 287 1611 usquequaque
311 1572 468 1603 effusum!
497 1573 689 1611 Quousque?
710 1575 755 1604 De

60 1619 139 1649 coelo
167 1619 201 1648 in
227 1619 391 1655 Judaeam,
408 1619 441 1648 et
466 1618 540 1647 inde
563 1619 597 1647 in
626 1627 754 1648 omnem

59 1667 175 1695 terram
188 1665 350 1703 excurrit3
367 1666 400 1695 et
415 1665 454 1694 de
470 1665 535 1695 toto
551 1664 627 1694 orbe
640 1665 756 1695 clamat

57 1711 221 1741 Ecclesia:
239 1712 349 1742 Oleum*
369 1711 493 1747 effusum
517 1719 629 1740 nomen
656 1713 753 1741 tuum.

57 1757 200 1788 Effusum
221 1757 433 1795 plane,qu0d
449 1765 511 1786 non
534 1758 635 1786 solum
659 1758 755 1787 coelos

55 1803 221 1842 terrasque
246 1803 407 1841 perfudit,
425 1802 479 1832 sed
501 1803 636 1841 aspersit
656 1804 689 1832 et
704 1803 754 1832 in-

55 1848 156 1887 feros,
173 1850 253 1879 adeo
274 1849 310 1878 ut
337 1849 369 1878 in
395 1849 525 1878 nomine
554 1849 631 1878 Jesu
658 1857 752 1879 omne

55 1904 139 1934 genu
160 1895 325 1933 flectatur,
340 1895 538 1933 coelestium,
552 1896 751 1926 terrestrium

56 1941 87 1971 et
111 1941 328 1978 infernorum⁷
345 1941 375 1971 et
394 1941 496 1970 onmis
521 1941 631 1978 lingua
657 1942 751 1970 conli-

55 1988 177 2024 teatur,
193 1988 226 2017 et
239 1987 325 2017 dicat
341 1995 350 2016 t
367 1987 471 2017 Oleum
494 1987 620 2023 effusum
640 1995 750 2017 nomen

55 2035 150 2063 tuum.
160 2033 239 2063 Ecce
248 2033 401 2070 ChristuS‚
415 2040 490 2062 ecce
505 2033 613 2070 Jesus,
626 2033 750 2062 utrum-

52 2086 114 2116 que
138 2078 281 2108 infusum
306 2078 452 2116 Angelis,
468 2079 641 2116 utrumque
666 2078 750 2108 essu-

52 2132 122 2154 sum
143 2124 176 2153 in
192 2124 355 2161 homines,
378 2124 410 2153 et
428 2124 499 2153 illos
514 2123 677 2161 homines,
693 2125 746 2162 qui

51 2171 310 2209 computruerant
339 2171 504 2208 tamquam
531 2169 678 2206 jumenta
714 2171 746 2200 in

51 2216 190 2246 stercore
214 2225 287 2254 suo,
302 2216 451 2246 homines
472 2217 505 2245 et
524 2215 670 2253 jumenta
685 2217 747 2245 sal-

52 2269 146 2300 vans,
163 2262 432 2300 quemadmodum
446 2261 676 2299 multiplicavit.
688 2262 746 2292 mi-

49 2307 253 2337 sericordiam
274 2316 364 2337 suam
387 2308 483 2337 Deus.
499 2307 600 2344 Quam
616 2315 744 2346 carum,

51 2361 144 2390 quam
167 2353 249 2384 vile!
274 2354 359 2390 vile,
376 2353 432 2383 sed
457 2353 595 2382 salubre.
622 2353 655 2382 Si
679 2353 744 2383 vile

50 2407 112 2428 non
137 2400 237 2437 esset,
252 2407 316 2429 non
341 2399 422 2427 mihi
450 2398 700 2428 effunderetur:
719 2399 744 2428 si

50 2444 174 2474 salubre
191 2453 252 2474 non
269 2444 371 2482 esset,
387 2452 451 2473 non
476 2452 528 2473 me
551 2444 744 2476 lucraretur.

49 2489 206 2528 Particeps
221 2490 361 2519 nominis
376 2498 464 2527 sum,
481 2498 550 2519 sum
563 2490 595 2519 et
606 2490 746 2519 haeredi-

49 2533 133 2564 tatis.
156 2536 353 2565 Christianus
382 2543 469 2572 su1n3
499 2535 600 2565 frater
628 2535 745 2565 Christi

49 2587 128 2609 sum.
158 2581 190 2610 Si
216 2590 287 2611 sum
311 2581 397 2619 quod
424 2581 530 2618 dicor,
548 2581 650 2610 liaeres
675 2589 745 2611 sum

48 2625 124 2664 Dei,
137 2626 276 2658 cohaeres
287 2627 397 2657 autem
408 2626 537 2656 Christi.
550 2626 586 2655 Et
598 2626 674 2664 quid
688 2627 746 2655 mi-
