1830 3073
316 224 356 255 CO

317 289 382 319 quoe
401 280 434 311 ίη
448 278 559 312 munao
572 283 652 313 sunt.
671 282 782 313 Omnia
802 283 882 312 enim
901 290 967 319 quae
983 282 1015 310 in

317 326 429 355 litando
452 327 540 362 sunt,
567 326 806 364 concupiscentia
835 326 957 360 carnis,
986 324 1017 353 et

317 371 557 408 concupiscentia
571 371 730 400 oculorum
739 389 750 404 ‚
772 371 800 399 et
822 369 947 400 ambitio
961 377 1017 399 3113-

315 416 386 452 culi,
403 423 470 454 quae
483 424 547 446 ‘non
563 417 634 446 sunt
647 426 686 446 ex
697 419 803 448 Patre.
819 414 904 452 Quid
918 412 1016 451 ergo?

316 461 401 491 Sunt
433 462 542 499 aliqua
576 470 618 491 ex
643 462 755 500 Patre,
780 461 899 501 quihus
922 459 1016 490 nobis

313 505 377 535 ista
390 505 677 543 recompensentur
688 506 700 536 ’ἐ
711 508 790 537 Sunt
803 507 917 545 utique
926 527 935 544 ,
947 513 1016 535 om-

314 550 394 580 111110
417 550 561 580 dulciora
584 550 636 580 his
662 551 695 580 et
714 552 903 581 amabiliora
928 559 937 580 ε
959 551 1016 581 sed

315 593 386 624 haec
404 602 470 623 non
495 593 670 623 creduntur
693 596 813 633 servis,
827 595 930 625 multo
952 594 1016 624 mi-

315 646 377 668 nus
392 637 544 668 inimicis
562 637 714 676 Quisquis
731 647 807 669 vero
824 640 946 670 amicus
958 647 1016 670 vo-

315 683 415 713 luerit
430 691 498 713 esse
520 683 617 720 hujus
640 684 773 723 mundi,
789 685 941 715 inimicus
954 685 1015 715 Dei

314 729 533 765 constituitur,
546 729 666 759 Amicis
677 731 821 761 creditur
832 731 1014 768 consilium,

313 775 431 812 quibus
446 774 566 804 dicitur
582 783 589 804 :
607 776 687 814 Quia
701 779 807 808 omnia
821 786 1016 816 quaecumque

314 821 416 850 (iudici
440 829 461 849 a
487 821 582 850 Patre
608 830 693 858 meo,
723 824 799 853 ‘nota
831 824 890 861 feci
916 823 1012 854 vobis.

314 865 584 902 Iixponitlieatus
610 867 802 906 Gregorius,
827 869 902 907 quia
928 877 1017 899 amor

313 912 401 948 ipse,
416 911 531 942 notitia
546 913 604 942 est.
618 913 673 942 Est
688 921 762 951 ergo
779 914 899 952 triplex
914 922 1015 953 amor,

313 957 370 993 qui
386 956 447 986 tria
463 957 518 986 illa
534 958 685 989 excludat
700 968 771 997 quae
785 967 850 989 non
864 961 957 998 sunt,
974 968 1015 990 ex

313 1001 418 1031 Patre.
441 1002 479 1031 Et
503 1004 692 1041 propterea,
718 1004 831 1043 credo,
848 1006 1016 1036 101111101-

315 1048 444 1085 rogatur
462 1048 576 1077 Petrus
601 1057 609 1078 :
633 1050 730 1080 Amas
750 1059 815 1087 me,
837 1060 926 1081 amas
948 1060 996 1081 me
1004 1072 1014 1088 ,

314 1102 403 1124 (inias
420 1093 493 1123 me?
513 1093 577 1123 Sed
601 1094 634 1124 et
662 1094 744 1124 forte
766 1095 834 1125 haec
860 1096 951 1134 sunt,
975 1096 1015 1126 de

313 1139 434 1177 quibus
448 1139 483 1168 in
498 1139 569 1176 lege
585 1140 775 1178 praecipitur
790 1149 798 1169 τ
814 1142 929 1179 Diliqes
949 1143 1014 1172 Do-

314 1186 432 1214 minum
445 1186 544 1215 Deum
559 1186 646 1215 ticum
661 1195 700 1215 eac
721 1187 783 1216 toto
802 1188 888 1216 corde
904 1188 954 1217 luo
963 1208 973 1224 ,
988 1189 1015 1218 et

313 1240 352 1259 nr
369 1233 431 1261 tota
441 1233 547 1261 anima
559 1232 613 1261 tua
622 1251 632 1267 ,
644 1232 671 1261 et
684 1240 723 1261 ea:
735 1233 797 1262 tota
812 1233 923 1263 vii-tute
939 1234 993 1263 tua
1003 1241 1014 1263 .·

313 1275 347 1304 id
362 1277 428 1313 est,
448 1276 565 1313 diliges
578 1275 718 1306 dulciter
738 1277 807 1307 sive
829 1277 1014 1316 affectuose,

313 1321 427 1358 diliges
449 1320 645 1359 prudenter,
668 1321 784 1359 diliges
806 1321 947 1353 fortiter.
965 1323 1016 1352 Si-

313 1367 444 1404 quidem
469 1373 558 1395 amor
582 1367 687 1396 cordis
720 1367 828 1397 simile
862 1368 1015 1405 quiddam

314 1412 412 1441 habet
436 1412 557 1442 carnali
582 1412 702 1450 amori;
727 1420 803 1441 nam
828 1413 1016 1444 affectiones

314 1457 443 1494 proprie
475 1456 581 1486 cordis
614 1465 683 1487 esse
715 1458 880 1488 dicuntur.
901 1459 1015 1489 Anima

313 1511 392 1531 vcro
427 1502 591 1540 aliquanto
623 1502 690 1538 jam
723 1504 873 1541 superius
905 1505 1013 1542 sonat,

316 1548 399 1577 uude
416 1548 448 1577 et
463 1547 581 1577 dicitur
596 1547 689 1577 sedes
704 1548 887 1586 sapientiae,
898 1549 935 1578 ut
946 1556 1016 1579 me-

314 1593 376 1622 rito
391 1593 540 1622 videatur
552 1592 601 1622 illi
618 1593 860 1626 attribuendum
873 1594 1012 1633 pruden-

313 1640 364 1669 ter
378 1638 511 1676 diligere
524 1638 640 1668 Deum.

352 1683 383 1712 ΕΞ.
401 1683 485 1713 Sane
501 1683 542 1713 ad
556 1684 764 1714 affectuosum
787 1682 900 1723 illum,
914 1693 1014 1723 quem

314 1728 469 1767 dicimus,
485 1729 589 1759 cordis
604 1737 746 1760 amorem
769 1731 946 1769 plurimum
959 1739 1015 1763 va-

313 1775 360 1804 let
381 1774 614 1805 Inearnationis
630 1775 749 1806 Christi
773 1776 944 1814 cogitatio,
958 1777 1015 1808 sed

315 1822 346 1849 et
367 1819 465 1850 totius
489 1820 737 1858 dispensationis
751 1829 848 1859 quam
869 1822 967 1860 gessit
980 1822 1015 1852 in

314 1874 429 1904 carne,
455 1866 489 1896 et
522 1865 666 1896 maxime
696 1867 867 1898 Passionis.
895 1868 1014 1899 videns

314 1912 403 1941 0111111
425 1912 513 1942 1)0115
541 1911 690 1942 homines
714 1912 846 1942 omnino
871 1914 1015 1945 carnales

314 1957 461 1995 effectos,
482 1957 607 1987 tantam
629 1958 676 1987 eis
692 1957 900 1987 dulcedinem
917 1958 1014 1988 exhi-

313 2002 385 2032 buit
407 2002 441 2031 in
465 2010 578 2040 carne,
599 2001 639 2032 ut
652 2001 818 2031 durissimi
842 2001 946 2032 cordis
973 2003 1015 2034 sit

312 2047 457 2085 quisquis
471 2055 547 2077 eum
571 2047 638 2077 toto
659 2047 777 2077 affectu
797 2054 866 2078 11011
889 2047 1013 2085 diligat.

312 2093 429 2122 Yolens
463 2092 624 2131 siquidem
656 2092 803 2122 nobilem
834 2093 1015 2123 creaturam

313 2137 476 2167 hominem
496 2146 689 2177 recuperare
705 2146 713 2166 ε
731 2137 765 2167 Si
787 2137 912 2176 iuquit,
927 2138 1015 2169 invi-

311 2185 381 2211 11111]
398 2191 548 2222 coegero,
564 2184 690 2214 asinum
711 2183 856 2221 habebo,
869 2191 935 2214 non
958 2184 1015 2214 110-

312 2227 437 2257 1111110111
469 2237 479 2257 :
516 2228 779 2267 quandoquidem
805 2237 872 2259 non
908 2229 1016 2259 libens

311 2273 443 2310 veniet,
467 2281 529 2304 nec
553 2275 764 2312 spontaneus,
787 2274 825 2303 ut
848 2273 949 2310 possit
964 2274 1015 2304 di-

311 2327 409 2348 cere:
428 2319 608 2349 Voluntaria
629 2318 809 2356 sacrificabo
831 2319 896 2348 tibi.
916 2318 1014 2348 Num-

310 2362 390 2400 quid
414 2362 515 2392 asinis
535 2363 616 2392 dabo
637 2370 773 2400 regnum
798 2361 934 2392 1110111ηὲ
952 2363 1015 2393 Aut

309 2407 467 2446 numquid
490 2407 531 2438 de
553 2407 657 2438 bobus
681 2416 756 2437 cura
781 2408 831 2437 est
861 2406 950 2437 Deo?
973 2407 1015 2438 Ut.

311 2462 387 2491 ergo
398 2454 535 2483 habeam
546 2453 776 2490 voluntarium,
785 2452 914 2483 terrebo
926 2460 1012 2492 011111,

311 2499 337 2529 si
355 2499 436 2529 sorte
452 2500 676 2534 convertatur,
694 2500 727 2528 et
742 2499 842 2528 vivat.
866 2498 905 2527 Et
927 2506 1013 2528 00111-

310 2545 452 2574 minatus
478 2544 526 2574 est
549 2543 715 2574 acerbiora
739 2552 810 2581 (11133
835 2543 1012 2581 excogitari

309 2591 462 2629 possunt,
476 2589 626 2620 tenebras
641 2590 794 2626 aeternas,
812 2596 940 2619 vermes
955 2589 1012 2618 im-

311 2637 464 2666 mortales
489 2636 595 2675 ignem
609 2634 921 2673 inexstinguibilem.
935 2636 1010 2664 Cum
1029 2631 1033 2669 Σ

778 228 808 256 S.
829 227 1062 258 BERNARDI
1081 227 1274 259 ABBATIS

1051 279 1159 309 autem
1175 289 1236 311 nec
1260 282 1305 312 sic
1321 281 1415 312 homo
1438 283 1662 322 revocaretur,
1677 282 1722 314 ait
1738 287 1748 309 ἱ

1050 324 1118 353 Non
1133 326 1235 355 solum
1249 326 1401 366 timidus,
1424 328 1481 358 sed
1503 329 1599 358 0113111
1616 329 1750 367 cupidus

1049 369 1098 398 est
1113 370 1321 407 :promittam
1336 373 1368 402 ei
1379 373 1464 411 quod
1479 374 1680 411 potissimum
1695 374 1750 403 de-

1051 414 1225 445 siderabile
1247 415 1409 447 videatur.
1429 419 1623 449 Desiderant
1644 418 1750 448 homi—

1047 467 1106 489 nes
1127 467 1261 498 aurum,
1283 460 1317 490 et
1337 463 1524 502 argentum,
1549 464 1585 494 et
1610 463 1748 499 similia3

1047 504 1104 534 sed
1118 512 1216 544 super
1229 505 1300 536 haec
1314 507 1421 537 omnia
1435 509 1537 538 vitam
1553 508 1749 539 desiderant.

1047 551 1252 582 Manifestum
1267 551 1316 581 est
1338 552 1417 590 1100,
1433 553 1467 582 et
1486 555 1580 585 valde
1595 554 1749 584 manifes-

1048 596 1130 626 tum.
1154 596 1205 635 Si,
1229 597 1353 635 inquit,
1369 598 1538 636 tantopere
1562 599 1751 631 desiderant

1047 640 1197 670 miseram
1221 641 1304 671 hanc
1329 642 1362 671 et
1382 641 1576 673 laboriosam
1595 644 1696 674 vitam
1716 644 1751 673 et

1047 687 1306 717 momentaneam
1315 708 1324 724 ,
1333 688 1491 725 quantum
1503 689 1639 726 diligent
1649 688 1749 719 vitam

1047 731 1208 769 quietam,
1230 732 1402 770 aeternam,
1426 733 1578 763 beatam?
1600 732 1750 764 Promisit

1049 776 1157 814 itaque
1172 777 1275 807 vitam
1296 779 1470 816 aeternam3
1492 778 1641 817 promisit
1665 776 1751 816 quod

1047 829 1108 852 nec
1121 822 1234 853 oculus
1247 823 1330 853 vidit
1339 846 1347 862 ,
1359 832 1420 854 1100
1436 824 1523 855 auris
1536 823 1678 863 audivit,
1689 831 1749 853 nec

1048 867 1082 897 in
1097 876 1151 898 cor
1165 868 1305 898 hominis
1321 869 1478 899 ascendit.

1087 914 1119 943 5.
1135 914 1256 945 videns
1272 915 1382 945 autem
1400 915 1486 954 quod
1507 913 1592 945 nihil
1611 914 1748 953 profice-

1048 959 1098 990 ret
1114 967 1122 989 :
1136 959 1261 999 Unum,
1276 961 1399 999 inquit,
1415 961 1516 991 restat
1531 961 1648 991 adhuc.
1664 960 1750 991 Inest

1048 1004 1172 1034 homini
1186 1013 1251 1035 non
1275 1007 1379 1036 solum
1401 1007 1500 1036 timor
1514 1007 1548 1037 et
1571 1007 1748 1045 cupiditas,

1048 1049 1105 1079 sed
1119 1051 1151 1079 et
1167 1058 1273 1088 amor,
1284 1058 1346 1080 nec
1361 1051 1535 1089 quicquam
1550 1050 1584 1081 in
1597 1059 1636 1081 eo
1649 1051 1750 1081 vehe-

1048 1095 1189 1126 mentius
1204 1095 1244 1125 ad
1259 1095 1466 1126 trahendum.
1481 1096 1579 1126 Venit
1600 1096 1700 1134 igitur
1714 1097 1749 1126 iu

1049 1147 1143 1171 carne
1153 1161 1163 1180 ,
1182 1142 1217 1172 et
1230 1141 1296 1171 tam
1321 1140 1494 1170 amabilem
1519 1148 1554 1171 se
1580 1141 1748 1179 exhibuit,

1047 1186 1086 1216 ut
1108 1185 1198 1216 illam
1218 1186 1312 1216 nobis
1333 1185 1540 1224 impenderet
1563 1186 1748 1225 caritatem,

1047 1237 1110 1268 qua
1132 1229 1288 1267 maiorem
1308 1237 1403 1259 nemo
1419 1229 1535 1267 habet,
1550 1230 1588 1259 ut
1608 1230 1748 1260 animam

1048 1283 1139 1305 suam
1163 1275 1256 1305 daret
1286 1281 1343 1312 pro
1368 1273 1472 1304 nobis.
1496 1274 1648 1313 Quisquis
1673 1283 1749 1305 sane

1048 1328 1107 1350 nec
1130 1320 1170 1350 ob
1191 1321 1251 1350 1100
1267 1318 1397 1358 quidem
1421 1320 1567 1350 converti
1590 1320 1748 1358 voluerit,

1049 1373 1154 1396 nonne
1169 1365 1285 1395 merito
1300 1364 1410 1394 audiet
1425 1371 1433 1393 2
1448 1365 1526 1403 Quid
1546 1364 1635 1395 debui
1649 1365 1749 1403 facere

1049 1411 1120 1447 tibi,
1142 1413 1170 1441 et
1183 1419 1246 1441 11011
1267 1409 1346 1448 feci?
1367 1409 1406 1440 Et
1429 1417 1506 1440 vere
1531 1409 1567 1440 in
1589 1410 1680 1441 nullo
1703 1411 1750 1441 sic

1049 1456 1252 1486 commendat
1265 1456 1350 1485 Deus
1365 1454 1534 1485 caritatem
1549 1462 1658 1493 suam,
1673 1465 1749 1494 quo-

1047 1501 1140 1531 modo
1156 1502 1191 1531 in
1205 1501 1359 1539 mysterIo
1383 1499 1614 1531 incarnationis
1629 1501 1700 1538 ejus
1716 1503 1749 1532 et

1046 1546 1221 1584 Passionis3
1246 1546 1281 1575 in
1303 1545 1392 1576 nullo
1418 1546 1464 1575 sic
1487 1546 1654 1576 revelatur
1679 1546 1748 1583 ejus

1047 1592 1168 1630 pietas,
1183 1592 1217 1621 in
1233 1591 1320 1621 nullo
1341 1591 1387 1620 sic
1402 1591 1535 1628 apparet
1551 1590 1621 1627 ejus
1637 1591 1749 1630 benig-

1047 1638 1148 1676 nitas,
1171 1636 1327 1675 quomodo
1349 1636 1386 1666 in
1413 1635 1635 1675 humanitate,
1664 1637 1748 1675 Apo-

1046 1684 1127 1714 stolo
1141 1684 1242 1721 teste,
1257 1683 1313 1721 qui
1327 1682 1393 1711 ait:
1409 1682 1562 1721 Apparuit
1579 1682 1748 1721 benz'ynitas

1047 1733 1076 1762 et
1094 1729 1271 1760 humanitas
1286 1729 1453 1759 Salvcitoris
1466 1728 1566 1758 nostri
1586 1729 1655 1758 Dei.
1670 1729 1747 1758 Nam

1047 1776 1192 1814 potentia
1202 1774 1335 1813 quidem
1346 1773 1506 1804 occultata
1517 1772 1584 1811 est,
1595 1774 1746 1811 quoniam

1048 1822 1082 1852 in
1095 1820 1284 1852 infirmitate
1297 1818 1399 1850 venit.
1416 1817 1507 1848 Unde
1522 1817 1666 1857 Abacuc,
1683 1819 1747 1856 Ibi,

1048 1867 1173 1906 inquit,
1207 1866 1386 1897 abscondita
1415 1866 1459 1896 est
1488 1864 1634 1902 fortitudo
1665 1863 1748 1902 ejus,

1048 1912 1136 1943 haud
1150 1911 1283 1942 dubium
1299 1910 1378 1948 quin
1394 1909 1429 1939 in
1449 1917 1563 1946 eruce,
1579 1909 1670 1945 cujus
1684 1917 1750 1939 cor·

1047 1967 1112 1988 uua
1126 1958 1158 1987 in
1173 1956 1316 1986 manibus
1335 1955 1411 1993 ejiaes.
1435 1953 1601 1992 Sapientia
1621 1962 1748 1992 quoque

1048 2002 1236 2034 abscondita
1269 2001 1318 2032 est
1341 2001 1375 2030 et
1399 2000 1564 2030 incarnata
1587 2007 1597 2028 ε
1626 1999 1749 2038 placuit

1048 2048 1138 2078 enim
1163 2046 1195 2077 ei
1218 2053 1280 2084 per
1303 2045 1478 2076 stultitiam
1510 2043 1622 2081 verbi,
1646 2044 1750 2075 salvos

1048 2093 1156 2123 facere
1171 2091 1353 2122 credentes.
1368 2091 1480 2120 Nonne
1502 2089 1642 2128 quodam
1654 2089 1748 2119 modo

1048 2137 1180 2168 stultum
1195 2144 1229 2166 se
1246 2135 1379 2172 fecerat,
1392 2134 1448 2173 qui
1462 2133 1599 2164 tradidit
1615 2134 1651 2164 in
1665 2141 1750 2163 mor-

1050 2182 1114 2212 tem
1137 2180 1278 2211 animam
1312 2187 1421 2217 suam,
1446 2179 1483 2209 et
1512 2178 1593 2208 tulit
1615 2179 1749 2216 peccata

1048 2227 1239 2262 multorum,
1265 2225 1298 2254 et
1322 2233 1394 2262 quae
1424 2231 1490 2254 non
1514 2223 1644 2262 rapuit,
1669 2223 1748 2253 tunc

1049 2269 1262 2302 exsolvebat?
1290 2270 1402 2299 Nonne
1433 2267 1545 2299 ebrius
1572 2269 1644 2298 erat
1669 2268 1749 2298 vino

1048 2316 1208 2353 caritatis,
1225 2316 1258 2345 et
1272 2314 1442 2344 immemor
1455 2313 1523 2351 sui,
1539 2313 1648 2343 contra
1661 2313 1750 2343 Petri

1048 2361 1237 2398 consilium,
1255 2359 1416 2390 dicentis:
1434 2359 1588 2398 Propitius
1599 2360 1660 2390 esto
1674 2357 1750 2389 tibi?

1048 2407 1160 2445 ltaque
1184 2405 1371 2435 abscondita
1387 2405 1436 2434 est
1459 2403 1631 2441 fortitudo,
1645 2404 1752 2433 maxi-

1048 2459 1167 2490 meque
1185 2451 1293 2481 velata
1320 2451 1354 2480 et
1375 2450 1542 2480 incarnata
1565 2449 1749 2487 sapientia:

1047 2497 1104 2528 sed
1120 2497 1306 2535 benignitas
1331 2503 1395 2525 non
1411 2495 1519 2534 poluit
1541 2494 1680 2532 amplius
1693 2494 1752 2524 de-

1049 2542 1180 2580 clarari,
1195 2551 1261 2572 non
1278 2541 1494 2572 abundantius
1514 2540 1670 2578 exprimi,
1685 2547 1748 2574 non

1049 2589 1233 2620 evidentius
1249 2587 1477 2618 commendari.
1552 2585 1554 2587 ’

1088 2634 1119 2663 [ι.
1144 2635 1241 2663 Porro
1265 2634 1295 2663 id
1323 2633 1450 2671 quidem
1479 2631 1517 2661 ad
1543 2630 1751 2661 affectuosum
