1846 3078
263 238 324 271 388

263 303 324 325 nec
350 293 390 325 de
414 292 590 334 hypocritae
617 292 748 334 quidem
764 318 773 333 ,
802 295 858 333 qui
887 301 960 323 cum

262 340 342 370 facit
354 341 603 380 eleemosynam,
621 342 698 371 facit
708 342 786 371 tuba
802 338 872 369 cani
886 339 960 367 ante

261 393 314 424 se,
331 387 371 417 ut
395 387 592 425 glorificetur
621 388 662 417 ab
685 385 882 416 hominibus.
901 383 961 413 Sed

261 438 323 461 nec
337 431 426 462 illius
441 432 619 462 orationem
631 431 737 468 aliquo
754 429 846 458 modo
860 437 962 458 exau-

262 476 351 514 diet,
367 478 423 516 qui
437 479 522 508 amat
537 486 627 507 orare
644 476 679 505 in
697 475 822 512 angulis
836 475 961 512 platea-

260 524 400 562 rum,ut
414 524 453 553 ab
467 523 649 553 hominibus
663 521 825 551 videatur.
840 520 961 557 Nempe

261 569 363 598 oratio
398 569 577 607 peccatoris
625 565 836 596 exsecrabilis
885 565 959 595 erit.

260 613 391 644 Frustra
404 622 529 652 quoque
546 612 659 642 offerat
676 619 795 641 munus
810 619 906 641 suum
921 611 961 640 ad

255 654 381 697 altare,
396 659 451 697 qui
467 658 612 688 conscius
620 659 669 688 est
678 657 846 695 sil›i,quod
862 656 962 686 frater

260 713 337 734 suus
352 705 450 734 habet
471 704 596 741 aliquid
613 703 782 733 adversum
798 711 844 733 se.
860 702 961 732 Deni-

262 758 326 788 que
349 758 412 779 non
428 750 576 788 respexit
591 750 630 779 ad
651 749 729 779 Cain
752 757 906 787 munera,
923 757 961 779 eo

259 795 345 833 quod
364 803 428 824 non
443 796 533 825 recte
555 795 739 825 ambularet
761 803 834 824 cum
862 794 960 824 fratre

259 849 328 871 suo.
344 841 438 871 Teste
454 842 562 871 sancto
574 841 735 879 Propheta
747 840 763 879 ‚'
773 841 872 871 etiam
884 841 962 870 abo-

259 886 444 917 minabatur
468 886 618 924 sabbata,
645 886 679 916 et
692 885 902 922 neomenias,
929 887 961 915 et

259 931 416 962 sacrificia
439 931 641 969 Judaeorum‚
668 930 714 959 ita
732 931 770 959 ut
789 929 960 959 manifeste

257 977 494 1016 protestaretur
509 976 614 1006 odisse
635 985 674 1007 ea
689 976 830 1005 animam
849 983 940 1005 suam
951 997 959 1013 ‚

259 1023 293 1052 et
312 1022 461 1053 dicebat:
480 1024 557 1053 Cum
572 1024 714 1052 veniretis
738 1023 808 1051 ante
824 1030 962 1058 conspec-

258 1069 324 1098 tum
337 1076 440 1097 meum
451 1089 461 1104 ,
480 1063 546 1106 Quis
567 1068 701 1106 quaesivit
715 1076 752 1096 ea
769 1068 804 1096 cle
819 1066 962 1096 manibus

258 1115 364 1144 vestris
380 1113 506 1143 ?Credo
522 1121 587 1142 non
602 1112 793 1142 redolebant
805 1112 874 1140 lilia
892 1119 962 1140 ma-

257 1167 320 1189 nus
335 1160 399 1190 illae
410 1181 418 1197 ,
434 1160 466 1189 et
478 1161 649 1197 propterea
661 1157 833 1195 respuebat
844 1165 961 1186 munus

259 1206 383 1235 exiliis
397 1205 453 1244 qui
468 1206 556 1244 pasci
579 1205 666 1233 inter
680 1204 751 1233 lilia
773 1202 959 1239 consuevit,

258 1252 293 1282 et
307 1260 370 1281 non
383 1252 468 1281 inter
483 1251 601 1289 spinas,
614 1250 732 1287 Quidni
746 1250 889 1287 spinosas
906 1249 962 1277 ha-

257 1297 527 1334 hebantmanus‚
553 1296 671 1334 quibus
695 1295 825 1324 aiebat:
852 1296 961 1323 [llanus

258 1345 367 1374 νοείτω
381 1344 531 1382 sanquine
543 1343 641 1381 plenae
660 1343 731 1372 sunt
753 1341 766 1370 ἓ
791 1341 827 1370 Et
849 1348 961 1369 manus

260 1389 344 1418 Esau
369 1389 481 1427 pilosae
507 1389 601 1417 erant
617 1410 626 1425 ‚
653 1386 793 1425 spinosis
820 1386 959 1422 similes3

259 1434 398 1472 ideoque
415 1443 478 1463 non
491 1434 566 1463 sunt
581 1432 738 1469 admissae,
748 1432 783 1461 ut
799 1431 962 1460 ministra-

260 1480 335 1509 rent
348 1480 474 1508 Sancto.

302 1524 353 1554 14,
363 1526 485 1554 Vereor
496 1532 537 1554 ne
553 1524 586 1553 et
602 1523 689 1552 inter
700 1530 757 1552 nos
769 1522 867 1559 aliqui
883 1521 959 1557 sint,

260 1580 399 1610 quorum
411 1579 475 1600 non
491 1569 639 1607 acceptet
654 1576 787 1598 munera
804 1567 959 1605 Sponsus,

259 1625 298 1646 eo
314 1617 401 1655 quod
422 1624 486 1645 non
508 1615 677 1645 redoleant
699 1614 778 1643 lilia.
796 1613 923 1642 Etenim
934 1612 959 1642 si

258 1663 294 1692 in
313 1662 365 1692 die
385 1661 504 1699 jejunii
520 1661 584 1690 mei
609 1660 796 1689 inveniatur
814 1659 962 1686 voluntas

257 1716 344 1746 mea²
361 1715 425 1737 non
440 1708 504 1737 tale
518 1705 682 1743 jejunium
697 1704 795 1742 elegit
808 1704 959 1741 Sponsus,

259 1762 322 1784 nec
351 1754 435 1792 sapit
460 1753 510 1782 illi
534 1752 697 1789 J'ejnnium
722 1758 855 1786 mcum,
876 1749 960 1787 quod

258 1808 326 1830 non
340 1800 447 1829 lilium
459 1798 654 1828 obedientiae
665 1819 674 1835 ,
690 1796 745 1826 sed
758 1795 874 1826 vitium
889 1802 962 1832 pro-

259 1847 343 1886 priae
366 1846 544 1877 voluntatis
568 1844 664 1882 sapit.
680 1844 744 1881 Ego
769 1842 879 1871 autem
899 1849 960 1870 non

260 1893 364 1922 solum
378 1891 418 1920 de
437 1889 583 1928 jejunio,
612 1888 668 1918 sed
695 1889 734 1918 de
750 1887 901 1923 silentio,
921 1886 959 1914 de

259 1938 400 1975 vigiliis,
424 1937 463 1966 de
486 1937 652 1972 oratione,
675 1934 716 1964 de
740 1933 899 1969 lectione,
922 1931 960 1961 de

259 1991 358 2021 opere
374 1990 530 2012 manuum
544 2003 552 2019 ‚
574 1982 737 2018 postremo
752 1979 791 2008 de
805 1978 891 2008 omni
907 1978 962 2007 ob—

260 2028 424 2058 servantia
450 2027 620 2064 monachi,
641 2026 697 2056 ubi
725 2025 890 2055 invenitur
904 2032 962 2054 vo-

257 2074 366 2105 luntas
377 2082 433 2105 sua
449 2074 482 2104 in
496 2081 547 2111 ea,
563 2074 595 2102 et
613 2081 677 2102 non
693 2070 881 2101 obedientia
896 2078 961 2099 nia-

260 2121 351 2158 gistri
395 2121 444 2150 sui
455 2142 464 2157 ,
504 2120 647 2157 idipsum
675 2118 791 2147 sentio.
830 2116 961 2146 Minime

260 2174 390 2204 prorsus
399 2165 619 2195 observantias
635 2164 725 2201 illas,
742 2163 802 2193 etsi
815 2163 914 2192 bonas
928 2162 962 2192 in

259 2222 296 2243 se
309 2236 318 2251 ,
335 2214 443 2244 tamen
459 2214 545 2244 inter
566 2213 636 2242 lilia
647 2234 656 2250 ‚
674 2212 707 2241 id
729 2212 779 2242 est
793 2212 880 2241 inter
895 2210 962 2240 vir-

261 2260 368 2296 tutes,
384 2259 567 2289 censuerim
584 2258 806 2296 deputandas:
833 2257 889 2287 sed
904 2264 962 2286 au-

261 2303 331 2333 diet
345 2312 362 2333 a
374 2303 533 2341 Propheta
544 2304 599 2341 qui
617 2302 774 2340 ejusmodi
791 2302 851 2339 est,
863 2301 962 2330 Num-

261 2349 342 2388 quid
365 2350 430 2379 tale
459 2350 507 2378 est
532 2350 722 2387 obsequium
751 2348 836 2387 quod
860 2347 960 2385 elegi²

261 2396 343 2426 dicit
356 2394 536 2426 Dominus?
552 2396 584 2423 ct
601 2396 697 2424 addet
713 2404 720 2423 ε
737 2395 773 2424 ln
789 2394 842 2428 die
862 2394 962 2423 bono-

262 2450 336 2472 rum
369 2441 499 2471 tuorum
530 2439 742 2469 inveniuntur
777 2440 962 2470 voluntates

262 2491 339 2517 tuae.
357 2486 484 2516 Grande
509 2484 630 2514 malum
645 2486 773 2522 propria
794 2486 962 2523 voluntas,

264 2540 328 2570 qua
342 2531 378 2561 fit
392 2531 428 2561 ut
451 2530 534 2560 hona
557 2529 614 2558 tua
630 2529 690 2558 tibi
706 2529 789 2558 bona
804 2538 869 2559 non
886 2530 962 2559 sint.

265 2576 399 2616 Oportet
420 2575 554 2614 proinde
573 2573 642 2604 lilia
666 2573 743 2603 fiant
759 2583 832 2612 quae
851 2574 964 2610 hujus-

264 2623 351 2652 modi
374 2621 468 2660 sunt,
496 2620 572 2659 quia
592 2619 677 2649 nihil
702 2619 851 2656 omnino,
880 2620 965 2656 quod

265 2668 394 2708 propria
411 2665 615 2706 inquinatum
636 2665 677 2696 sit
689 2664 855 2696 voluntate
866 2685 874 2701 ,
891 2673 965 2702 gus-

724 242 755 269 S.
775 239 1011 269 BERNARDI
1029 239 1223 267 ARBATIS

996 293 1078 323 tabit
1093 294 1119 322 is
1134 294 1189 332 qui
1206 293 1349 332 pascitur
1363 293 1451 326 inter
1463 295 1545 326 lilia.
1560 296 1696 335 Sapiens

995 337 1040 366 tia
1056 339 1104 367 est
1120 338 1243 376 ubique
1258 339 1418 378 attingens
1444 342 1576 379 propter
1600 350 1696 371 mun-

996 383 1107 412 ditiam
1123 392 1212 413 suam
1224 405 1232 421 ,
1250 385 1283 414 et
1297 385 1344 414 nil
1356 386 1560 424 inquinatum
1576 387 1609 416 in
1623 394 1695 415 ean:

995 428 1143 458 incurrit.
1163 430 1209 459 Ita
1226 437 1301 467 ergo
1322 431 1407 461 inter
1422 433 1491 462 lilia
1505 432 1593 471 pasci
1610 432 1697 461 amat
1721 441 1724 442 ⁷

994 482 1146 511 sponsus,
1163 474 1197 503 id
1221 476 1270 504 est
1286 476 1371 513 apud
1395 478 1514 507 munda
1539 477 1572 507 et
1592 476 1697 507 nitida

995 519 1101 549 corda,
1129 520 1192 550 Sed
1220 529 1385 559 quousque
1407 521 1535 553 ?Donec
1564 522 1698 560 adspiret

994 566 1071 601 dies,
1101 567 1129 595 el
1154 566 1340 596 inclinentur
1364 568 1493 597 umbrae.
1518 568 1697 597 Umbrosus

996 611 1083 640 locus
1103 612 1151 640 est
1167 611 1221 640 hic
1238 612 1269 640 et
1287 612 1468 642 condensus
1485 621 1493 641 :
1518 621 1582 642 non
1597 613 1699 642 intre-

995 665 1063 685 mus
1083 656 1199 686 silvam
1219 657 1302 686 hanc
1315 658 1467 695 profundi
1482 658 1698 694 sacramenti,

995 701 1057 730 nisi
1073 702 1159 731 clara
1181 702 1254 731 luce
1280 703 1358 732 diei.
1383 704 1453 733 Jam
1477 704 1565 733 enim
1588 703 1698 740 dispu-

995 747 1082 777 tante
1108 756 1160 777 me
1184 748 1329 785 longius,
1352 749 1508 778 inclinata
1535 749 1583 778 est
1605 748 1697 786 dies,

994 792 1070 822 dum
1097 793 1194 823 inviti
1220 794 1439 823 abstrahimur
1466 795 1505 823 ab
1528 794 1579 824 his
1604 793 1696 823 liliis.

994 839 1056 868 Nec
1080 847 1150 868 sum
1173 839 1279 869 victus
1295 840 1485 877 prolixitate
1499 862 1507 877 ,
1534 839 1586 870 cui
1608 839 1699 869 fasti-

994 883 1082 913 dium
1120 892 1215 913 omne
1247 884 1435 914 detraheret
1469 885 1547 914 odor
1567 884 1696 914 florum.

995 929 1151 960 Modicum
1166 929 1245 967 quid
1269 930 1391 960 restare
1408 930 1540 960 videtur
1557 930 1597 959 de
1612 938 1698 967 prae-

995 974 1079 1003 senti
1101 975 1256 1012 capitulo.
1283 975 1324 1004 At
1347 975 1434 1004 istud
1458 976 1622 1005 modicum
1644 984 1698 1004 rc·-

995 1020 1162 1049 conditum
1184 1020 1304 1058 nimis,
1320 1020 1405 1051 sicut
1427 1021 1460 1050 et
1483 1021 1600 1050 caetera
1624 1021 1698 1050 uni-

995 1073 1086 1094 versa
1107 1066 1259 1095 carminis
1279 1065 1388 1102 huJus.
1406 1066 1470 1096 Sed
1494 1066 1549 1104 qui
1571 1067 1697 1096 revelat

996 1111 1148 1148 mysteria
1173 1111 1294 1149 aderit,
1314 1112 1348 1141 ut
1373 1112 1516 1149 conlido,
1533 1120 1607 1141 cum
1623 1112 1698 1150 pul-

995 1163 1064 1185 sare
1089 1158 1283 1194 coeperimus
1306 1166 1314 1186 :
1343 1158 1376 1186 et
1397 1166 1460 1186 non
1487 1157 1618 1187 claudet
1640 1165 1696 1186 ora

996 1201 1196 1238 loquentium
1211 1210 1264 1239 se,
1285 1201 1337 1230 cui
1354 1201 1513 1231 familiare
1528 1202 1629 1239 magis
1645 1201 1694 1231 est

996 1254 1138 1276 reserare
1147 1247 1266 1284 clausa,
1283 1247 1423 1285 Sponsus
1442 1247 1590 1277 Ecclesiae
1604 1247 1699 1276 Jcsus

995 1293 1136 1323 Chr1stus
1151 1294 1305 1323 Dominus
1320 1295 1446 1331 noster,
1462 1293 1519 1331 qui
1535 1294 1584 1322 est
1598 1301 1697 1331 super

996 1339 1102 1368 omnia
1108 1340 1195 1370 Deus
1202 1339 1394 1370 benedictus
1403 1340 1436 1369 in
1448 1339 1578 1378 saecula,
1588 1347 1695 1369 amen.

1164 1445 1334 1478 SERMO
1366 1445 1527 1478 LXXII.

995 1509 1057 1533 Dies
1068 1510 1213 1540 adspirans,
1229 1514 1253 1534 el
1271 1512 1385 1534 umbrae
1404 1512 1530 1534 inclinaroe
1549 1517 1614 1541 quae
1634 1511 1697 1536 sint,

1025 1544 1131 1567 Deinde
1157 1546 1227 1568 varii
1250 1546 1404 1569 hominum
1428 1546 1483 1569 dies
1505 1547 1696 1575 exponuntur.

1024 1579 1057 1602 Et
1080 1580 1157 1610 quod
1177 1581 1280 1610 juslos‚
1303 1583 1398 1611 uipole
1418 1581 1447 1604 in
1472 1582 1535 1603 luce
1558 1581 1697 1609 viventes.

1025 1618 1134 1638 maneat
1145 1616 1248 1639 clarior
1260 1616 1314 1639 dies
1325 1623 1329 1643 ;
1343 1616 1441 1645 impios
1451 1616 1556 1638 veroin
1567 1615 1698 1645 operibus

1025 1651 1210 1673 tenebrarum
1223 1654 1362 1674 versantes
1373 1653 1557 1675 oelernanox.

1036 1707 1065 1735 1.
1088 1707 1223 1737 Diteclns
1238 1716 1322 1736 meus
1338 1707 1428 1742 milii,
1445 1709 1473 1736 et
1493 1715 1545 1745 eqo
1568 1708 1629 1742 illi,
1646 1708 1699 1745 qai

994 1753 1130 1790 pascitur
1146 1753 1223 1782 inter
1248 1754 1330 1791 lilia,·
1350 1754 1441 1781 donec
1467 1753 1598 1790 adspiret
1618 1754 1697 1790 dies,
1743 1788 1750 1791 μ

995 1801 1022 1828 et
1034 1800 1217 1829 z'nclz'nenlur
1232 1799 1360 1828 umbrce.
1374 1798 1550 1828 Novissima
1572 1798 1697 1828 tantum

996 1845 1130 1882 capituli
1142 1844 1239 1882 liujus
1250 1844 1416 1874 tractanda
1431 1852 1505 1882 pars
1518 1845 1586 1881 est,
1596 1845 1628 1874 et
1640 1844 1699 1873 du-

996 1889 1062 1918 bito
1089 1889 1123 1918 in
1149 1889 1218 1927 ipso
1234 1889 1400 1927 ingressu,
1426 1888 1554 1918 cuinam
1570 1887 1699 1925 potissi-

996 1942 1083 1964 mum
1106 1943 1178 1964 eam
1199 1935 1332 1973 jungam
1353 1934 1490 1964 duarum
1510 1933 1698 1971 praeceden-

996 1980 1087 2010 tium.
1110 1981 1189 2010 Nam
1213 1989 1343 2018 possum
1368 1979 1597 2009 indifferenter
1613 1979 1701 2008 utri-

995 2027 1154 2064 que.Sive
1168 2027 1257 2057 enim
1271 2026 1370 2064 dicas,
1383 2027 1608 2056 Dilectnsmens
1624 2025 1702 2055 milei

995 2075 1022 2102 cl
1034 2082 1085 2112 ego
1096 2074 1155 2111 z'IIc'3
1171 2074 1263 2103 donec
1271 2074 1405 2111 adspiret
1413 2073 1491 2109 dies,
1504 2073 1532 2101 et
1546 2070 1700 2100 inclinen-

997 2120 1047 2148 tur
1074 2119 1215 2154 umbroe,
1245 2117 1439 2155 interposito
1472 2117 1600 2146 tantum
1612 2137 1621 2152 ,
1649 2116 1703 2153 qui

993 2165 1131 2202 pascitur
1147 2166 1226 2194 inter
1240 2164 1323 2201 lilia3
1339 2163 1408 2193 sive
1432 2169 1490 2200 pro
1506 2161 1625 2191 litterae
1648 2168 1701 2189 se-

996 2211 1042 2239 rie
1054 2231 1063 2247 ,
1076 2211 1128 2248 qui
1138 2211 1276 2248 pascitur
1298 2210 1377 2238 inter
1390 2209 1456 2238 lilia
1466 2228 1476 2244 ,
1491 2208 1584 2236 donec
1597 2206 1700 2243 adspi-

996 2258 1041 2285 ret
1063 2257 1141 2291 dies,
1153 2257 1182 2284 et
1209 2255 1395 2284 inclinentur
1409 2252 1526 2282 umbrae
1543 2261 1552 2281 .·
1568 2259 1633 2280 non
1648 2251 1702 2279 in·

997 2300 1230 2330 convenienter
1242 2299 1366 2329 utrovis
1377 2292 1529 2335 assignas.
1545 2297 1611 2326 Hoc
1623 2304 1699 2326 sane

997 2346 1113 2383 refert,
1136 2345 1220 2383 quod
1241 2346 1333 2374 donec
1348 2343 1375 2374 si
1399 2343 1504 2381 primo
1529 2341 1681 2379 junxeris
1695 2363 1705 2379 ,

998 2391 1190 2421 inclusivum
1206 2391 1332 2428 oportet
1343 2389 1528 2427 intelligas:
1544 2387 1570 2417 si
1580 2387 1700 2424 medie,

998 2438 1201 2467 exclusivum
1226 2436 1346 2466 sentias
1375 2442 1509 2465 necesse
1539 2434 1599 2463 est.
1626 2434 1700 2462 Esto

998 2492 1114 2522 nempe
1130 2483 1215 2522 quod
1229 2482 1375 2520 designat
1386 2481 1526 2518 Sponsus
1538 2478 1624 2516 pasci
1634 2477 1701 2514 jam

999 2531 1084 2559 inter
1102 2529 1190 2566 lilia,
1207 2528 1263 2558 ubi
1276 2525 1492 2565 adspiraverit
1505 2524 1592 2560 dies;
1606 2531 1702 2552 num-

998 2575 1076 2614 quid
1107 2574 1259 2605 similitor
1287 2571 1425 2602 cessabit
1451 2571 1549 2600 etiam
1578 2575 1701 2606 sponsa}

1000 2620 1171 2651 intendere
1181 2642 1190 2658 ,
1206 2619 1262 2649 aut
1276 2619 1345 2656 ipsa
1358 2617 1427 2647 illi?
1441 2615 1543 2645 Absit.
1556 2615 1591 2642 In
1607 2613 1702 2642 aeter-

999 2673 1075 2694 num
1093 2662 1350 2702 perseverabunt
1362 2661 1436 2692 sibi.
1451 2658 1518 2689 Nisi
1530 2657 1615 2697 quod
1624 2658 1702 2687 tunc
