<?xml version="1.0" encoding="UTF-8"?>
<!DOCTYPE html PUBLIC "-//W3C//DTD XHTML 1.0 Transitional//EN"
    "http://www.w3.org/TR/xhtml1/DTD/xhtml1-transitional.dtd">
<html xmlns="http://www.w3.org/1999/xhtml" xml:lang="en" lang="en">
 <head>
  <title>
</title>
<meta http-equiv="Content-Type" content="text/html;charset=utf-8" />
  <meta name='ocr-system' content='tesseract 3.04.00' />
  <meta name='ocr-capabilities' content='ocr_page ocr_carea ocr_par ocr_line ocrx_word'/>
</head>
<body>
  <div class='ocr_page' id='page_1' title='image "./operagenuinajuxt03bernuoft/operagenuinajuxt03bernuoft_0195.png"; bbox 0 0 1810 3073; ppageno 0'>
   <div class='ocr_carea' id='block_1_1' title="bbox 508 227 1069 261">
    <p class='ocr_par' dir='ltr' id='par_1_1' title="bbox 508 227 1069 261">
     <span class='ocr_line' id='line_1_1' title="bbox 508 227 1069 261; baseline -0.011 0"><span class='ocrx_word' id='word_1_1' title='bbox 508 233 553 261; x_wconf 88' lang='lat' dir='ltr'>IN</span> <span class='ocrx_word' id='word_1_2' title='bbox 577 229 779 260; x_wconf 83' lang='lat' dir='ltr'>CANTICA</span> <span class='ocrx_word' id='word_1_3' title='bbox 804 228 954 257; x_wconf 80' lang='lat' dir='ltr'>SERMO</span> <span class='ocrx_word' id='word_1_4' title='bbox 972 227 1069 256; x_wconf 83' lang='lat' dir='ltr'>XIII.</span> 
     </span>
    </p>
   </div>
   <div class='ocr_carea' id='block_1_2' title="bbox 75 285 772 509">
    <p class='ocr_par' dir='ltr' id='par_1_2' title="bbox 77 285 769 373">
     <span class='ocr_line' id='line_1_2' title="bbox 77 285 769 323; baseline -0.013 -1"><span class='ocrx_word' id='word_1_5' title='bbox 77 290 245 323; x_wconf 72' lang='lat' dir='ltr'>horninibus</span> <span class='ocrx_word' id='word_1_6' title='bbox 266 288 349 319; x_wconf 71' lang='lat' dir='ltr'>bomo</span> <span class='ocrx_word' id='word_1_7' title='bbox 365 285 541 317; x_wconf 76' lang='lat' dir='ltr'>voluntatis.</span> <span class='ocrx_word' id='word_1_8' title='bbox 558 287 598 316; x_wconf 89' lang='lat' dir='ltr'>At</span> <span class='ocrx_word' id='word_1_9' title='bbox 613 293 691 316; x_wconf 82' lang='lat' dir='ltr'>vero</span> <span class='ocrx_word' id='word_1_10' title='bbox 706 292 769 314; x_wconf 88' lang='lat' dir='ltr'>non</span> 
     </span>
     <span class='ocr_line' id='line_1_3' title="bbox 78 329 770 375; baseline -0.013 -7"><span class='ocrx_word' id='word_1_11' title='bbox 78 338 186 375; x_wconf 79' lang='lat' dir='ltr'>bonae,</span> <span class='ocrx_word' id='word_1_12' title='bbox 201 336 253 366; x_wconf 91' lang='lat' dir='ltr'>sed</span> <span class='ocrx_word' id='word_1_13' title='bbox 269 335 320 373; x_wconf 82' lang='lat' dir='ltr'>pla</span> <span class='ocrx_word' id='word_1_14' title='bbox 324 342 364 363; x_wconf 99' lang='grc'>10</span> <span class='ocrx_word' id='word_1_15' title='bbox 377 333 495 371; x_wconf 84' lang='lat' dir='ltr'>iniquae</span> <span class='ocrx_word' id='word_1_16' title='bbox 509 331 685 362; x_wconf 81' lang='lat' dir='ltr'>voluntatis</span> <span class='ocrx_word' id='word_1_17' title='bbox 700 329 770 366; x_wconf 76' lang='lat' dir='ltr'>est,</span> 
     </span>
    </p>

    <p class='ocr_par' dir='ltr' id='par_1_3' title="bbox 75 378 772 509">
     <span class='ocr_line' id='line_1_4' title="bbox 75 378 772 422; baseline -0.013 -9"><span class='ocrx_word' id='word_1_18' title='bbox 75 384 130 422; x_wconf 78' lang='lat' dir='ltr'>qui</span> <span class='ocrx_word' id='word_1_19' title='bbox 146 388 344 420; x_wconf 79' lang='lat' dir='ltr'>nequaquam</span> <span class='ocrx_word' id='word_1_20' title='bbox 360 387 439 418; x_wconf 87' lang='lat' dir='ltr'>pace</span> <span class='ocrx_word' id='word_1_21' title='bbox 455 378 642 413; x_wconf 80' lang='lat' dir='ltr'>contentus,</span> <span class='ocrx_word' id='word_1_22' title='bbox 659 383 772 413; x_wconf 86' lang='lat' dir='ltr'>super-</span> 
     </span>
     <span class='ocr_line' id='line_1_5' title="bbox 76 421 772 460; baseline -0.014 -1"><span class='ocrx_word' id='word_1_23' title='bbox 76 428 115 459; x_wconf 86' lang='lat' dir='ltr'>bo</span> <span class='ocrx_word' id='word_1_24' title='bbox 128 429 218 458; x_wconf 93' lang='lat' dir='ltr'>oculo</span> <span class='ocrx_word' id='word_1_25' title='bbox 240 428 272 456; x_wconf 89' lang='lat' dir='ltr'>et</span> <span class='ocrx_word' id='word_1_26' title='bbox 286 425 463 456; x_wconf 82' lang='lat' dir='ltr'>insatiabili</span> <span class='ocrx_word' id='word_1_27' title='bbox 489 424 583 454; x_wconf 84' lang='lat' dir='ltr'>corde</span> <span class='ocrx_word' id='word_1_28' title='bbox 605 421 772 460; x_wconf 87' lang='lat' dir='ltr'>inquietus</span> 
     </span>
     <span class='ocr_line' id='line_1_6' title="bbox 76 470 771 509; baseline -0.014 -4.986"><span class='ocrx_word' id='word_1_29' title='bbox 76 474 205 504; x_wconf 82' lang='lat' dir='ltr'>anhelat</span> <span class='ocrx_word' id='word_1_30' title='bbox 228 473 261 503; x_wconf 89' lang='lat' dir='ltr'>et</span> <span class='ocrx_word' id='word_1_31' title='bbox 284 473 323 502; x_wconf 93' lang='lat' dir='ltr'>ad</span> <span class='ocrx_word' id='word_1_32' title='bbox 339 472 470 509; x_wconf 82' lang='lat' dir='ltr'>gloriam</span> <span class='ocrx_word' id='word_1_33' title='bbox 485 470 563 507; x_wconf 80' lang='lat' dir='ltr'>Dei,</span> <span class='ocrx_word' id='word_1_34' title='bbox 578 477 638 498; x_wconf 89' lang='lat' dir='ltr'>nec</span> <span class='ocrx_word' id='word_1_35' title='bbox 659 473 771 505; x_wconf 90' lang='lat' dir='ltr'>pacem</span> 
     </span>
    </p>
   </div>
   <div class='ocr_carea' id='block_1_3' title="bbox 74 515 789 565">
    <p class='ocr_par' dir='ltr' id='par_1_4' title="bbox 74 515 789 565">
     <span class='ocr_line' id='line_1_7' title="bbox 74 515 789 565; baseline -0.015 -14"><span class='ocrx_word' id='word_1_36' title='bbox 74 520 208 559; x_wconf 80' lang='lat' dir='ltr'>proinde</span> <span class='ocrx_word' id='word_1_37' title='bbox 231 518 395 555; x_wconf 82' lang='lat' dir='ltr'>retinens,</span> <span class='ocrx_word' id='word_1_38' title='bbox 420 526 481 547; x_wconf 90' lang='lat' dir='ltr'>nec</span> <span class='ocrx_word' id='word_1_39' title='bbox 503 515 636 565; x_wconf 82' lang='lat' dir='ltr'>gloriam</span> <span class='ocrx_word' id='word_1_40' title='bbox 656 519 789 563; x_wconf 76' lang='lat' dir='ltr'>appre-¹</span> 
     </span>
    </p>
   </div>
   <div class='ocr_carea' id='block_1_4' title="bbox 74 557 772 602">
    <p class='ocr_par' dir='ltr' id='par_1_5' title="bbox 74 557 772 602">
     <span class='ocr_line' id='line_1_8' title="bbox 74 557 772 602; baseline -0.013 -7"><span class='ocrx_word' id='word_1_41' title='bbox 74 565 231 596; x_wconf 84' lang='lat' dir='ltr'>hendens.</span> <span class='ocrx_word' id='word_1_42' title='bbox 240 565 318 602; x_wconf 85' lang='lat' dir='ltr'>Quis</span> <span class='ocrx_word' id='word_1_43' title='bbox 329 563 439 593; x_wconf 90' lang='lat' dir='ltr'>credat</span> <span class='ocrx_word' id='word_1_44' title='bbox 451 560 581 601; x_wconf 80' lang='lat' dir='ltr'>parieti,</span> <span class='ocrx_word' id='word_1_45' title='bbox 597 559 624 589; x_wconf 86' lang='lat' dir='ltr'>si</span> <span class='ocrx_word' id='word_1_46' title='bbox 639 567 672 589; x_wconf 91' lang='lat' dir='ltr'>se</span> <span class='ocrx_word' id='word_1_47' title='bbox 685 557 772 587; x_wconf 88' lang='lat' dir='ltr'>dicat</span> 
     </span>
    </p>
   </div>
   <div class='ocr_carea' id='block_1_5' title="bbox 74 604 790 649">
    <p class='ocr_par' dir='ltr' id='par_1_6' title="bbox 74 604 790 649">
     <span class='ocr_line' id='line_1_9' title="bbox 74 604 790 649; baseline -0.014 -9"><span class='ocrx_word' id='word_1_48' title='bbox 74 611 235 649; x_wconf 86' lang='lat' dir='ltr'>parturire</span> <span class='ocrx_word' id='word_1_49' title='bbox 261 610 399 646; x_wconf 83' lang='lat' dir='ltr'>radium,</span> <span class='ocrx_word' id='word_1_50' title='bbox 428 615 525 646; x_wconf 85' lang='lat' dir='ltr'>quern</span> <span class='ocrx_word' id='word_1_51' title='bbox 554 604 690 642; x_wconf 87' lang='lat' dir='ltr'>suscipit</span> <span class='ocrx_word' id='word_1_52' title='bbox 713 610 790 641; x_wconf 86' lang='lat' dir='ltr'>per.</span> 
     </span>
    </p>
   </div>
   <div class='ocr_carea' id='block_1_6' title="bbox 72 648 774 1148">
    <p class='ocr_par' dir='ltr' id='par_1_7' title="bbox 73 648 773 918">
     <span class='ocr_line' id='line_1_10' title="bbox 73 648 772 691; baseline -0.014 -5"><span class='ocrx_word' id='word_1_53' title='bbox 73 656 248 686; x_wconf 71' lang='lat' dir='ltr'>fenestram</span> <span class='ocrx_word' id='word_1_54' title='bbox 269 655 281 685; x_wconf 73' lang='grc' dir='ltr'><strong><em>ἓ</em></strong></span> <span class='ocrx_word' id='word_1_55' title='bbox 306 655 363 684; x_wconf 88' lang='lat' dir='ltr'>aut</span> <span class='ocrx_word' id='word_1_56' title='bbox 395 654 422 683; x_wconf 85' lang='lat' dir='ltr'>si</span> <span class='ocrx_word' id='word_1_57' title='bbox 454 651 634 691; x_wconf 84' lang='lat' dir='ltr'>glorientur</span> <span class='ocrx_word' id='word_1_58' title='bbox 668 648 772 678; x_wconf 90' lang='lat' dir='ltr'>nubes</span> 
     </span>
     <span class='ocr_line' id='line_1_11' title="bbox 74 692 773 739; baseline -0.014 -8"><span class='ocrx_word' id='word_1_59' title='bbox 74 701 158 739; x_wconf 84' lang='lat' dir='ltr'>quod</span> <span class='ocrx_word' id='word_1_60' title='bbox 184 701 303 730; x_wconf 86' lang='lat' dir='ltr'>imbres</span> <span class='ocrx_word' id='word_1_61' title='bbox 318 698 498 737; x_wconf 79' lang='lat' dir='ltr'>genuerint,</span> <span class='ocrx_word' id='word_1_62' title='bbox 522 696 595 734; x_wconf 86' lang='lat' dir='ltr'>quis</span> <span class='ocrx_word' id='word_1_63' title='bbox 609 702 673 724; x_wconf 91' lang='lat' dir='ltr'>non</span> <span class='ocrx_word' id='word_1_64' title='bbox 698 692 773 722; x_wconf 90' lang='lat' dir='ltr'>irri-</span> 
     </span>
     <span class='ocr_line' id='line_1_12' title="bbox 74 739 773 783; baseline -0.013 -6"><span class='ocrx_word' id='word_1_65' title='bbox 74 747 150 776; x_wconf 86' lang='lat' dir='ltr'>deat</span> <span class='ocrx_word' id='word_1_66' title='bbox 162 747 174 776; x_wconf 67' lang='grc'><em>2</em></span> <span class='ocrx_word' id='word_1_67' title='bbox 188 746 263 776; x_wconf 87' lang='lat' dir='ltr'>Mihi</span> <span class='ocrx_word' id='word_1_68' title='bbox 276 745 398 783; x_wconf 90' lang='lat' dir='ltr'>liquido</span> <span class='ocrx_word' id='word_1_69' title='bbox 414 742 556 779; x_wconf 76' lang='lat' dir='ltr'>constat,</span> <span class='ocrx_word' id='word_1_70' title='bbox 576 749 638 770; x_wconf 91' lang='lat' dir='ltr'>nec</span> <span class='ocrx_word' id='word_1_71' title='bbox 654 739 694 770; x_wconf 90' lang='lat' dir='ltr'>de</span> <span class='ocrx_word' id='word_1_72' title='bbox 718 747 773 768; x_wconf 89' lang='lat' dir='ltr'>ca-</span> 
     </span>
     <span class='ocr_line' id='line_1_13' title="bbox 73 784 773 825; baseline -0.013 -4"><span class='ocrx_word' id='word_1_73' title='bbox 73 791 200 821; x_wconf 86' lang='lat' dir='ltr'>nalibus</span> <span class='ocrx_word' id='word_1_74' title='bbox 215 790 291 820; x_wconf 86' lang='lat' dir='ltr'>oriri</span> <span class='ocrx_word' id='word_1_75' title='bbox 305 789 391 818; x_wconf 75' lang='lat' dir='ltr'>rivos</span> <span class='ocrx_word' id='word_1_76' title='bbox 406 793 573 825; x_wconf 81' lang='lat' dir='ltr'>aquarum,</span> <span class='ocrx_word' id='word_1_77' title='bbox 589 792 650 814; x_wconf 83' lang='lat' dir='ltr'>nec</span> <span class='ocrx_word' id='word_1_78' title='bbox 665 784 705 814; x_wconf 90' lang='lat' dir='ltr'>de</span> <span class='ocrx_word' id='word_1_79' title='bbox 724 784 773 813; x_wconf 91' lang='lat' dir='ltr'>la-</span> 
     </span>
     <span class='ocr_line' id='line_1_14' title="bbox 74 829 773 870; baseline -0.01 -4"><span class='ocrx_word' id='word_1_80' title='bbox 74 837 136 866; x_wconf 89' lang='lat' dir='ltr'>biis</span> <span class='ocrx_word' id='word_1_81' title='bbox 151 836 204 866; x_wconf 76' lang='lat' dir='ltr'>vel</span> <span class='ocrx_word' id='word_1_82' title='bbox 222 835 373 865; x_wconf 77' lang='lat' dir='ltr'>dentibus</span> <span class='ocrx_word' id='word_1_83' title='bbox 385 834 485 864; x_wconf 85' lang='lat' dir='ltr'>verba</span> <span class='ocrx_word' id='word_1_84' title='bbox 500 830 694 870; x_wconf 78' lang='lat' dir='ltr'>prudentiae,</span> <span class='ocrx_word' id='word_1_85' title='bbox 711 829 773 861; x_wconf 87' lang='lat' dir='ltr'>etsi</span> 
     </span>
     <span class='ocr_line' id='line_1_15' title="bbox 73 877 710 918; baseline -0.009 -7"><span class='ocrx_word' id='word_1_86' title='bbox 73 889 183 912; x_wconf 84' lang='lat' dir='ltr'>sensus</span> <span class='ocrx_word' id='word_1_87' title='bbox 198 881 283 911; x_wconf 87' lang='lat' dir='ltr'>ultra</span> <span class='ocrx_word' id='word_1_88' title='bbox 298 888 469 918; x_wconf 87' lang='lat' dir='ltr'>corporeus</span> <span class='ocrx_word' id='word_1_89' title='bbox 483 885 547 908; x_wconf 92' lang='lat' dir='ltr'>non</span> <span class='ocrx_word' id='word_1_90' title='bbox 562 877 710 915; x_wconf 81' lang='lat' dir='ltr'>attingat.</span> 
     </span>
    </p>

    <p class='ocr_par' dir='ltr' id='par_1_8' title="bbox 72 921 774 1148">
     <span class='ocr_line' id='line_1_16' title="bbox 114 921 773 965; baseline -0.009 -9"><span class='ocrx_word' id='word_1_91' title='bbox 114 927 144 956; x_wconf 85' lang='lat'>6.</span> <span class='ocrx_word' id='word_1_92' title='bbox 161 927 194 956; x_wconf 91' lang='lat' dir='ltr'>Si</span> <span class='ocrx_word' id='word_1_93' title='bbox 209 935 270 965; x_wconf 89' lang='lat' dir='ltr'>qua</span> <span class='ocrx_word' id='word_1_94' title='bbox 286 933 362 956; x_wconf 88' lang='lat' dir='ltr'>sane</span> <span class='ocrx_word' id='word_1_95' title='bbox 384 925 417 955; x_wconf 91' lang='lat' dir='ltr'>in</span> <span class='ocrx_word' id='word_1_96' title='bbox 433 924 551 955; x_wconf 87' lang='lat' dir='ltr'>sanctis</span> <span class='ocrx_word' id='word_1_97' title='bbox 566 923 662 961; x_wconf 81' lang='lat' dir='ltr'>digna</span> <span class='ocrx_word' id='word_1_98' title='bbox 679 921 773 951; x_wconf 88' lang='lat' dir='ltr'>laude</span> 
     </span>
     <span class='ocr_line' id='line_1_17' title="bbox 73 969 774 1008; baseline -0.007 -6"><span class='ocrx_word' id='word_1_99' title='bbox 73 973 126 1002; x_wconf 85' lang='lat' dir='ltr'>vel</span> <span class='ocrx_word' id='word_1_100' title='bbox 138 972 351 1002; x_wconf 78' lang='lat' dir='ltr'>admiratione</span> <span class='ocrx_word' id='word_1_101' title='bbox 364 972 509 1008; x_wconf 86' lang='lat' dir='ltr'>intueor,</span> <span class='ocrx_word' id='word_1_102' title='bbox 526 970 611 999; x_wconf 88' lang='lat' dir='ltr'>clara</span> <span class='ocrx_word' id='word_1_103' title='bbox 626 969 699 998; x_wconf 91' lang='lat' dir='ltr'>luce</span> <span class='ocrx_word' id='word_1_104' title='bbox 716 977 774 998; x_wconf 92' lang='lat' dir='ltr'>ve-</span> 
     </span>
     <span class='ocr_line' id='line_1_18' title="bbox 72 1014 774 1054; baseline -0.006 -7"><span class='ocrx_word' id='word_1_105' title='bbox 72 1017 178 1048; x_wconf 85' lang='lat' dir='ltr'>ritatis</span> <span class='ocrx_word' id='word_1_106' title='bbox 196 1016 386 1053; x_wconf 83' lang='lat' dir='ltr'>discutiens,</span> <span class='ocrx_word' id='word_1_107' title='bbox 401 1015 545 1054; x_wconf 77' lang='lat' dir='ltr'>profecto</span> <span class='ocrx_word' id='word_1_108' title='bbox 561 1014 690 1052; x_wconf 86' lang='lat' dir='ltr'>reperio</span> <span class='ocrx_word' id='word_1_109' title='bbox 702 1014 774 1043; x_wconf 86' lang='lat' dir='ltr'>lau-</span> 
     </span>
     <span class='ocr_line' id='line_1_19' title="bbox 74 1060 773 1098; baseline -0.009 -4"><span class='ocrx_word' id='word_1_110' title='bbox 74 1063 214 1094; x_wconf 90' lang='lat' dir='ltr'>dabilem</span> <span class='ocrx_word' id='word_1_111' title='bbox 222 1063 291 1092; x_wconf 86' lang='lat' dir='ltr'>sive</span> <span class='ocrx_word' id='word_1_112' title='bbox 303 1062 485 1092; x_wconf 86' lang='lat' dir='ltr'>mirabilem</span> <span class='ocrx_word' id='word_1_113' title='bbox 496 1060 596 1090; x_wconf 85' lang='lat' dir='ltr'>alium</span> <span class='ocrx_word' id='word_1_114' title='bbox 603 1067 773 1098; x_wconf 83' lang='lat' dir='ltr'>apparere,</span> 
     </span>
     <span class='ocr_line' id='line_1_20' title="bbox 73 1106 773 1148; baseline -0.007 -9"><span class='ocrx_word' id='word_1_115' title='bbox 73 1110 170 1148; x_wconf 81' lang='lat' dir='ltr'>atque</span> <span class='ocrx_word' id='word_1_116' title='bbox 199 1109 299 1139; x_wconf 90' lang='lat' dir='ltr'>alium</span> <span class='ocrx_word' id='word_1_117' title='bbox 325 1116 394 1138; x_wconf 84' lang='lat' dir='ltr'>esse</span> <span class='ocrx_word' id='word_1_118' title='bbox 410 1116 419 1137; x_wconf 71' lang='grc' dir='ltr'><strong>ε</strong></span> <span class='ocrx_word' id='word_1_119' title='bbox 438 1108 472 1137; x_wconf 88' lang='lat' dir='ltr'>et</span> <span class='ocrx_word' id='word_1_120' title='bbox 495 1106 592 1136; x_wconf 89' lang='lat' dir='ltr'>laudo</span> <span class='ocrx_word' id='word_1_121' title='bbox 606 1107 711 1135; x_wconf 87' lang='lat' dir='ltr'>Deum</span> <span class='ocrx_word' id='word_1_122' title='bbox 740 1106 773 1134; x_wconf 93' lang='lat' dir='ltr'>in</span> 
     </span>
    </p>
   </div>
   <div class='ocr_carea' id='block_1_7' title="bbox 73 1151 791 1193">
    <p class='ocr_par' dir='ltr' id='par_1_9' title="bbox 73 1151 791 1193">
     <span class='ocr_line' id='line_1_21' title="bbox 73 1151 791 1193; baseline -0.007 -8"><span class='ocrx_word' id='word_1_123' title='bbox 73 1155 192 1185; x_wconf 82' lang='lat' dir='ltr'>sanetis</span> <span class='ocrx_word' id='word_1_124' title='bbox 205 1155 280 1193; x_wconf 86' lang='lat' dir='ltr'>suis,</span> <span class='ocrx_word' id='word_1_125' title='bbox 297 1154 365 1184; x_wconf 86' lang='lat' dir='ltr'>sive</span> <span class='ocrx_word' id='word_1_126' title='bbox 391 1153 433 1183; x_wconf 84' lang='lat' dir='ltr'>sit</span> <span class='ocrx_word' id='word_1_127' title='bbox 456 1152 589 1182; x_wconf 83' lang='lat' dir='ltr'>Elisaeus</span> <span class='ocrx_word' id='word_1_128' title='bbox 601 1174 609 1189; x_wconf 92' lang='lat'>,</span> <span class='ocrx_word' id='word_1_129' title='bbox 625 1151 695 1181; x_wconf 83' lang='lat' dir='ltr'>sive</span> <span class='ocrx_word' id='word_1_130' title='bbox 719 1151 774 1180; x_wconf 91' lang='lat' dir='ltr'>ille</span> <span class='ocrx_word' id='word_1_131' title='bbox 790 1173 791 1181; x_wconf 66' lang='grc'>,</span> 
     </span>
    </p>
   </div>
   <div class='ocr_carea' id='block_1_8' title="bbox 74 1196 774 1239">
    <p class='ocr_par' dir='ltr' id='par_1_10' title="bbox 74 1196 774 1239">
     <span class='ocr_line' id='line_1_22' title="bbox 74 1196 774 1239; baseline -0.007 -9"><span class='ocrx_word' id='word_1_132' title='bbox 74 1209 208 1239; x_wconf 80' lang='lat' dir='ltr'>magnus</span> <span class='ocrx_word' id='word_1_133' title='bbox 222 1201 317 1238; x_wconf 69' lang='lat' dir='ltr'>Elias,</span> <span class='ocrx_word' id='word_1_134' title='bbox 333 1200 533 1229; x_wconf 82' lang='lat' dir='ltr'>mortuorum</span> <span class='ocrx_word' id='word_1_135' title='bbox 550 1197 662 1235; x_wconf 88' lang='lat' dir='ltr'>utique</span> <span class='ocrx_word' id='word_1_136' title='bbox 674 1196 774 1227; x_wconf 89' lang='lat' dir='ltr'>susci-</span> 
     </span>
    </p>
   </div>
   <div class='ocr_carea' id='block_1_9' title="bbox 73 1242 792 1373">
    <p class='ocr_par' dir='ltr' id='par_1_11' title="bbox 73 1242 792 1373">
     <span class='ocr_line' id='line_1_23' title="bbox 73 1242 792 1284; baseline -0.008 -8"><span class='ocrx_word' id='word_1_137' title='bbox 73 1247 204 1276; x_wconf 88' lang='lat' dir='ltr'>tatores.</span> <span class='ocrx_word' id='word_1_138' title='bbox 213 1246 276 1284; x_wconf 85' lang='lat' dir='ltr'>Ipsi</span> <span class='ocrx_word' id='word_1_139' title='bbox 285 1245 415 1284; x_wconf 82' lang='lat' dir='ltr'>quidem</span> <span class='ocrx_word' id='word_1_140' title='bbox 424 1252 480 1274; x_wconf 89' lang='lat' dir='ltr'>suo</span> <span class='ocrx_word' id='word_1_141' title='bbox 489 1251 553 1273; x_wconf 88' lang='lat' dir='ltr'>non</span> <span class='ocrx_word' id='word_1_142' title='bbox 561 1242 709 1280; x_wconf 88' lang='lat' dir='ltr'>imperio,</span> <span class='ocrx_word' id='word_1_143' title='bbox 719 1242 774 1271; x_wconf 90' lang='lat' dir='ltr'>sed</span> <span class='ocrx_word' id='word_1_144' title='bbox 789 1262 792 1275; x_wconf 64' lang='lat'>2</span> 
     </span>
     <span class='ocr_line' id='line_1_24' title="bbox 74 1288 791 1322; baseline -0.01 0"><span class='ocrx_word' id='word_1_145' title='bbox 74 1291 254 1322; x_wconf 87' lang='lat' dir='ltr'>ministerio</span> <span class='ocrx_word' id='word_1_146' title='bbox 270 1291 346 1320; x_wconf 86' lang='lat' dir='ltr'>foris</span> <span class='ocrx_word' id='word_1_147' title='bbox 365 1289 524 1319; x_wconf 77' lang='lat' dir='ltr'>exhibent</span> <span class='ocrx_word' id='word_1_148' title='bbox 540 1288 633 1317; x_wconf 87' lang='lat' dir='ltr'>nobis</span> <span class='ocrx_word' id='word_1_149' title='bbox 644 1295 725 1317; x_wconf 89' lang='lat' dir='ltr'>nova</span> <span class='ocrx_word' id='word_1_150' title='bbox 743 1288 773 1316; x_wconf 91' lang='lat' dir='ltr'>et</span> <span class='ocrx_word' id='word_1_151' title='bbox 790 1304 791 1308; x_wconf 61' lang='lat'><em>=</em></span> 
     </span>
     <span class='ocr_line' id='line_1_25' title="bbox 75 1333 792 1373; baseline -0.008 -6"><span class='ocrx_word' id='word_1_152' title='bbox 75 1338 201 1368; x_wconf 85' lang='lat' dir='ltr'>insueta</span> <span class='ocrx_word' id='word_1_153' title='bbox 213 1345 220 1365; x_wconf 73' lang='grc' dir='ltr'>ε</span> <span class='ocrx_word' id='word_1_154' title='bbox 232 1337 317 1366; x_wconf 85' lang='lat' dir='ltr'>Deus</span> <span class='ocrx_word' id='word_1_155' title='bbox 326 1344 402 1365; x_wconf 73' lang='lat' dir='ltr'>vero</span> <span class='ocrx_word' id='word_1_156' title='bbox 417 1335 449 1364; x_wconf 90' lang='lat' dir='ltr'>in</span> <span class='ocrx_word' id='word_1_157' title='bbox 467 1334 543 1373; x_wconf 90' lang='lat' dir='ltr'>ipsis</span> <span class='ocrx_word' id='word_1_158' title='bbox 558 1340 691 1362; x_wconf 85' lang='lat' dir='ltr'>manens</span> <span class='ocrx_word' id='word_1_159' title='bbox 707 1333 774 1370; x_wconf 78' lang='lat' dir='ltr'>ipse</span> <span class='ocrx_word' id='word_1_160' title='bbox 790 1344 792 1349; x_wconf 56' lang='grc'>’</span> 
     </span>
    </p>
   </div>
   <div class='ocr_carea' id='block_1_10' title="bbox 75 1379 776 1649">
    <p class='ocr_par' dir='ltr' id='par_1_12' title="bbox 75 1379 776 1649">
     <span class='ocr_line' id='line_1_26' title="bbox 75 1379 775 1421; baseline -0.007 -8"><span class='ocrx_word' id='word_1_161' title='bbox 75 1382 153 1413; x_wconf 80' lang='lat' dir='ltr'>facit</span> <span class='ocrx_word' id='word_1_162' title='bbox 170 1391 278 1421; x_wconf 86' lang='lat' dir='ltr'>opera.</span> <span class='ocrx_word' id='word_1_163' title='bbox 297 1381 473 1411; x_wconf 83' lang='lat' dir='ltr'>Invisibilis</span> <span class='ocrx_word' id='word_1_164' title='bbox 494 1381 526 1410; x_wconf 85' lang='lat' dir='ltr'>et</span> <span class='ocrx_word' id='word_1_165' title='bbox 541 1379 775 1409; x_wconf 83' lang='lat' dir='ltr'>inaccessibilis</span> 
     </span>
     <span class='ocr_line' id='line_1_27' title="bbox 75 1424 774 1465; baseline -0.007 -7"><span class='ocrx_word' id='word_1_166' title='bbox 75 1428 110 1458; x_wconf 88' lang='lat' dir='ltr'>in</span> <span class='ocrx_word' id='word_1_167' title='bbox 123 1436 169 1465; x_wconf 86' lang='lat' dir='ltr'>se,</span> <span class='ocrx_word' id='word_1_168' title='bbox 182 1429 215 1457; x_wconf 91' lang='lat' dir='ltr'>in</span> <span class='ocrx_word' id='word_1_169' title='bbox 230 1427 294 1457; x_wconf 87' lang='lat' dir='ltr'>suis</span> <span class='ocrx_word' id='word_1_170' title='bbox 307 1427 493 1465; x_wconf 85' lang='lat' dir='ltr'>spectabilis</span> <span class='ocrx_word' id='word_1_171' title='bbox 505 1428 601 1464; x_wconf 77' lang='lat' dir='ltr'>atque</span> <span class='ocrx_word' id='word_1_172' title='bbox 617 1424 774 1454; x_wconf 84' lang='lat' dir='ltr'>mirabilis</span> 
     </span>
     <span class='ocr_line' id='line_1_28' title="bbox 77 1470 776 1512; baseline -0.007 -8"><span class='ocrx_word' id='word_1_173' title='bbox 77 1475 142 1512; x_wconf 86' lang='lat' dir='ltr'>cst,</span> <span class='ocrx_word' id='word_1_174' title='bbox 158 1474 192 1504; x_wconf 88' lang='lat' dir='ltr'>et</span> <span class='ocrx_word' id='word_1_175' title='bbox 211 1474 296 1503; x_wconf 87' lang='lat' dir='ltr'>solus</span> <span class='ocrx_word' id='word_1_176' title='bbox 313 1473 489 1509; x_wconf 83' lang='lat' dir='ltr'>mirabilis,</span> <span class='ocrx_word' id='word_1_177' title='bbox 513 1471 568 1510; x_wconf 89' lang='lat' dir='ltr'>qui</span> <span class='ocrx_word' id='word_1_178' title='bbox 584 1470 662 1500; x_wconf 81' lang='lat' dir='ltr'>facit</span> <span class='ocrx_word' id='word_1_179' title='bbox 676 1470 776 1500; x_wconf 82' lang='lat' dir='ltr'>mira-</span> 
     </span>
     <span class='ocr_line' id='line_1_29' title="bbox 76 1517 775 1555; baseline -0.007 -5"><span class='ocrx_word' id='word_1_180' title='bbox 76 1519 155 1550; x_wconf 85' lang='lat' dir='ltr'>bilia</span> <span class='ocrx_word' id='word_1_181' title='bbox 169 1521 266 1550; x_wconf 87' lang='lat' dir='ltr'>solus.</span> <span class='ocrx_word' id='word_1_182' title='bbox 289 1520 352 1549; x_wconf 89' lang='lat' dir='ltr'>Nec</span> <span class='ocrx_word' id='word_1_183' title='bbox 367 1520 436 1549; x_wconf 85' lang='lat' dir='ltr'>laus</span> <span class='ocrx_word' id='word_1_184' title='bbox 451 1517 585 1555; x_wconf 79' lang='lat' dir='ltr'>calami,</span> <span class='ocrx_word' id='word_1_185' title='bbox 600 1517 775 1546; x_wconf 86' lang='lat' dir='ltr'>laudabilis</span> 
     </span>
     <span class='ocr_line' id='line_1_30' title="bbox 76 1563 776 1605; baseline -0.009 -8"><span class='ocrx_word' id='word_1_186' title='bbox 76 1568 125 1597; x_wconf 84' lang='lat' dir='ltr'>est</span> <span class='ocrx_word' id='word_1_187' title='bbox 133 1566 259 1605; x_wconf 85' lang='lat' dir='ltr'>pictura</span> <span class='ocrx_word' id='word_1_188' title='bbox 268 1565 336 1595; x_wconf 83' lang='lat' dir='ltr'>sive</span> <span class='ocrx_word' id='word_1_189' title='bbox 349 1565 523 1603; x_wconf 79' lang='lat' dir='ltr'>seriptura3</span> <span class='ocrx_word' id='word_1_190' title='bbox 533 1572 592 1593; x_wconf 90' lang='lat' dir='ltr'>nec</span> <span class='ocrx_word' id='word_1_191' title='bbox 606 1563 705 1602; x_wconf 77' lang='lat' dir='ltr'>gloria</span> <span class='ocrx_word' id='word_1_192' title='bbox 714 1563 776 1592; x_wconf 90' lang='lat' dir='ltr'>lin-</span> 
     </span>
     <span class='ocr_line' id='line_1_31' title="bbox 75 1609 775 1649; baseline -0.006 -8"><span class='ocrx_word' id='word_1_193' title='bbox 75 1619 145 1649; x_wconf 79' lang='lat' dir='ltr'>guae</span> <span class='ocrx_word' id='word_1_194' title='bbox 156 1613 212 1641; x_wconf 90' lang='lat' dir='ltr'>aut</span> <span class='ocrx_word' id='word_1_195' title='bbox 226 1611 396 1648; x_wconf 87' lang='lat' dir='ltr'>labiorum,</span> <span class='ocrx_word' id='word_1_196' title='bbox 405 1619 507 1640; x_wconf 87' lang='lat' dir='ltr'>sermo</span> <span class='ocrx_word' id='word_1_197' title='bbox 516 1610 628 1639; x_wconf 90' lang='lat' dir='ltr'>bonus.</span> <span class='ocrx_word' id='word_1_198' title='bbox 638 1609 775 1646; x_wconf 85' lang='lat' dir='ltr'>Tempus</span> 
     </span>
    </p>
   </div>
   <div class='ocr_carea' id='block_1_11' title="bbox 77 1656 793 1696">
    <p class='ocr_par' dir='ltr' id='par_1_13' title="bbox 77 1656 793 1696">
     <span class='ocr_line' id='line_1_32' title="bbox 77 1656 793 1696; baseline -0.004 -9"><span class='ocrx_word' id='word_1_199' title='bbox 77 1659 125 1688; x_wconf 80' lang='lat' dir='ltr'>est</span> <span class='ocrx_word' id='word_1_200' title='bbox 133 1657 168 1687; x_wconf 87' lang='lat' dir='ltr'>ut</span> <span class='ocrx_word' id='word_1_201' title='bbox 175 1659 208 1688; x_wconf 88' lang='lat' dir='ltr'>et</span> <span class='ocrx_word' id='word_1_202' title='bbox 219 1658 342 1696; x_wconf 87' lang='lat' dir='ltr'>Prophe</span> <span class='ocrx_word' id='word_1_203' title='bbox 348 1657 379 1687; x_wconf 90' lang='lat' dir='ltr'>ta</span> <span class='ocrx_word' id='word_1_204' title='bbox 386 1656 707 1694; x_wconf 76' lang='lat' dir='ltr'>loquatur-Numquid</span> <span class='ocrx_word' id='word_1_205' title='bbox 715 1656 776 1693; x_wconf 75' lang='lat' dir='ltr'>qlo—</span> <span class='ocrx_word' id='word_1_206' title='bbox 789 1669 793 1694; x_wconf 73' lang='lat' dir='ltr'>l</span> 
     </span>
    </p>
   </div>
   <div class='ocr_carea' id='block_1_12' title="bbox 75 1703 776 1834">
    <p class='ocr_par' dir='ltr' id='par_1_14' title="bbox 75 1703 776 1834">
     <span class='ocr_line' id='line_1_33' title="bbox 75 1703 776 1741; baseline -0.001 -8"><span class='ocrx_word' id='word_1_207' title='bbox 75 1704 220 1740; x_wconf 80' lang='lat' dir='ltr'>riabitur,</span> <span class='ocrx_word' id='word_1_208' title='bbox 228 1703 346 1741; x_wconf 88' lang='lat' dir='ltr'>inquit,</span> <span class='ocrx_word' id='word_1_209' title='bbox 356 1704 468 1733; x_wconf 73' lang='lat' dir='ltr'>securis</span> <span class='ocrx_word' id='word_1_210' title='bbox 479 1703 586 1731; x_wconf 83' lang='lat' dir='ltr'>contra</span> <span class='ocrx_word' id='word_1_211' title='bbox 595 1710 663 1730; x_wconf 82' lang='lat' dir='ltr'>eum</span> <span class='ocrx_word' id='word_1_212' title='bbox 672 1703 776 1740; x_wconf 79' lang='lat' dir='ltr'>quise-</span> 
     </span>
     <span class='ocr_line' id='line_1_34' title="bbox 78 1748 776 1785; baseline -0.003 -6"><span class='ocrx_word' id='word_1_213' title='bbox 78 1751 127 1779; x_wconf 83' lang='lat' dir='ltr'>cat</span> <span class='ocrx_word' id='word_1_214' title='bbox 139 1751 224 1785; x_wconf 79' lang='lat' dir='ltr'>inea,</span> <span class='ocrx_word' id='word_1_215' title='bbox 234 1748 578 1779; x_wconf 73' lang='lat' dir='ltr'>auteaealtabiturserra</span> <span class='ocrx_word' id='word_1_216' title='bbox 593 1749 699 1776; x_wconf 78' lang='lat' dir='ltr'>contra</span> <span class='ocrx_word' id='word_1_217' title='bbox 707 1756 776 1777; x_wconf 82' lang='lat' dir='ltr'>eum</span> 
     </span>
     <span class='ocr_line' id='line_1_35' title="bbox 78 1793 776 1834; baseline -0.004 -9"><span class='ocrx_word' id='word_1_218' title='bbox 78 1804 165 1834; x_wconf 77' lang='lat' dir='ltr'>aquo</span> <span class='ocrx_word' id='word_1_219' title='bbox 180 1795 312 1825; x_wconf 80' lang='lat' dir='ltr'>trahitur</span> <span class='ocrx_word' id='word_1_220' title='bbox 324 1794 337 1823; x_wconf 74' lang='grc' dir='ltr'><em>ἒ</em></span> <span class='ocrx_word' id='word_1_221' title='bbox 353 1794 508 1833; x_wconf 78' lang='lat' dir='ltr'>Quomodo</span> <span class='ocrx_word' id='word_1_222' title='bbox 517 1793 677 1823; x_wconf 76' lang='lat' dir='ltr'>sielevetur</span> <span class='ocrx_word' id='word_1_223' title='bbox 689 1794 776 1831; x_wconf 74' lang='lat' dir='ltr'>virqa</span> 
     </span>
    </p>
   </div>
   <div class='ocr_carea' id='block_1_13' title="bbox 1447 231 1505 261">
    <p class='ocr_par' dir='ltr' id='par_1_15' title="bbox 1447 231 1505 261">
     <span class='ocr_line' id='line_1_36' title="bbox 1447 231 1505 261; baseline 0 -1"><span class='ocrx_word' id='word_1_224' title='bbox 1447 231 1505 261; x_wconf 67' lang='lat'>4825</span> 
     </span>
    </p>
   </div>
   <div class='ocr_carea' id='block_1_14' title="bbox 786 281 1511 1868">
    <p class='ocr_par' dir='ltr' id='par_1_16' title="bbox 786 281 1511 1326">
     <span class='ocr_line' id='line_1_37' title="bbox 804 281 1505 323; baseline 0.004 -12"><span class='ocrx_word' id='word_1_225' title='bbox 804 282 862 311; x_wconf 85' lang='lat' dir='ltr'>filii</span> <span class='ocrx_word' id='word_1_226' title='bbox 872 282 1052 319; x_wconf 80' lang='lat' dir='ltr'>hominum,</span> <span class='ocrx_word' id='word_1_227' title='bbox 1063 281 1238 312; x_wconf 83' lang='lat' dir='ltr'>mendaces</span> <span class='ocrx_word' id='word_1_228' title='bbox 1253 282 1310 312; x_wconf 81' lang='lat' dir='ltr'>filii</span> <span class='ocrx_word' id='word_1_229' title='bbox 1326 283 1505 323; x_wconf 74' lang='grc' dir='ltr'><strong>11011ιί11001,</strong></span> 
     </span>
     <span class='ocr_line' id='line_1_38' title="bbox 805 327 1506 366; baseline 0.001 -9"><span class='ocrx_word' id='word_1_230' title='bbox 805 329 897 366; x_wconf 88' lang='lat' dir='ltr'>eant,</span> <span class='ocrx_word' id='word_1_231' title='bbox 916 328 949 357; x_wconf 87' lang='lat' dir='ltr'>et</span> <span class='ocrx_word' id='word_1_232' title='bbox 972 328 1140 366; x_wconf 86' lang='lat' dir='ltr'>decipiant</span> <span class='ocrx_word' id='word_1_233' title='bbox 1163 327 1225 365; x_wconf 89' lang='lat' dir='ltr'>ipsi</span> <span class='ocrx_word' id='word_1_234' title='bbox 1250 328 1289 357; x_wconf 86' lang='lat' dir='ltr'>de</span> <span class='ocrx_word' id='word_1_235' title='bbox 1316 330 1506 358; x_wconf 76' lang='lat' dir='ltr'>vanitatem</span> 
     </span>
     <span class='ocr_line' id='line_1_39' title="bbox 805 373 1508 412; baseline 0.003 -10"><span class='ocrx_word' id='word_1_236' title='bbox 805 373 957 412; x_wconf 87' lang='lat' dir='ltr'>idipsum.</span> <span class='ocrx_word' id='word_1_237' title='bbox 966 374 1046 402; x_wconf 75' lang='lat' dir='ltr'>Nam</span> <span class='ocrx_word' id='word_1_238' title='bbox 1057 373 1187 411; x_wconf 86' lang='lat' dir='ltr'>sapiens</span> <span class='ocrx_word' id='word_1_239' title='bbox 1199 373 1352 411; x_wconf 77' lang='lat' dir='ltr'>gloriator</span> <span class='ocrx_word' id='word_1_240' title='bbox 1361 375 1508 411; x_wconf 80' lang='lat' dir='ltr'>probabit</span> 
     </span>
     <span class='ocr_line' id='line_1_40' title="bbox 804 419 1507 457; baseline -0.001 -8"><span class='ocrx_word' id='word_1_241' title='bbox 804 427 883 457; x_wconf 90' lang='lat' dir='ltr'>opus</span> <span class='ocrx_word' id='word_1_242' title='bbox 903 428 1016 457; x_wconf 85' lang='lat' dir='ltr'>suum,</span> <span class='ocrx_word' id='word_1_243' title='bbox 1043 420 1141 457; x_wconf 88' lang='lat' dir='ltr'>atque</span> <span class='ocrx_word' id='word_1_244' title='bbox 1163 419 1204 448; x_wconf 91' lang='lat' dir='ltr'>ad</span> <span class='ocrx_word' id='word_1_245' title='bbox 1228 419 1339 448; x_wconf 86' lang='lat' dir='ltr'>lumen</span> <span class='ocrx_word' id='word_1_246' title='bbox 1360 419 1507 448; x_wconf 73' lang='lat' dir='ltr'>veritalis</span> 
     </span>
     <span class='ocr_line' id='line_1_41' title="bbox 804 464 1509 515; baseline -0.001 -21"><span class='ocrx_word' id='word_1_247' title='bbox 804 464 979 515; x_wconf 73' lang='lat' dir='ltr'>diligenter</span> <span class='ocrx_word' id='word_1_248' title='bbox 1006 464 1235 494; x_wconf 79' lang='lat' dir='ltr'>examinabit:</span> <span class='ocrx_word' id='word_1_249' title='bbox 1258 464 1351 494; x_wconf 80' lang='lat' dir='ltr'>etsie</span> <span class='ocrx_word' id='word_1_250' title='bbox 1374 464 1509 493; x_wconf 88' lang='lat' dir='ltr'>babebit</span> 
     </span>
     <span class='ocr_line' id='line_1_42' title="bbox 786 503 1509 549; baseline -0.003 -9"><span class='ocrx_word' id='word_1_251' title='bbox 786 503 789 529; x_wconf 74' lang='lat'><strong>¹</strong></span> <span class='ocrx_word' id='word_1_252' title='bbox 804 510 837 539; x_wconf 91' lang='lat' dir='ltr'>in</span> <span class='ocrx_word' id='word_1_253' title='bbox 854 511 1029 549; x_wconf 80' lang='lat' dir='ltr'>semetipso</span> <span class='ocrx_word' id='word_1_254' title='bbox 1046 511 1182 549; x_wconf 81' lang='lat' dir='ltr'>gloriam</span> <span class='ocrx_word' id='word_1_255' title='bbox 1194 532 1203 548; x_wconf 82' lang='lat'><strong>‚</strong></span> <span class='ocrx_word' id='word_1_256' title='bbox 1219 510 1252 540; x_wconf 92' lang='lat' dir='ltr'>et</span> <span class='ocrx_word' id='word_1_257' title='bbox 1265 518 1329 539; x_wconf 90' lang='lat' dir='ltr'>non</span> <span class='ocrx_word' id='word_1_258' title='bbox 1346 510 1380 539; x_wconf 90' lang='lat' dir='ltr'>in</span> <span class='ocrx_word' id='word_1_259' title='bbox 1396 518 1450 538; x_wconf 90' lang='lat' dir='ltr'>ore</span> <span class='ocrx_word' id='word_1_260' title='bbox 1463 510 1509 538; x_wconf 70' lang='lat' dir='ltr'>al-</span> 
     </span>
     <span class='ocr_line' id='line_1_43' title="bbox 786 555 1508 594; baseline -0.003 -9"><span class='ocrx_word' id='word_1_261' title='bbox 786 563 789 572; x_wconf 67' lang='lat'>*</span> <span class='ocrx_word' id='word_1_262' title='bbox 804 556 915 586; x_wconf 88' lang='lat' dir='ltr'>terius.</span> <span class='ocrx_word' id='word_1_263' title='bbox 927 556 1052 587; x_wconf 82' lang='lat' dir='ltr'>Stultus</span> <span class='ocrx_word' id='word_1_264' title='bbox 1066 565 1149 594; x_wconf 88' lang='lat' dir='ltr'>sum,</span> <span class='ocrx_word' id='word_1_265' title='bbox 1163 557 1189 585; x_wconf 89' lang='lat' dir='ltr'>si</span> <span class='ocrx_word' id='word_1_266' title='bbox 1199 556 1334 586; x_wconf 83' lang='lat' dir='ltr'>cistellae</span> <span class='ocrx_word' id='word_1_267' title='bbox 1347 555 1508 585; x_wconf 85' lang='lat' dir='ltr'>labiorum</span> 
     </span>
     <span class='ocr_line' id='line_1_44' title="bbox 804 600 1510 640; baseline -0.001 -11"><span class='ocrx_word' id='word_1_268' title='bbox 804 601 931 631; x_wconf 88' lang='lat' dir='ltr'>tuorum</span> <span class='ocrx_word' id='word_1_269' title='bbox 958 601 1095 640; x_wconf 80' lang='lat' dir='ltr'>gloriam</span> <span class='ocrx_word' id='word_1_270' title='bbox 1120 609 1228 631; x_wconf 89' lang='lat' dir='ltr'>meam</span> <span class='ocrx_word' id='word_1_271' title='bbox 1256 600 1428 630; x_wconf 86' lang='lat' dir='ltr'>credidero</span> <span class='ocrx_word' id='word_1_272' title='bbox 1439 621 1448 636; x_wconf 84' lang='lat'>‚</span> <span class='ocrx_word' id='word_1_273' title='bbox 1475 600 1510 628; x_wconf 91' lang='lat' dir='ltr'>et</span> 
     </span>
     <span class='ocr_line' id='line_1_45' title="bbox 804 645 1511 685; baseline -0.004 -9"><span class='ocrx_word' id='word_1_274' title='bbox 804 655 932 685; x_wconf 83' lang='lat' dir='ltr'>coepero</span> <span class='ocrx_word' id='word_1_275' title='bbox 948 648 1135 678; x_wconf 87' lang='lat' dir='ltr'>mendicare</span> <span class='ocrx_word' id='word_1_276' title='bbox 1152 656 1222 677; x_wconf 85' lang='lat' dir='ltr'>eam</span> <span class='ocrx_word' id='word_1_277' title='bbox 1236 647 1292 676; x_wconf 86' lang='lat' dir='ltr'>abs</span> <span class='ocrx_word' id='word_1_278' title='bbox 1310 647 1342 676; x_wconf 91' lang='lat' dir='ltr'>te</span> <span class='ocrx_word' id='word_1_279' title='bbox 1362 653 1435 675; x_wconf 90' lang='lat' dir='ltr'>cum</span> <span class='ocrx_word' id='word_1_280' title='bbox 1453 645 1511 674; x_wconf 85' lang='lat' dir='ltr'>ha-</span> 
     </span>
     <span class='ocr_line' id='line_1_46' title="bbox 804 692 1510 730; baseline -0.001 -10"><span class='ocrx_word' id='word_1_281' title='bbox 804 692 882 722; x_wconf 87' lang='lat' dir='ltr'>bere</span> <span class='ocrx_word' id='word_1_282' title='bbox 897 693 1044 723; x_wconf 83' lang='lat' dir='ltr'>voluero.</span> <span class='ocrx_word' id='word_1_283' title='bbox 1062 693 1173 722; x_wconf 78' lang='lat' dir='ltr'>Nonne</span> <span class='ocrx_word' id='word_1_284' title='bbox 1187 700 1305 730; x_wconf 84' lang='lat' dir='ltr'>nempe</span> <span class='ocrx_word' id='word_1_285' title='bbox 1326 692 1361 721; x_wconf 90' lang='lat' dir='ltr'>in</span> <span class='ocrx_word' id='word_1_286' title='bbox 1380 692 1436 721; x_wconf 91' lang='lat' dir='ltr'>tuo</span> <span class='ocrx_word' id='word_1_287' title='bbox 1456 698 1510 719; x_wconf 89' lang='lat' dir='ltr'>ar—</span> 
     </span>
     <span class='ocr_line' id='line_1_47' title="bbox 804 736 1509 777; baseline -0.001 -11"><span class='ocrx_word' id='word_1_288' title='bbox 804 737 901 767; x_wconf 89' lang='lat' dir='ltr'>bitrio</span> <span class='ocrx_word' id='word_1_289' title='bbox 928 739 977 768; x_wconf 90' lang='lat' dir='ltr'>est</span> <span class='ocrx_word' id='word_1_290' title='bbox 995 738 1134 777; x_wconf 85' lang='lat' dir='ltr'>probare</span> <span class='ocrx_word' id='word_1_291' title='bbox 1149 746 1202 767; x_wconf 89' lang='lat' dir='ltr'>me</span> <span class='ocrx_word' id='word_1_292' title='bbox 1212 760 1221 775; x_wconf 93' lang='lat'>,</span> <span class='ocrx_word' id='word_1_293' title='bbox 1236 738 1290 768; x_wconf 82' lang='lat' dir='ltr'>vei</span> <span class='ocrx_word' id='word_1_294' title='bbox 1305 736 1488 775; x_wconf 87' lang='lat' dir='ltr'>improbare</span> <span class='ocrx_word' id='word_1_295' title='bbox 1498 756 1509 774; x_wconf 87' lang='lat'><strong>‚</strong></span> 
     </span>
     <span class='ocr_line' id='line_1_48' title="bbox 804 783 1509 822; baseline -0.003 -9"><span class='ocrx_word' id='word_1_296' title='bbox 804 785 900 822; x_wconf 89' lang='lat' dir='ltr'>prout</span> <span class='ocrx_word' id='word_1_297' title='bbox 913 785 1058 814; x_wconf 84' lang='lat' dir='ltr'>volueris</span> <span class='ocrx_word' id='word_1_298' title='bbox 1072 784 1084 814; x_wconf 74' lang='grc' dir='ltr'><em>ἓ</em></span> <span class='ocrx_word' id='word_1_299' title='bbox 1099 785 1161 815; x_wconf 89' lang='lat' dir='ltr'>Sed</span> <span class='ocrx_word' id='word_1_300' title='bbox 1177 783 1302 814; x_wconf 84' lang='lat' dir='ltr'>retineo</span> <span class='ocrx_word' id='word_1_301' title='bbox 1323 790 1424 822; x_wconf 88' lang='lat' dir='ltr'>penes</span> <span class='ocrx_word' id='word_1_302' title='bbox 1437 789 1509 819; x_wconf 87' lang='lat' dir='ltr'>me,</span> 
     </span>
     <span class='ocr_line' id='line_1_49' title="bbox 787 827 1509 868; baseline 0 -11"><span class='ocrx_word' id='word_1_303' title='bbox 787 842 790 857; x_wconf 86' lang='lat' dir='ltr'>l</span> <span class='ocrx_word' id='word_1_304' title='bbox 805 830 873 868; x_wconf 82' lang='lat' dir='ltr'>ipse</span> <span class='ocrx_word' id='word_1_305' title='bbox 889 830 1016 860; x_wconf 83' lang='lat' dir='ltr'>fidelius</span> <span class='ocrx_word' id='word_1_306' title='bbox 1025 838 1117 860; x_wconf 85' lang='lat' dir='ltr'>servo</span> <span class='ocrx_word' id='word_1_307' title='bbox 1133 830 1226 860; x_wconf 90' lang='lat' dir='ltr'>mihi.</span> <span class='ocrx_word' id='word_1_308' title='bbox 1238 831 1339 859; x_wconf 88' lang='lat' dir='ltr'>Immo</span> <span class='ocrx_word' id='word_1_309' title='bbox 1352 837 1413 858; x_wconf 90' lang='lat' dir='ltr'>nec</span> <span class='ocrx_word' id='word_1_310' title='bbox 1424 827 1509 858; x_wconf 85' lang='grc'><strong>1111111</strong></span> 
     </span>
     <span class='ocr_line' id='line_1_50' title="bbox 805 877 1510 915; baseline -0.001 -10"><span class='ocrx_word' id='word_1_311' title='bbox 805 884 876 905; x_wconf 89' lang='lat' dir='ltr'>eam</span> <span class='ocrx_word' id='word_1_312' title='bbox 892 877 987 907; x_wconf 86' lang='lat' dir='ltr'>credo</span> <span class='ocrx_word' id='word_1_313' title='bbox 1001 885 1008 905; x_wconf 92' lang='lat'>:</span> <span class='ocrx_word' id='word_1_314' title='bbox 1035 877 1097 915; x_wconf 88' lang='lat' dir='ltr'>ipsi</span> <span class='ocrx_word' id='word_1_315' title='bbox 1119 877 1227 915; x_wconf 81' lang='lat' dir='ltr'>potius</span> <span class='ocrx_word' id='word_1_316' title='bbox 1242 883 1363 914; x_wconf 88' lang='lat' dir='ltr'>repono</span> <span class='ocrx_word' id='word_1_317' title='bbox 1377 882 1510 905; x_wconf 87' lang='lat' dir='ltr'>servan-</span> 
     </span>
     <span class='ocr_line' id='line_1_51' title="bbox 788 922 1507 961; baseline -0.003 -10"><span class='ocrx_word' id='word_1_318' title='bbox 788 922 895 961; x_wconf 78' lang='lat' dir='ltr'>.dam‚</span> <span class='ocrx_word' id='word_1_319' title='bbox 911 923 967 961; x_wconf 86' lang='lat' dir='ltr'>qui</span> <span class='ocrx_word' id='word_1_320' title='bbox 988 923 1103 961; x_wconf 87' lang='lat' dir='ltr'>potens</span> <span class='ocrx_word' id='word_1_321' title='bbox 1125 923 1174 953; x_wconf 85' lang='lat' dir='ltr'>est</span> <span class='ocrx_word' id='word_1_322' title='bbox 1199 922 1383 960; x_wconf 84' lang='lat' dir='ltr'>depositum</span> <span class='ocrx_word' id='word_1_323' title='bbox 1398 928 1507 950; x_wconf 89' lang='lat' dir='ltr'>meum</span> 
     </span>
     <span class='ocr_line' id='line_1_52' title="bbox 804 966 1509 1006; baseline -0.003 -9"><span class='ocrx_word' id='word_1_324' title='bbox 804 976 934 998; x_wconf 84' lang='lat' dir='ltr'>servare</span> <span class='ocrx_word' id='word_1_325' title='bbox 949 968 982 998; x_wconf 92' lang='lat' dir='ltr'>in</span> <span class='ocrx_word' id='word_1_326' title='bbox 995 969 1087 998; x_wconf 85' lang='lat' dir='ltr'>illum</span> <span class='ocrx_word' id='word_1_327' title='bbox 1104 968 1192 998; x_wconf 89' lang='lat' dir='ltr'>diem</span> <span class='ocrx_word' id='word_1_328' title='bbox 1203 991 1211 1006; x_wconf 87' lang='lat'>,</span> <span class='ocrx_word' id='word_1_329' title='bbox 1224 968 1337 998; x_wconf 83' lang='lat' dir='ltr'>cautus</span> <span class='ocrx_word' id='word_1_330' title='bbox 1352 967 1386 997; x_wconf 90' lang='lat' dir='ltr'>in</span> <span class='ocrx_word' id='word_1_331' title='bbox 1402 966 1509 996; x_wconf 84' lang='lat' dir='ltr'>custo-</span> 
     </span>
     <span class='ocr_line' id='line_1_53' title="bbox 806 1012 1508 1051; baseline -0.001 -10"><span class='ocrx_word' id='word_1_332' title='bbox 806 1013 941 1051; x_wconf 83' lang='lat' dir='ltr'>diendo,</span> <span class='ocrx_word' id='word_1_333' title='bbox 964 1014 1070 1044; x_wconf 88' lang='lat' dir='ltr'>fidelis</span> <span class='ocrx_word' id='word_1_334' title='bbox 1093 1014 1127 1043; x_wconf 92' lang='lat' dir='ltr'>in</span> <span class='ocrx_word' id='word_1_335' title='bbox 1147 1013 1363 1043; x_wconf 86' lang='lat' dir='ltr'>restituendo.</span> <span class='ocrx_word' id='word_1_336' title='bbox 1389 1012 1508 1047; x_wconf 84' lang='lat' dir='ltr'>Secura</span> 
     </span>
     <span class='ocr_line' id='line_1_54' title="bbox 807 1058 1509 1098; baseline -0.003 -10"><span class='ocrx_word' id='word_1_337' title='bbox 807 1060 885 1089; x_wconf 87' lang='lat' dir='ltr'>tunc</span> <span class='ocrx_word' id='word_1_338' title='bbox 898 1060 960 1090; x_wconf 91' lang='lat' dir='ltr'>erit</span> <span class='ocrx_word' id='word_1_339' title='bbox 969 1060 1145 1098; x_wconf 86' lang='lat' dir='ltr'>unicuique</span> <span class='ocrx_word' id='word_1_340' title='bbox 1154 1060 1225 1089; x_wconf 85' lang='lat' dir='ltr'>laus</span> <span class='ocrx_word' id='word_1_341' title='bbox 1237 1068 1255 1089; x_wconf 87' lang='lat' dir='ltr'>a</span> <span class='ocrx_word' id='word_1_342' title='bbox 1266 1058 1405 1097; x_wconf 81' lang='lat' dir='ltr'>Deo,liis</span> <span class='ocrx_word' id='word_1_343' title='bbox 1413 1058 1509 1087; x_wconf 92' lang='lat' dir='ltr'>dum-</span> 
     </span>
     <span class='ocr_line' id='line_1_55' title="bbox 807 1104 1509 1144; baseline -0.003 -10"><span class='ocrx_word' id='word_1_344' title='bbox 807 1106 895 1135; x_wconf 82' lang='lat' dir='ltr'>taxat</span> <span class='ocrx_word' id='word_1_345' title='bbox 915 1106 970 1144; x_wconf 87' lang='lat' dir='ltr'>qui</span> <span class='ocrx_word' id='word_1_346' title='bbox 995 1106 1151 1135; x_wconf 89' lang='lat' dir='ltr'>humanas</span> <span class='ocrx_word' id='word_1_347' title='bbox 1173 1105 1287 1135; x_wconf 85' lang='lat' dir='ltr'>laudes</span> <span class='ocrx_word' id='word_1_348' title='bbox 1307 1104 1509 1141; x_wconf 84' lang='lat' dir='ltr'>contempse-</span> 
     </span>
     <span class='ocr_line' id='line_1_56' title="bbox 806 1150 1508 1189; baseline -0.001 -10"><span class='ocrx_word' id='word_1_349' title='bbox 806 1150 882 1181; x_wconf 87' lang='lat' dir='ltr'>rint.</span> <span class='ocrx_word' id='word_1_350' title='bbox 898 1152 976 1180; x_wconf 70' lang='lat' dir='ltr'>Nam</span> <span class='ocrx_word' id='word_1_351' title='bbox 998 1151 1099 1189; x_wconf 81' lang='lat' dir='ltr'>gloria</span> <span class='ocrx_word' id='word_1_352' title='bbox 1123 1151 1158 1180; x_wconf 90' lang='lat' dir='ltr'>in</span> <span class='ocrx_word' id='word_1_353' title='bbox 1183 1150 1369 1180; x_wconf 85' lang='lat' dir='ltr'>confusione</span> <span class='ocrx_word' id='word_1_354' title='bbox 1395 1157 1508 1179; x_wconf 88' lang='lat' dir='ltr'>eorum</span> 
     </span>
     <span class='ocr_line' id='line_1_57' title="bbox 789 1195 1509 1237; baseline -0.003 -11"><span class='ocrx_word' id='word_1_355' title='bbox 789 1220 792 1237; x_wconf 71' lang='lat'>,</span> <span class='ocrx_word' id='word_1_356' title='bbox 806 1196 861 1234; x_wconf 89' lang='lat' dir='ltr'>qui</span> <span class='ocrx_word' id='word_1_357' title='bbox 878 1197 1010 1227; x_wconf 88' lang='lat' dir='ltr'>terrena</span> <span class='ocrx_word' id='word_1_358' title='bbox 1026 1196 1168 1235; x_wconf 85' lang='lat' dir='ltr'>sapiunt,</span> <span class='ocrx_word' id='word_1_359' title='bbox 1185 1196 1313 1226; x_wconf 87' lang='lat' dir='ltr'>dicente</span> <span class='ocrx_word' id='word_1_360' title='bbox 1327 1195 1426 1225; x_wconf 86' lang='lat' dir='ltr'>etiam</span> <span class='ocrx_word' id='word_1_361' title='bbox 1445 1195 1509 1224; x_wconf 91' lang='lat' dir='ltr'>Da-</span> 
     </span>
     <span class='ocr_line' id='line_1_58' title="bbox 806 1241 1509 1281; baseline -0.001 -11"><span class='ocrx_word' id='word_1_362' title='bbox 806 1241 878 1271; x_wconf 84' lang='lat' dir='ltr'>vid:</span> <span class='ocrx_word' id='word_1_363' title='bbox 896 1244 955 1281; x_wconf 71' lang='lat' dir='ltr'>Qui</span> <span class='ocrx_word' id='word_1_364' title='bbox 969 1243 1140 1273; x_wconf 76' lang='lat' dir='ltr'>hominibus</span> <span class='ocrx_word' id='word_1_365' title='bbox 1153 1243 1287 1280; x_wconf 80' lang='lat' dir='ltr'>placent,</span> <span class='ocrx_word' id='word_1_366' title='bbox 1301 1241 1509 1279; x_wconf 76' lang='lat' dir='ltr'>consusz&#39;sunt,</span> 
     </span>
     <span class='ocr_line' id='line_1_59' title="bbox 807 1289 1250 1326; baseline 0 -10"><span class='ocrx_word' id='word_1_367' title='bbox 807 1289 953 1325; x_wconf 80' lang='lat' dir='ltr'>quoniam</span> <span class='ocrx_word' id='word_1_368' title='bbox 967 1290 1050 1318; x_wconf 79' lang='lat' dir='ltr'>Deus</span> <span class='ocrx_word' id='word_1_369' title='bbox 1064 1289 1174 1326; x_wconf 69' lang='lat' dir='ltr'>sprevit</span> <span class='ocrx_word' id='word_1_370' title='bbox 1189 1296 1250 1317; x_wconf 84' lang='lat' dir='ltr'>eos.</span> 
     </span>
    </p>

    <p class='ocr_par' dir='ltr' id='par_1_17' title="bbox 788 1332 1510 1868">
     <span class='ocr_line' id='line_1_60' title="bbox 847 1332 1510 1371; baseline -0.005 -8"><span class='ocrx_word' id='word_1_371' title='bbox 847 1334 877 1362; x_wconf 89' lang='lat'>7.</span> <span class='ocrx_word' id='word_1_372' title='bbox 893 1334 1031 1371; x_wconf 85' lang='lat' dir='ltr'>Fratres,</span> <span class='ocrx_word' id='word_1_373' title='bbox 1057 1333 1084 1363; x_wconf 89' lang='lat' dir='ltr'>si</span> <span class='ocrx_word' id='word_1_374' title='bbox 1110 1333 1178 1363; x_wconf 87' lang='lat' dir='ltr'>baec</span> <span class='ocrx_word' id='word_1_375' title='bbox 1194 1332 1300 1370; x_wconf 84' lang='lat' dir='ltr'>scitis,</span> <span class='ocrx_word' id='word_1_376' title='bbox 1323 1339 1420 1361; x_wconf 91' lang='lat' dir='ltr'>nemo</span> <span class='ocrx_word' id='word_1_377' title='bbox 1436 1338 1510 1361; x_wconf 70' lang='lat' dir='ltr'>ves·-</span> 
     </span>
     <span class='ocr_line' id='line_1_61' title="bbox 808 1375 1507 1414; baseline -0.006 -6"><span class='ocrx_word' id='word_1_378' title='bbox 808 1379 892 1408; x_wconf 86' lang='lat' dir='ltr'>trum</span> <span class='ocrx_word' id='word_1_379' title='bbox 917 1379 999 1409; x_wconf 89' lang='lat' dir='ltr'>velit</span> <span class='ocrx_word' id='word_1_380' title='bbox 1023 1378 1149 1409; x_wconf 88' lang='lat' dir='ltr'>laudari</span> <span class='ocrx_word' id='word_1_381' title='bbox 1178 1378 1213 1407; x_wconf 89' lang='lat' dir='ltr'>in</span> <span class='ocrx_word' id='word_1_382' title='bbox 1228 1378 1296 1407; x_wconf 88' lang='lat' dir='ltr'>vita</span> <span class='ocrx_word' id='word_1_383' title='bbox 1318 1377 1379 1407; x_wconf 85' lang='lat' dir='ltr'>ista</span> <span class='ocrx_word' id='word_1_384' title='bbox 1400 1385 1408 1405; x_wconf 89' lang='lat'>:</span> <span class='ocrx_word' id='word_1_385' title='bbox 1431 1375 1507 1414; x_wconf 89' lang='lat' dir='ltr'>quia</span> 
     </span>
     <span class='ocr_line' id='line_1_62' title="bbox 789 1421 1509 1462; baseline -0.006 -8"><span class='ocrx_word' id='word_1_386' title='bbox 789 1427 792 1438; x_wconf 89' lang='grc'><em>“</em></span> <span class='ocrx_word' id='word_1_387' title='bbox 806 1424 960 1462; x_wconf 83' lang='lat' dir='ltr'>quicquid</span> <span class='ocrx_word' id='word_1_388' title='bbox 986 1424 1040 1454; x_wconf 91' lang='lat' dir='ltr'>hic</span> <span class='ocrx_word' id='word_1_389' title='bbox 1066 1423 1187 1454; x_wconf 82' lang='lat' dir='ltr'>favoris</span> <span class='ocrx_word' id='word_1_390' title='bbox 1215 1423 1325 1460; x_wconf 82' lang='lat' dir='ltr'>captas</span> <span class='ocrx_word' id='word_1_391' title='bbox 1352 1421 1439 1460; x_wconf 86' lang='lat' dir='ltr'>quod</span> <span class='ocrx_word' id='word_1_392' title='bbox 1468 1421 1509 1450; x_wconf 87' lang='lat' dir='ltr'>ad</span> 
     </span>
     <span class='ocr_line' id='line_1_63' title="bbox 807 1467 1509 1508; baseline -0.004 -9"><span class='ocrx_word' id='word_1_393' title='bbox 807 1471 910 1501; x_wconf 90' lang='lat' dir='ltr'>Deum</span> <span class='ocrx_word' id='word_1_394' title='bbox 923 1478 989 1500; x_wconf 92' lang='lat' dir='ltr'>non</span> <span class='ocrx_word' id='word_1_395' title='bbox 1011 1470 1182 1508; x_wconf 83' lang='lat' dir='ltr'>retuleris,</span> <span class='ocrx_word' id='word_1_396' title='bbox 1206 1469 1267 1506; x_wconf 74' lang='lat' dir='ltr'>ipsi</span> <span class='ocrx_word' id='word_1_397' title='bbox 1289 1468 1416 1498; x_wconf 81' lang='lat' dir='ltr'>furaris.</span> <span class='ocrx_word' id='word_1_398' title='bbox 1436 1467 1509 1496; x_wconf 88' lang='lat' dir='ltr'>Tibi</span> 
     </span>
     <span class='ocr_line' id='line_1_64' title="bbox 807 1513 1509 1555; baseline -0.006 -9"><span class='ocrx_word' id='word_1_399' title='bbox 807 1516 895 1546; x_wconf 90' lang='lat' dir='ltr'>enim</span> <span class='ocrx_word' id='word_1_400' title='bbox 910 1517 997 1547; x_wconf 92' lang='lat' dir='ltr'>unde</span> <span class='ocrx_word' id='word_1_401' title='bbox 1014 1517 1133 1555; x_wconf 82' lang='lat' dir='ltr'>gloria,</span> <span class='ocrx_word' id='word_1_402' title='bbox 1156 1515 1270 1554; x_wconf 86' lang='lat' dir='ltr'>putide</span> <span class='ocrx_word' id='word_1_403' title='bbox 1292 1514 1419 1553; x_wconf 78' lang='lat' dir='ltr'>pulvis,</span> <span class='ocrx_word' id='word_1_404' title='bbox 1445 1513 1509 1543; x_wconf 90' lang='lat' dir='ltr'>tibi</span> 
     </span>
     <span class='ocr_line' id='line_1_65' title="bbox 806 1559 1509 1598; baseline -0.006 -6"><span class='ocrx_word' id='word_1_405' title='bbox 806 1562 916 1592; x_wconf 80' lang='lat' dir='ltr'>unde?</span> <span class='ocrx_word' id='word_1_406' title='bbox 931 1564 976 1593; x_wconf 91' lang='lat' dir='ltr'>De</span> <span class='ocrx_word' id='word_1_407' title='bbox 989 1563 1065 1592; x_wconf 74' lang='lat' dir='ltr'>vitae</span> <span class='ocrx_word' id='word_1_408' title='bbox 1077 1562 1250 1592; x_wconf 85' lang='lat' dir='ltr'>sanctitate</span> <span class='ocrx_word' id='word_1_409' title='bbox 1265 1561 1277 1591; x_wconf 74' lang='grc' dir='ltr'>’ἐ</span> <span class='ocrx_word' id='word_1_410' title='bbox 1293 1561 1354 1591; x_wconf 88' lang='lat' dir='ltr'>Sed</span> <span class='ocrx_word' id='word_1_411' title='bbox 1370 1559 1509 1598; x_wconf 87' lang='lat' dir='ltr'>Spiritus</span> 
     </span>
     <span class='ocr_line' id='line_1_66' title="bbox 807 1607 1508 1647; baseline -0.004 -10"><span class='ocrx_word' id='word_1_412' title='bbox 807 1608 856 1637; x_wconf 87' lang='lat' dir='ltr'>est</span> <span class='ocrx_word' id='word_1_413' title='bbox 871 1609 926 1647; x_wconf 93' lang='lat' dir='ltr'>qui</span> <span class='ocrx_word' id='word_1_414' title='bbox 953 1609 1148 1646; x_wconf 84' lang='lat' dir='ltr'>sanctificat,</span> <span class='ocrx_word' id='word_1_415' title='bbox 1175 1608 1308 1646; x_wconf 87' lang='lat' dir='ltr'>spiritus</span> <span class='ocrx_word' id='word_1_416' title='bbox 1333 1607 1417 1644; x_wconf 79' lang='lat' dir='ltr'>dico,</span> <span class='ocrx_word' id='word_1_417' title='bbox 1443 1613 1508 1635; x_wconf 90' lang='lat' dir='ltr'>non</span> 
     </span>
     <span class='ocr_line' id='line_1_67' title="bbox 807 1651 1509 1692; baseline -0.003 -9"><span class='ocrx_word' id='word_1_418' title='bbox 807 1655 893 1692; x_wconf 86' lang='lat' dir='ltr'>tuus,</span> <span class='ocrx_word' id='word_1_419' title='bbox 921 1655 978 1685; x_wconf 85' lang='lat' dir='ltr'>sed</span> <span class='ocrx_word' id='word_1_420' title='bbox 992 1655 1064 1684; x_wconf 91' lang='lat' dir='ltr'>Dei.</span> <span class='ocrx_word' id='word_1_421' title='bbox 1081 1654 1147 1684; x_wconf 91' lang='lat' dir='ltr'>Etsi</span> <span class='ocrx_word' id='word_1_422' title='bbox 1171 1653 1328 1692; x_wconf 77' lang='lat' dir='ltr'>prodigiis</span> <span class='ocrx_word' id='word_1_423' title='bbox 1352 1660 1388 1682; x_wconf 83' lang='lat' dir='ltr'>ac</span> <span class='ocrx_word' id='word_1_424' title='bbox 1409 1651 1509 1688; x_wconf 80' lang='lat' dir='ltr'>signis</span> 
     </span>
     <span class='ocr_line' id='line_1_68' title="bbox 788 1697 1508 1762; baseline -0.004 -33"><span class='ocrx_word' id='word_1_425' title='bbox 788 1700 793 1762; x_wconf 51' lang='grc' dir='ltr'><strong>ἶ</strong></span> <span class='ocrx_word' id='word_1_426' title='bbox 808 1701 971 1739; x_wconf 61' lang='lat' dir='ltr'>effulgeas,</span> <span class='ocrx_word' id='word_1_427' title='bbox 988 1701 1022 1730; x_wconf 91' lang='lat' dir='ltr'>in</span> <span class='ocrx_word' id='word_1_428' title='bbox 1030 1709 1128 1731; x_wconf 86' lang='lat' dir='ltr'>manu</span> <span class='ocrx_word' id='word_1_429' title='bbox 1139 1701 1195 1731; x_wconf 87' lang='lat' dir='ltr'>tua</span> <span class='ocrx_word' id='word_1_430' title='bbox 1209 1700 1301 1737; x_wconf 85' lang='lat' dir='ltr'>fiunt,</span> <span class='ocrx_word' id='word_1_431' title='bbox 1318 1698 1374 1729; x_wconf 90' lang='lat' dir='ltr'>sed</span> <span class='ocrx_word' id='word_1_432' title='bbox 1386 1697 1508 1728; x_wconf 86' lang='lat' dir='ltr'>virtute</span> 
     </span>
     <span class='ocr_line' id='line_1_69' title="bbox 791 1743 1508 1784; baseline -0.003 -9"><span class='ocrx_word' id='word_1_433' title='bbox 791 1766 793 1784; x_wconf 49' lang='lat'>2</span> <span class='ocrx_word' id='word_1_434' title='bbox 806 1747 878 1776; x_wconf 79' lang='lat' dir='ltr'>Dei,</span> <span class='ocrx_word' id='word_1_435' title='bbox 894 1748 942 1776; x_wconf 85' lang='lat' dir='ltr'>An</span> <span class='ocrx_word' id='word_1_436' title='bbox 956 1746 1296 1784; x_wconf 88' lang='lat' dir='ltr'>blanditurpopularis</span> <span class='ocrx_word' id='word_1_437' title='bbox 1310 1745 1410 1782; x_wconf 81' lang='lat' dir='ltr'>favor,</span> <span class='ocrx_word' id='word_1_438' title='bbox 1423 1743 1508 1782; x_wconf 88' lang='lat' dir='ltr'>quod</span> 
     </span>
     <span class='ocr_line' id='line_1_70' title="bbox 791 1788 1508 1830; baseline -0.004 -9"><span class='ocrx_word' id='word_1_439' title='bbox 791 1788 794 1830; x_wconf 60' lang='lat' dir='ltr'>l</span> <span class='ocrx_word' id='word_1_440' title='bbox 808 1793 942 1822; x_wconf 91' lang='lat' dir='ltr'>verbum</span> <span class='ocrx_word' id='word_1_441' title='bbox 955 1793 1088 1830; x_wconf 83' lang='lat' dir='ltr'>honum,</span> <span class='ocrx_word' id='word_1_442' title='bbox 1105 1794 1138 1823; x_wconf 90' lang='lat' dir='ltr'>et</span> <span class='ocrx_word' id='word_1_443' title='bbox 1146 1792 1228 1822; x_wconf 86' lang='lat' dir='ltr'>forte</span> <span class='ocrx_word' id='word_1_444' title='bbox 1242 1792 1325 1821; x_wconf 90' lang='lat' dir='ltr'>bene</span> <span class='ocrx_word' id='word_1_445' title='bbox 1335 1791 1508 1828; x_wconf 85' lang='lat' dir='ltr'>depromp-</span> 
     </span>
     <span class='ocr_line' id='line_1_71' title="bbox 807 1836 1508 1868; baseline -0.006 0"><span class='ocrx_word' id='word_1_446' title='bbox 807 1838 911 1868; x_wconf 76' lang='lat' dir='ltr'>seris?</span> <span class='ocrx_word' id='word_1_447' title='bbox 939 1838 1001 1868; x_wconf 81' lang='lat' dir='ltr'>Sed</span> <span class='ocrx_word' id='word_1_448' title='bbox 1026 1838 1170 1868; x_wconf 86' lang='lat' dir='ltr'>Christus</span> <span class='ocrx_word' id='word_1_449' title='bbox 1186 1837 1320 1867; x_wconf 84' lang='lat' dir='ltr'>donavit</span> <span class='ocrx_word' id='word_1_450' title='bbox 1345 1844 1379 1866; x_wconf 87' lang='lat' dir='ltr'>os</span> <span class='ocrx_word' id='word_1_451' title='bbox 1404 1836 1438 1865; x_wconf 91' lang='lat' dir='ltr'>et</span> <span class='ocrx_word' id='word_1_452' title='bbox 1457 1843 1508 1865; x_wconf 84' lang='lat' dir='ltr'>sa-</span> 
     </span>
    </p>
   </div>
   <div class='ocr_carea' id='block_1_15' title="bbox 787 466 793 1470">
    <p class='ocr_par' dir='ltr' id='par_1_18' title="bbox 787 466 793 1470">
     <span class='ocr_line' id='line_1_72' title="bbox 787 466 793 1470; baseline 0 0"><span class='ocrx_word' id='word_1_453' title='bbox 787 466 793 1470; x_wconf 95' lang='lat' dir='ltr'> </span> 
     </span>
    </p>
   </div>
   <div class='ocr_carea' id='block_1_16' title="bbox 76 1838 1510 2475">
    <p class='ocr_par' dir='ltr' id='par_1_19' title="bbox 76 1838 1510 2475">
     <span class='ocr_line' id='line_1_73' title="bbox 77 1838 792 1876; baseline -0.001 -6"><span class='ocrx_word' id='word_1_454' title='bbox 77 1843 186 1870; x_wconf 58' lang='grc'><strong>0011110</strong></span> <span class='ocrx_word' id='word_1_455' title='bbox 197 1841 359 1870; x_wconf 69' lang='lat' dir='ltr'>elevantem</span> <span class='ocrx_word' id='word_1_456' title='bbox 373 1848 402 1869; x_wconf 85' lang='lat' dir='ltr'>se</span> <span class='ocrx_word' id='word_1_457' title='bbox 414 1860 424 1876; x_wconf 83' lang='lat'>‚</span> <span class='ocrx_word' id='word_1_458' title='bbox 440 1840 467 1868; x_wconf 84' lang='lat' dir='ltr'>et</span> <span class='ocrx_word' id='word_1_459' title='bbox 482 1838 635 1868; x_wconf 75' lang='lat' dir='ltr'>exaltetur</span> <span class='ocrx_word' id='word_1_460' title='bbox 653 1838 777 1869; x_wconf 76' lang='lat' dir='ltr'>baculus</span> <span class='ocrx_word' id='word_1_461' title='bbox 791 1843 792 1849; x_wconf 65' lang='lat'>¹</span> 
     </span>
     <span class='ocr_line' id='line_1_74' title="bbox 79 1880 1506 1925; baseline -0.004 -9"><span class='ocrx_word' id='word_1_462' title='bbox 79 1887 375 1925; x_wconf 65' lang='lat' dir='ltr'>quintiquelifflmm</span> <span class='ocrx_word' id='word_1_463' title='bbox 390 1887 458 1915; x_wconf 80' lang='lat' dir='ltr'>est.-</span> <span class='ocrx_word' id='word_1_464' title='bbox 479 1885 521 1914; x_wconf 78' lang='lat' dir='ltr'>sic</span> <span class='ocrx_word' id='word_1_465' title='bbox 546 1886 654 1914; x_wconf 81' lang='lat' dir='ltr'>contra</span> <span class='ocrx_word' id='word_1_466' title='bbox 668 1886 776 1914; x_wconf 78' lang='lat' dir='ltr'>Domi·</span> <span class='ocrx_word' id='word_1_467' title='bbox 807 1883 975 1922; x_wconf 87' lang='lat' dir='ltr'>pientiam.</span> <span class='ocrx_word' id='word_1_468' title='bbox 999 1884 1077 1913; x_wconf 87' lang='lat' dir='ltr'>Nam</span> <span class='ocrx_word' id='word_1_469' title='bbox 1102 1884 1214 1922; x_wconf 83' lang='lat' dir='ltr'>lingua</span> <span class='ocrx_word' id='word_1_470' title='bbox 1242 1881 1299 1912; x_wconf 87' lang='lat' dir='ltr'>tua</span> <span class='ocrx_word' id='word_1_471' title='bbox 1324 1881 1416 1920; x_wconf 88' lang='lat' dir='ltr'>quid,</span> <span class='ocrx_word' id='word_1_472' title='bbox 1444 1880 1506 1911; x_wconf 83' lang='lat' dir='ltr'>nisi</span> 
     </span>
     <span class='ocr_line' id='line_1_75' title="bbox 76 1927 1508 1969; baseline -0.003 -8"><span class='ocrx_word' id='word_1_473' title='bbox 76 1941 149 1961; x_wconf 75' lang='lat' dir='ltr'>‘num</span> <span class='ocrx_word' id='word_1_474' title='bbox 161 1932 319 1969; x_wconf 77' lang='lat' dir='ltr'>omnisqui</span> <span class='ocrx_word' id='word_1_475' title='bbox 326 1932 488 1969; x_wconf 25' lang='lat' dir='ltr'>qloriatuvr,</span> <span class='ocrx_word' id='word_1_476' title='bbox 498 1931 525 1959; x_wconf 72' lang='grc' dir='ltr'>εἰ</span> <span class='ocrx_word' id='word_1_477' title='bbox 532 1938 593 1958; x_wconf 83' lang='grc'><strong>11011</strong></span> <span class='ocrx_word' id='word_1_478' title='bbox 603 1931 634 1958; x_wconf 76' lang='lat' dir='ltr'>in</span> <span class='ocrx_word' id='word_1_479' title='bbox 643 1930 776 1959; x_wconf 78' lang='lat' dir='ltr'>Domino</span> <span class='ocrx_word' id='word_1_480' title='bbox 790 1927 794 1941; x_wconf 90' lang='lat'><strong><em>¹</em></strong></span> <span class='ocrx_word' id='word_1_481' title='bbox 807 1930 949 1960; x_wconf 88' lang='lat' dir='ltr'>calamus</span> <span class='ocrx_word' id='word_1_482' title='bbox 968 1929 1104 1960; x_wconf 73' lang='lat' dir='ltr'>scribae?</span> <span class='ocrx_word' id='word_1_483' title='bbox 1125 1930 1163 1959; x_wconf 84' lang='lat' dir='ltr'>Et</span> <span class='ocrx_word' id='word_1_484' title='bbox 1183 1929 1243 1958; x_wconf 87' lang='lat' dir='ltr'>hoc</span> <span class='ocrx_word' id='word_1_485' title='bbox 1264 1927 1373 1966; x_wconf 87' lang='lat' dir='ltr'>ipsum</span> <span class='ocrx_word' id='word_1_486' title='bbox 1396 1928 1508 1957; x_wconf 86' lang='lat' dir='ltr'>mutuo</span> 
     </span>
     <span class='ocr_line' id='line_1_76' title="bbox 78 1973 1509 2026; baseline -0.003 -20"><span class='ocrx_word' id='word_1_487' title='bbox 78 1978 234 2015; x_wconf 81' lang='lat' dir='ltr'>qlorietur.</span> <span class='ocrx_word' id='word_1_488' title='bbox 249 1976 280 2005; x_wconf 89' lang='lat' dir='ltr'>Si</span> <span class='ocrx_word' id='word_1_489' title='bbox 297 1975 498 2013; x_wconf 78' lang='lat' dir='ltr'>gloriandum</span> <span class='ocrx_word' id='word_1_490' title='bbox 514 1975 573 2011; x_wconf 85' lang='lat' dir='ltr'>est,</span> <span class='ocrx_word' id='word_1_491' title='bbox 589 1975 708 2004; x_wconf 85' lang='lat' dir='ltr'>Paulus</span> <span class='ocrx_word' id='word_1_492' title='bbox 723 1976 970 2026; x_wconf 58' lang='grc' dir='ltr'><strong>11]οῚ3000111511.</strong></span> <span class='ocrx_word' id='word_1_493' title='bbox 988 1976 1160 2006; x_wconf 85' lang='lat' dir='ltr'>Talentum</span> <span class='ocrx_word' id='word_1_494' title='bbox 1182 1974 1342 2005; x_wconf 91' lang='lat' dir='ltr'>creditum</span> <span class='ocrx_word' id='word_1_495' title='bbox 1367 1973 1432 2011; x_wconf 85' lang='lat' dir='ltr'>est,</span> <span class='ocrx_word' id='word_1_496' title='bbox 1455 1981 1509 2002; x_wconf 91' lang='lat' dir='ltr'>re-</span> 
     </span>
     <span class='ocr_line' id='line_1_77' title="bbox 77 2019 1508 2071; baseline -0.003 -19"><span class='ocrx_word' id='word_1_497' title='bbox 77 2022 187 2052; x_wconf 87' lang='lat' dir='ltr'>doeuit</span> <span class='ocrx_word' id='word_1_498' title='bbox 201 2021 299 2059; x_wconf 85' lang='lat' dir='ltr'>unde,</span> <span class='ocrx_word' id='word_1_499' title='bbox 316 2021 397 2051; x_wconf 85' lang='lat' dir='ltr'>etin</span> <span class='ocrx_word' id='word_1_500' title='bbox 413 2029 487 2059; x_wconf 88' lang='lat' dir='ltr'>quo.</span> <span class='ocrx_word' id='word_1_501' title='bbox 504 2021 631 2057; x_wconf 84' lang='lat' dir='ltr'>Gloria,</span> <span class='ocrx_word' id='word_1_502' title='bbox 657 2019 774 2058; x_wconf 86' lang='lat' dir='ltr'>inquit,</span> <span class='ocrx_word' id='word_1_503' title='bbox 791 2022 981 2071; x_wconf 88' lang='lat' dir='ltr'>petendum</span> <span class='ocrx_word' id='word_1_504' title='bbox 992 2031 1065 2052; x_wconf 88' lang='lat' dir='ltr'>eum</span> <span class='ocrx_word' id='word_1_505' title='bbox 1078 2029 1185 2052; x_wconf 83' lang='lat' dir='ltr'>usura.</span> <span class='ocrx_word' id='word_1_506' title='bbox 1195 2021 1227 2050; x_wconf 90' lang='lat' dir='ltr'>Si</span> <span class='ocrx_word' id='word_1_507' title='bbox 1243 2020 1396 2050; x_wconf 84' lang='lat' dir='ltr'>inventus</span> <span class='ocrx_word' id='word_1_508' title='bbox 1408 2019 1508 2050; x_wconf 84' lang='lat' dir='ltr'>fueris</span> 
     </span>
     <span class='ocr_line' id='line_1_78' title="bbox 77 2055 1507 2106; baseline -0.003 -9"><span class='ocrx_word' id='word_1_509' title='bbox 77 2070 184 2098; x_wconf 78' lang='lat' dir='ltr'>nostra</span> <span class='ocrx_word' id='word_1_510' title='bbox 199 2067 262 2097; x_wconf 80' lang='lat' dir='ltr'>hoec</span> <span class='ocrx_word' id='word_1_511' title='bbox 276 2069 337 2105; x_wconf 81' lang='lat' dir='ltr'>est,</span> <span class='ocrx_word' id='word_1_512' title='bbox 359 2067 564 2097; x_wconf 76' lang='lat' dir='ltr'>testimonium</span> <span class='ocrx_word' id='word_1_513' title='bbox 588 2067 792 2100; x_wconf 60' lang='lat' dir='ltr'>conscientae</span> <span class='ocrx_word' id='word_1_514' title='bbox 791 2055 845 2096; x_wconf 86' lang='lat' dir='ltr'>ad</span> <span class='ocrx_word' id='word_1_515' title='bbox 857 2063 1507 2106; x_wconf 81' lang='lat' dir='ltr'>opusimpiger,adfructumreferendum</span> 
     </span>
     <span class='ocr_line' id='line_1_79' title="bbox 78 2101 1509 2176; baseline -0.002 -33"><span class='ocrx_word' id='word_1_516' title='bbox 78 2115 201 2143; x_wconf 77' lang='lat' dir='ltr'>nostroe.</span> <span class='ocrx_word' id='word_1_517' title='bbox 217 2113 354 2143; x_wconf 86' lang='lat' dir='ltr'>Securus</span> <span class='ocrx_word' id='word_1_518' title='bbox 379 2112 514 2150; x_wconf 83' lang='lat' dir='ltr'>glorior,</span> <span class='ocrx_word' id='word_1_519' title='bbox 540 2111 566 2142; x_wconf 88' lang='lat' dir='ltr'>si</span> <span class='ocrx_word' id='word_1_520' title='bbox 596 2112 682 2142; x_wconf 79' lang='lat' dir='ltr'>teste</span> <span class='ocrx_word' id='word_1_521' title='bbox 698 2120 792 2142; x_wconf 89' lang='lat' dir='ltr'>con-</span> <span class='ocrx_word' id='word_1_522' title='bbox 791 2136 792 2176; x_wconf 39' lang='lat'>}</span> <span class='ocrx_word' id='word_1_523' title='bbox 791 2101 928 2150; x_wconf 83' lang='lat' dir='ltr'>fidelis,</span> <span class='ocrx_word' id='word_1_524' title='bbox 951 2121 1009 2151; x_wconf 88' lang='lat' dir='ltr'>pro</span> <span class='ocrx_word' id='word_1_525' title='bbox 1024 2113 1113 2142; x_wconf 84' lang='lat' dir='ltr'>labor</span> <span class='ocrx_word' id='word_1_526' title='bbox 1115 2121 1132 2142; x_wconf 91' lang='lat' dir='ltr'>e</span> <span class='ocrx_word' id='word_1_527' title='bbox 1147 2112 1203 2142; x_wconf 89' lang='lat' dir='ltr'>tuo</span> <span class='ocrx_word' id='word_1_528' title='bbox 1221 2111 1405 2141; x_wconf 83' lang='lat' dir='ltr'>mercedem</span> <span class='ocrx_word' id='word_1_529' title='bbox 1425 2110 1509 2140; x_wconf 83' lang='lat' dir='ltr'>acci-</span> 
     </span>
     <span class='ocr_line' id='line_1_80' title="bbox 78 2157 1509 2198; baseline -0.002 -9"><span class='ocrx_word' id='word_1_530' title='bbox 78 2159 214 2190; x_wconf 82' lang='lat' dir='ltr'>scientia</span> <span class='ocrx_word' id='word_1_531' title='bbox 225 2159 265 2189; x_wconf 89' lang='lat' dir='ltr'>de</span> <span class='ocrx_word' id='word_1_532' title='bbox 282 2160 381 2197; x_wconf 77' lang='lat' dir='ltr'>gloria</span> <span class='ocrx_word' id='word_1_533' title='bbox 395 2159 574 2189; x_wconf 83' lang='lat' dir='ltr'>conditoris</span> <span class='ocrx_word' id='word_1_534' title='bbox 591 2159 676 2188; x_wconf 90' lang='grc'><strong>1111111</strong></span> <span class='ocrx_word' id='word_1_535' title='bbox 693 2160 792 2189; x_wconf 90' lang='lat' dir='ltr'>mihi</span> <span class='ocrx_word' id='word_1_536' title='bbox 791 2159 887 2198; x_wconf 84' lang='lat' dir='ltr'>pies</span> <span class='ocrx_word' id='word_1_537' title='bbox 905 2158 936 2188; x_wconf 87' lang='lat' dir='ltr'>Si</span> <span class='ocrx_word' id='word_1_538' title='bbox 957 2167 1020 2197; x_wconf 87' lang='lat' dir='ltr'>quo</span> <span class='ocrx_word' id='word_1_539' title='bbox 1037 2159 1157 2196; x_wconf 79' lang='lat' dir='ltr'>minus,</span> <span class='ocrx_word' id='word_1_540' title='bbox 1172 2158 1308 2188; x_wconf 84' lang='lat' dir='ltr'>tolletur</span> <span class='ocrx_word' id='word_1_541' title='bbox 1321 2165 1339 2187; x_wconf 92' lang='lat' dir='ltr'>a</span> <span class='ocrx_word' id='word_1_542' title='bbox 1354 2158 1387 2187; x_wconf 89' lang='lat' dir='ltr'>te</span> <span class='ocrx_word' id='word_1_543' title='bbox 1403 2157 1509 2186; x_wconf 85' lang='lat' dir='ltr'>talen-</span> 
     </span>
     <span class='ocr_line' id='line_1_81' title="bbox 80 2203 1506 2255; baseline -0.002 -20"><span class='ocrx_word' id='word_1_544' title='bbox 80 2214 218 2243; x_wconf 82' lang='lat' dir='ltr'>usurpo3</span> <span class='ocrx_word' id='word_1_545' title='bbox 235 2214 367 2235; x_wconf 89' lang='lat' dir='ltr'>securus</span> <span class='ocrx_word' id='word_1_546' title='bbox 381 2205 495 2255; x_wconf 70' lang='lat' dir='ltr'>plane,</span> <span class='ocrx_word' id='word_1_547' title='bbox 519 2205 594 2242; x_wconf 90' lang='lat' dir='ltr'>quia</span> <span class='ocrx_word' id='word_1_548' title='bbox 621 2205 687 2242; x_wconf 58' lang='lat' dir='ltr'>giam</span> <span class='ocrx_word' id='word_1_549' title='bbox 711 2208 792 2235; x_wconf 91' lang='lat' dir='ltr'>non</span> <span class='ocrx_word' id='word_1_550' title='bbox 791 2207 893 2243; x_wconf 88' lang='lat' dir='ltr'>tum,</span> <span class='ocrx_word' id='word_1_551' title='bbox 909 2204 943 2235; x_wconf 88' lang='lat' dir='ltr'>et</span> <span class='ocrx_word' id='word_1_552' title='bbox 958 2204 1170 2234; x_wconf 88' lang='lat' dir='ltr'>nihilominus</span> <span class='ocrx_word' id='word_1_553' title='bbox 1188 2203 1338 2241; x_wconf 79' lang='lat' dir='ltr'>exigetur</span> <span class='ocrx_word' id='word_1_554' title='bbox 1359 2203 1506 2241; x_wconf 81' lang='lat' dir='ltr'>lucrum,</span> 
     </span>
     <span class='ocr_line' id='line_1_82' title="bbox 80 2241 1506 2305; baseline -0.001 -25"><span class='ocrx_word' id='word_1_555' title='bbox 80 2251 189 2281; x_wconf 86' lang='lat' dir='ltr'>contra</span> <span class='ocrx_word' id='word_1_556' title='bbox 204 2251 395 2289; x_wconf 84' lang='lat' dir='ltr'>Dominum,</span> <span class='ocrx_word' id='word_1_557' title='bbox 411 2251 467 2281; x_wconf 87' lang='lat' dir='ltr'>sed</span> <span class='ocrx_word' id='word_1_558' title='bbox 486 2250 520 2280; x_wconf 88' lang='lat' dir='ltr'>in</span> <span class='ocrx_word' id='word_1_559' title='bbox 534 2251 683 2280; x_wconf 89' lang='lat' dir='ltr'>Domino.</span> <span class='ocrx_word' id='word_1_560' title='bbox 701 2241 793 2281; x_wconf 64' lang='lat' dir='ltr'>Haec*</span> <span class='ocrx_word' id='word_1_561' title='bbox 790 2251 841 2305; x_wconf 86' lang='lat' dir='ltr'>et</span> <span class='ocrx_word' id='word_1_562' title='bbox 855 2251 1025 2282; x_wconf 79' lang='lat' dir='ltr'>vocaberis</span> <span class='ocrx_word' id='word_1_563' title='bbox 1039 2259 1151 2280; x_wconf 86' lang='lat' dir='ltr'>servus</span> <span class='ocrx_word' id='word_1_564' title='bbox 1178 2258 1320 2288; x_wconf 84' lang='lat' dir='ltr'>nequam</span> <span class='ocrx_word' id='word_1_565' title='bbox 1346 2250 1381 2279; x_wconf 87' lang='lat' dir='ltr'>et</span> <span class='ocrx_word' id='word_1_566' title='bbox 1402 2249 1506 2287; x_wconf 82' lang='lat' dir='ltr'>piger.</span> 
     </span>
     <span class='ocr_line' id='line_1_83' title="bbox 80 2281 1510 2345; baseline -0.002 -18"><span class='ocrx_word' id='word_1_567' title='bbox 80 2296 173 2327; x_wconf 89' lang='lat' dir='ltr'>nobis</span> <span class='ocrx_word' id='word_1_568' title='bbox 187 2296 336 2334; x_wconf 79' lang='lat' dir='ltr'>gloriatio</span> <span class='ocrx_word' id='word_1_569' title='bbox 350 2304 414 2326; x_wconf 91' lang='lat' dir='ltr'>non</span> <span class='ocrx_word' id='word_1_570' title='bbox 428 2296 531 2325; x_wconf 85' lang='lat' dir='ltr'>solum</span> <span class='ocrx_word' id='word_1_571' title='bbox 546 2304 611 2325; x_wconf 91' lang='lat' dir='ltr'>non</span> <span class='ocrx_word' id='word_1_572' title='bbox 624 2281 793 2345; x_wconf 81' lang='lat' dir='ltr'>prohibe·¹</span> <span class='ocrx_word' id='word_1_573' title='bbox 806 2297 916 2327; x_wconf 87' lang='lat' dir='ltr'>Omnis</span> <span class='ocrx_word' id='word_1_574' title='bbox 930 2296 1030 2335; x_wconf 80' lang='lat' dir='ltr'>igitur</span> <span class='ocrx_word' id='word_1_575' title='bbox 1048 2296 1087 2326; x_wconf 89' lang='lat' dir='ltr'>de</span> <span class='ocrx_word' id='word_1_576' title='bbox 1100 2296 1194 2326; x_wconf 88' lang='lat' dir='ltr'>bonis</span> <span class='ocrx_word' id='word_1_577' title='bbox 1214 2294 1422 2325; x_wconf 84' lang='lat' dir='ltr'>multiformis</span> <span class='ocrx_word' id='word_1_578' title='bbox 1437 2303 1510 2333; x_wconf 78' lang='lat' dir='ltr'>gra-</span> 
     </span>
     <span class='ocr_line' id='line_1_84' title="bbox 80 2318 1507 2402; baseline -0.001 -30"><span class='ocrx_word' id='word_1_579' title='bbox 80 2343 146 2379; x_wconf 85' lang='lat' dir='ltr'>tur,</span> <span class='ocrx_word' id='word_1_580' title='bbox 158 2341 258 2371; x_wconf 90' lang='lat' dir='ltr'>sedet</span> <span class='ocrx_word' id='word_1_581' title='bbox 280 2342 443 2379; x_wconf 84' lang='lat' dir='ltr'>suadetur,</span> <span class='ocrx_word' id='word_1_582' title='bbox 459 2350 532 2371; x_wconf 89' lang='lat' dir='ltr'>cum</span> <span class='ocrx_word' id='word_1_583' title='bbox 548 2341 685 2372; x_wconf 86' lang='lat' dir='ltr'>dicitur:</span> <span class='ocrx_word' id='word_1_584' title='bbox 703 2318 860 2402; x_wconf 35' lang='lat' dir='ltr'>Gla-*tiae</span> <span class='ocrx_word' id='word_1_585' title='bbox 884 2342 1072 2381; x_wconf 87' lang='lat' dir='ltr'>apparentis</span> <span class='ocrx_word' id='word_1_586' title='bbox 1099 2341 1134 2371; x_wconf 90' lang='lat' dir='ltr'>in</span> <span class='ocrx_word' id='word_1_587' title='bbox 1158 2341 1251 2371; x_wconf 88' lang='lat' dir='ltr'>vobis</span> <span class='ocrx_word' id='word_1_588' title='bbox 1277 2340 1439 2370; x_wconf 79' lang='lat' dir='ltr'>referatur</span> <span class='ocrx_word' id='word_1_589' title='bbox 1467 2341 1507 2371; x_wconf 89' lang='lat' dir='ltr'>ad</span> 
     </span>
     <span class='ocr_line' id='line_1_85' title="bbox 81 2385 1506 2427; baseline -0.003 -9"><span class='ocrx_word' id='word_1_590' title='bbox 81 2389 161 2418; x_wconf 83' lang='lat' dir='ltr'>riam</span> <span class='ocrx_word' id='word_1_591' title='bbox 176 2387 215 2417; x_wconf 88' lang='lat' dir='ltr'>ab</span> <span class='ocrx_word' id='word_1_592' title='bbox 230 2388 354 2417; x_wconf 74' lang='lat' dir='ltr'>invicem</span> <span class='ocrx_word' id='word_1_593' title='bbox 366 2389 512 2425; x_wconf 62' lang='lat' dir='ltr'>quaeritis,</span> <span class='ocrx_word' id='word_1_594' title='bbox 523 2389 551 2417; x_wconf 85' lang='lat' dir='ltr'>et</span> <span class='ocrx_word' id='word_1_595' title='bbox 565 2388 694 2426; x_wconf 77' lang='lat' dir='ltr'>qlorz&#39;am</span> <span class='ocrx_word' id='word_1_596' title='bbox 710 2398 776 2427; x_wconf 76' lang='lat' dir='ltr'>quae</span> <span class='ocrx_word' id='word_1_597' title='bbox 808 2397 915 2426; x_wconf 76' lang='lat' dir='ltr'>ipsum</span> <span class='ocrx_word' id='word_1_598' title='bbox 930 2388 1017 2425; x_wconf 77' lang='lat' dir='ltr'>laus,</span> <span class='ocrx_word' id='word_1_599' title='bbox 1033 2387 1247 2418; x_wconf 86' lang='lat' dir='ltr'>laudabilium</span> <span class='ocrx_word' id='word_1_600' title='bbox 1261 2386 1423 2424; x_wconf 83' lang='lat' dir='ltr'>siquidem</span> <span class='ocrx_word' id='word_1_601' title='bbox 1434 2385 1506 2415; x_wconf 88' lang='lat' dir='ltr'>uni-</span> 
     </span>
     <span class='ocr_line' id='line_1_86' title="bbox 82 2405 1505 2475; baseline -0.002 -12"><span class='ocrx_word' id='word_1_602' title='bbox 82 2443 101 2463; x_wconf 87' lang='lat' dir='ltr'><em>a</em></span> <span class='ocrx_word' id='word_1_603' title='bbox 112 2433 174 2463; x_wconf 78' lang='lat' dir='ltr'>solo</span> <span class='ocrx_word' id='word_1_604' title='bbox 190 2434 252 2463; x_wconf 81' lang='lat' dir='ltr'>Deo</span> <span class='ocrx_word' id='word_1_605' title='bbox 265 2433 308 2462; x_wconf 81' lang='lat' dir='ltr'>est</span> <span class='ocrx_word' id='word_1_606' title='bbox 318 2441 380 2462; x_wconf 78' lang='lat' dir='ltr'>non</span> <span class='ocrx_word' id='word_1_607' title='bbox 389 2433 490 2463; x_wconf 77' lang='lat' dir='ltr'>vultis.</span> <span class='ocrx_word' id='word_1_608' title='bbox 506 2433 631 2462; x_wconf 86' lang='lat' dir='ltr'>Revera</span> <span class='ocrx_word' id='word_1_609' title='bbox 646 2434 775 2471; x_wconf 77' lang='lat' dir='ltr'>gloriari</span> <span class='ocrx_word' id='word_1_610' title='bbox 790 2405 794 2475; x_wconf 50' lang='lat'>⁴</span> <span class='ocrx_word' id='word_1_611' title='bbox 809 2442 973 2464; x_wconf 83' lang='lat' dir='ltr'>versorum</span> <span class='ocrx_word' id='word_1_612' title='bbox 989 2433 1152 2464; x_wconf 86' lang='lat' dir='ltr'>auctorem</span> <span class='ocrx_word' id='word_1_613' title='bbox 1175 2432 1209 2462; x_wconf 89' lang='lat' dir='ltr'>et</span> <span class='ocrx_word' id='word_1_614' title='bbox 1236 2432 1440 2471; x_wconf 79' lang='lat' dir='ltr'>largitorem3</span> <span class='ocrx_word' id='word_1_615' title='bbox 1458 2431 1505 2460; x_wconf 84' lang='lat' dir='ltr'>id-</span> 
     </span>
    </p>
   </div>
   <div class='ocr_carea' id='block_1_17' title="bbox 81 2478 777 2708">
    <p class='ocr_par' dir='ltr' id='par_1_20' title="bbox 81 2478 777 2708">
     <span class='ocr_line' id='line_1_87' title="bbox 81 2478 776 2515; baseline 0.003 -6"><span class='ocrx_word' id='word_1_616' title='bbox 81 2479 115 2509; x_wconf 89' lang='lat' dir='ltr'>in</span> <span class='ocrx_word' id='word_1_617' title='bbox 127 2479 192 2508; x_wconf 80' lang='lat' dir='ltr'>solo</span> <span class='ocrx_word' id='word_1_618' title='bbox 208 2478 287 2515; x_wconf 88' lang='lat' dir='ltr'>Deo,</span> <span class='ocrx_word' id='word_1_619' title='bbox 304 2485 366 2507; x_wconf 88' lang='lat' dir='ltr'>non</span> <span class='ocrx_word' id='word_1_620' title='bbox 379 2478 440 2507; x_wconf 91' lang='lat' dir='ltr'>nisi</span> <span class='ocrx_word' id='word_1_621' title='bbox 452 2486 471 2508; x_wconf 88' lang='lat' dir='ltr'>a</span> <span class='ocrx_word' id='word_1_622' title='bbox 481 2479 546 2508; x_wconf 89' lang='lat' dir='ltr'>solo</span> <span class='ocrx_word' id='word_1_623' title='bbox 561 2479 627 2508; x_wconf 90' lang='lat' dir='ltr'>Deo</span> <span class='ocrx_word' id='word_1_624' title='bbox 642 2480 701 2509; x_wconf 89' lang='lat' dir='ltr'>est.</span> <span class='ocrx_word' id='word_1_625' title='bbox 713 2480 776 2511; x_wconf 89' lang='lat' dir='ltr'>Nec</span> 
     </span>
     <span class='ocr_line' id='line_1_88' title="bbox 81 2523 776 2565; baseline 0.003 -11"><span class='ocrx_word' id='word_1_626' title='bbox 81 2524 252 2554; x_wconf 77' lang='lat' dir='ltr'>inediocris</span> <span class='ocrx_word' id='word_1_627' title='bbox 264 2524 323 2553; x_wconf 89' lang='lat' dir='ltr'>ista</span> <span class='ocrx_word' id='word_1_628' title='bbox 338 2523 449 2562; x_wconf 75' lang='lat' dir='ltr'>gloria,</span> <span class='ocrx_word' id='word_1_629' title='bbox 471 2524 591 2562; x_wconf 89' lang='lat' dir='ltr'>quippe</span> <span class='ocrx_word' id='word_1_630' title='bbox 607 2525 672 2554; x_wconf 89' lang='lat' dir='ltr'>tam</span> <span class='ocrx_word' id='word_1_631' title='bbox 686 2534 776 2565; x_wconf 83' lang='lat' dir='ltr'>vera,</span> 
     </span>
     <span class='ocr_line' id='line_1_89' title="bbox 82 2571 777 2610; baseline 0.001 -8"><span class='ocrx_word' id='word_1_632' title='bbox 82 2580 177 2610; x_wconf 86' lang='lat' dir='ltr'>quam</span> <span class='ocrx_word' id='word_1_633' title='bbox 199 2572 238 2601; x_wconf 82' lang='lat' dir='ltr'>(le</span> <span class='ocrx_word' id='word_1_634' title='bbox 259 2571 415 2609; x_wconf 79' lang='lat' dir='ltr'>veritate,</span> <span class='ocrx_word' id='word_1_635' title='bbox 438 2572 471 2601; x_wconf 91' lang='lat' dir='ltr'>et</span> <span class='ocrx_word' id='word_1_636' title='bbox 492 2571 526 2601; x_wconf 88' lang='lat' dir='ltr'>in</span> <span class='ocrx_word' id='word_1_637' title='bbox 546 2572 685 2602; x_wconf 85' lang='lat' dir='ltr'>veritate</span> <span class='ocrx_word' id='word_1_638' title='bbox 710 2573 777 2603; x_wconf 90' lang='lat' dir='ltr'>tam</span> 
     </span>
     <span class='ocr_line' id='line_1_90' title="bbox 83 2617 777 2656; baseline 0.003 -9"><span class='ocrx_word' id='word_1_639' title='bbox 83 2626 173 2656; x_wconf 84' lang='lat' dir='ltr'>rara,</span> <span class='ocrx_word' id='word_1_640' title='bbox 195 2618 231 2648; x_wconf 89' lang='lat' dir='ltr'>ut</span> <span class='ocrx_word' id='word_1_641' title='bbox 252 2618 309 2648; x_wconf 78' lang='lat' dir='ltr'>vix</span> <span class='ocrx_word' id='word_1_642' title='bbox 328 2618 380 2648; x_wconf 86' lang='lat' dir='ltr'>vel</span> <span class='ocrx_word' id='word_1_643' title='bbox 395 2617 541 2656; x_wconf 84' lang='lat' dir='ltr'>paucitas</span> <span class='ocrx_word' id='word_1_644' title='bbox 561 2617 777 2656; x_wconf 79' lang='lat' dir='ltr'>perfectorum</span> 
     </span>
     <span class='ocr_line' id='line_1_91' title="bbox 86 2662 777 2708; baseline 0.006 -16"><span class='ocrx_word' id='word_1_645' title='bbox 86 2662 227 2708; x_wconf 76' lang='lat' dir='ltr'>perfecte</span> <span class='ocrx_word' id='word_1_646' title='bbox 243 2663 398 2702; x_wconf 77' lang='lat' dir='ltr'>glorietur</span> <span class='ocrx_word' id='word_1_647' title='bbox 409 2663 443 2694; x_wconf 88' lang='lat' dir='ltr'>in</span> <span class='ocrx_word' id='word_1_648' title='bbox 455 2671 504 2695; x_wconf 86' lang='lat' dir='ltr'>ea.</span> <span class='ocrx_word' id='word_1_649' title='bbox 520 2663 599 2695; x_wconf 83' lang='lat' dir='ltr'>Eant</span> <span class='ocrx_word' id='word_1_650' title='bbox 615 2671 688 2703; x_wconf 79' lang='lat' dir='ltr'>ergo</span> <span class='ocrx_word' id='word_1_651' title='bbox 702 2665 777 2696; x_wconf 79' lang='lat' dir='ltr'>vani</span> 
     </span>
    </p>
   </div>
   <div class='ocr_carea' id='block_1_18' title="bbox 808 2478 1508 2704">
    <p class='ocr_par' dir='ltr' id='par_1_21' title="bbox 808 2478 1508 2704">
     <span class='ocr_line' id='line_1_92' title="bbox 808 2478 1508 2519; baseline -0.006 -9"><span class='ocrx_word' id='word_1_652' title='bbox 808 2489 870 2519; x_wconf 90' lang='lat' dir='ltr'>que</span> <span class='ocrx_word' id='word_1_653' title='bbox 882 2488 945 2510; x_wconf 94' lang='lat' dir='ltr'>non</span> <span class='ocrx_word' id='word_1_654' title='bbox 961 2480 1046 2517; x_wconf 84' lang='lat' dir='ltr'>ficte,</span> <span class='ocrx_word' id='word_1_655' title='bbox 1059 2478 1331 2518; x_wconf 87' lang='lat' dir='ltr'>quemadmodum</span> <span class='ocrx_word' id='word_1_656' title='bbox 1353 2479 1392 2507; x_wconf 92' lang='lat' dir='ltr'>ab</span> <span class='ocrx_word' id='word_1_657' title='bbox 1406 2478 1508 2515; x_wconf 84' lang='lat' dir='ltr'>hypo-</span> 
     </span>
     <span class='ocr_line' id='line_1_93' title="bbox 809 2523 1504 2564; baseline -0.009 -8"><span class='ocrx_word' id='word_1_658' title='bbox 809 2526 917 2564; x_wconf 71' lang='lat' dir='ltr'>critis,</span> <span class='ocrx_word' id='word_1_659' title='bbox 940 2534 1001 2556; x_wconf 89' lang='lat' dir='ltr'>nec</span> <span class='ocrx_word' id='word_1_660' title='bbox 1023 2526 1089 2556; x_wconf 84' lang='lat' dir='ltr'>sola</span> <span class='ocrx_word' id='word_1_661' title='bbox 1112 2524 1360 2560; x_wconf 86' lang='lat' dir='ltr'>consuetudine,</span> <span class='ocrx_word' id='word_1_662' title='bbox 1384 2523 1468 2551; x_wconf 82' lang='lat' dir='ltr'>sicut</span> <span class='ocrx_word' id='word_1_663' title='bbox 1488 2529 1504 2550; x_wconf 85' lang='lat' dir='ltr'>a</span> 
     </span>
     <span class='ocr_line' id='line_1_94' title="bbox 811 2565 1506 2610; baseline -0.012 -8"><span class='ocrx_word' id='word_1_664' title='bbox 811 2572 1039 2610; x_wconf 77' lang='lat' dir='ltr'>saecularibu53</span> <span class='ocrx_word' id='word_1_665' title='bbox 1059 2570 1116 2601; x_wconf 90' lang='lat' dir='ltr'>sed</span> <span class='ocrx_word' id='word_1_666' title='bbox 1140 2578 1201 2601; x_wconf 88' lang='lat' dir='ltr'>nec</span> <span class='ocrx_word' id='word_1_667' title='bbox 1223 2567 1415 2599; x_wconf 85' lang='lat' dir='ltr'>necessitate</span> <span class='ocrx_word' id='word_1_668' title='bbox 1433 2565 1506 2604; x_wconf 87' lang='lat' dir='ltr'>qui-</span> 
     </span>
     <span class='ocr_line' id='line_1_95' title="bbox 811 2612 1507 2657; baseline -0.013 -8"><span class='ocrx_word' id='word_1_669' title='bbox 811 2619 904 2657; x_wconf 86' lang='lat' dir='ltr'>dem,</span> <span class='ocrx_word' id='word_1_670' title='bbox 933 2619 970 2649; x_wconf 91' lang='lat' dir='ltr'>ut</span> <span class='ocrx_word' id='word_1_671' title='bbox 1003 2616 1150 2656; x_wconf 85' lang='lat' dir='ltr'>jumenta</span> <span class='ocrx_word' id='word_1_672' title='bbox 1183 2614 1324 2646; x_wconf 86' lang='lat' dir='ltr'>ferendis</span> <span class='ocrx_word' id='word_1_673' title='bbox 1355 2612 1507 2643; x_wconf 87' lang='lat' dir='ltr'>oneribus</span> 
     </span>
     <span class='ocr_line' id='line_1_96' title="bbox 812 2657 1506 2704; baseline -0.013 -9"><span class='ocrx_word' id='word_1_674' title='bbox 812 2664 1035 2704; x_wconf 85' lang='lat' dir='ltr'>applicantur:</span> <span class='ocrx_word' id='word_1_675' title='bbox 1065 2662 1121 2694; x_wconf 83' lang='lat' dir='ltr'>sed</span> <span class='ocrx_word' id='word_1_676' title='bbox 1150 2662 1232 2691; x_wconf 80' lang='lat' dir='ltr'>sicut</span> <span class='ocrx_word' id='word_1_677' title='bbox 1249 2659 1340 2690; x_wconf 88' lang='lat' dir='ltr'>decet</span> <span class='ocrx_word' id='word_1_678' title='bbox 1362 2657 1506 2694; x_wconf 86' lang='lat' dir='ltr'>sanctos,</span> 
     </span>
    </p>
   </div>
  </div>
 </body>
</html>
