1846 3078
302 214 364 244 550
771 219 801 246 s.

490 278 660 314 SERMO
687 282 810 314 Lxlr.

299 354 378 386 Quid
388 355 424 380 sit
435 355 560 380 animam
574 357 685 380 fidelem
701 355 877 379 commorari
891 355 920 378 in
939 352 1006 383 forw-

329 393 440 416 mi'nibus
456 396 551 423 petram
571 396 597 417 et
617 392 687 423 quid
704 393 732 414 in
751 393 862 414 cavernis
880 392 1001 414 maoerioe.

328 426 369 451 De
388 428 438 452 Dei
458 429 604 452 voluntate
626 428 717 458 polius
746 433 835 456 quam
863 427 1004 456 majestate

329 461 490 487 scrutanda.
504 464 632 493 Denique
650 462 682 484 de
695 462 819 491 puritate
831 462 933 485 mentis
950 468 1003 485 ne—

326 499 441 522 cessaria
451 499 486 522 ad
499 498 730 529 praedicationem
743 496 873 520 veritalis.

341 553 372 584 {-
389 555 539 586 Columba
552 563 620 584 mea
636 554 667 583 in
677 552 883 591 foraminibus
893 554 1001 592 petroe,

294 600 329 628 in
344 602 480 631 cavernis
496 600 650 629 alacer-ise.
666 599 736 627 Non
757 598 882 627 tantum
905 599 939 627 in
956 598 1002 628 fo-

295 646 476 677 raminibus
484 645 584 682 petrae
597 645 704 673 tutum
715 644 839 681 reperit
851 644 1000 674 columba

295 691 458 729 refugium
473 697 481 717 :
498 688 621 726 reperit
636 688 713 719 etin
728 689 876 719 cavernis
893 697 999 719 mace-

295 738 366 767 1110.
385 735 477 773 Quod
491 734 518 763 si
530 736 700 765 maceriam
725 743 790 765 non
812 735 998 773 congeriem

294 782 438 820 lapidum
447 801 456 817 ,
467 779 523 809 sed
535 781 720 809 sanctorum
737 781 999 811 communionem

294 827 489 864 accipimus,
505 825 675 855 videamus
686 834 728 856 ne
744 825 826 856 forte
844 834 999 857 cavernas

292 872 442 902 maceriae
456 871 578 901 dixerit:
592 872 788 909 Angelorum
798 894 807 909 ‚
821 872 876 910 qui
889 873 929 902 ob
945 881 999 902 su-

291 918 439 955 perbiam
463 918 546 955 lapsi
574 918 672 955 sunt,
690 917 761 947 loca
777 917 870 955 quasi
895 926 998 948 vacua

292 963 449 993 derelicta
466 972 474 992 z
491 963 613 1001 quippe
641 971 713 1001 quae
737 963 860 1001 repleri
881 971 923 993 ex
940 964 999 993 ho-

289 1008 433 1038 minibus
464 1008 606 1045 habent,
631 1008 798 1045 tamquam
829 1008 933 1038 ruinae
957 1008 997 1038 de

289 1053 452 1091 lapidibus
466 1053 552 1083 vivis
574 1053 774 1084 reficiendae.
791 1053 884 1083 Unde
912 1053 997 1092 Apo-

289 1099 391 1128 stolus
418 1099 534 1129 Petrus
555 1108 563 1128 :
586 1100 784 1136 Accedeffles,
810 1099 937 1138 inquit,
958 1101 997 1130 ad

290 1145 423 1182 lapidem
447 1146 550 1175 vicum
559 1166 569 1182 ‚
583 1147 610 1175 et
624 1145 682 1183 ipsi
697 1147 857 1184 tamquam
881 1146 997 1184 lapides

289 1193 349 1222 rici
369 1192 673 1230 supercedificamini,
688 1192 793 1221 domos
809 1192 994 1229 spirituales.

287 1237 351 1266 Nec
375 1238 454 1275 puto
480 1236 520 1266 ab
549 1244 584 1266 re
615 1244 704 1274 esse,
726 1236 753 1266 si
778 1235 996 1274 intelligimus

288 1283 482 1320 Angelorum
499 1282 678 1312 custodiam
702 1282 811 1312 vicem
835 1282 995 1312 exhibere

287 1329 435 1358 maceriae
452 1328 486 1358 in
502 1328 599 1358 vinea
616 1328 767 1367 Domini,
780 1337 852 1367 quae
871 1330 920 1359 est
935 1329 995 1358 Ec-

290 1374 389 1403 clesia
423 1374 728 1412 praedestinatorum
739 1397 748 1412 ,
778 1383 853 1403 cum
878 1375 994 1404 Paulus

292 1420 307 1447 ‹ss
318 1420 377 1449 :cat
393 1428 401 1448 τ
419 1421 529 1449 Nonne
541 1429 645 1449 omnes
660 1421 919 1450 administratorii
932 1422 993 1459 spi-

288 1466 368 1494 011115
383 1467 475 1501 sunt,
495 1466 578 1495 missi
595 1466 627 1494 in
643 1466 846 1495 ministerium
871 1468 994 1503 propter

287 1519 355 1546 eos,
371 1512 424 1548 qui
437 1510 645 1540 lzoeredilatem
662 1512 786 1548 capiunt
805 1511 936 1541 salutis?
957 1513 993 1540 Et

286 1556 447 1593 propheta
464 1564 471 1584 :
495 1557 636 1585 lnmnmt
655 1557 789 1594 Anqelus
810 1557 939 1586 Domini
962 1557 991 1585 in

285 1603 416 1631 circuitu
431 1603 603 1631 tiinentz'mn
618 1611 699 1631 eum.
716 1602 754 1630 Et
771 1602 859 1636 si-ita
881 1602 991 1639 sedet,

287 1646 353 1676 erit
381 1655 513 1684 50115115,
538 1647 615 1684 quia
640 1647 817 1676 Ecclesiam
847 1647 992 1685 tempore

285 1692 319 1722 et
342 1692 412 1721 loco
450 1692 722 1730 peregrinationis
749 1700 814 1722 suae
846 1692 918 1722 dum
941 1700 992 1722 res

285 1738 493 1767 consolentur
509 1738 571 1767 :de
596 1737 764 1775 praeterito
779 1738 913 1776 quidem
926 1746 993 1767 me-

286 1783 389 1812 moria
403 1783 563 1813 Passionis
579 1784 697 1813 Christi
712 1792 719 1812 :
737 1783 776 1814 (10
800 1783 910 1813 futuro
935 1792 993 1813 au-

286 1830 350 1858 tem
361 1850 371 1866 ,
398 1829 483 1867 quod
518 1837 552 1858 se
581 1829 616 1858 in
652 1830 774 1859 sortem
803 1829 877 1858 saw
889 1830 990 1859 torum

285 1875 406 1912 cogitat
421 1876 454 1904 et
480 1874 614 1904 confidit
637 1875 873 1913 recipiendam.
891 1876 990 1905 Ambo

286 1920 371 1958 11300,
385 1921 491 1951 veluti
507 1922 582 1950 ante
595 1923 627 1951 et
641 1923 728 1951 reiro
745 1922 871 1951 oculata
883 1943 892 1959 ,
908 1922 992 1951 insa-

287 1965 392 1995 tiabili
417 1966 581 1996 desiderio
597 1967 830 1996 contueturzet
855 1970 991 2004 uterque

284 2010 334 2039 illi
358 2011 498 2042 intuitus
517 2011 690 2041 admodum
707 2014 836 2050 gratus,
852 2013 991 2051 uterque

285 2056 335 2085 est
347 2056 395 2085 illi
407 2056 568 2095 refugium
583 2065 600 2086 a
612 2057 824 2087 tribulatione
836 2058 991 2087 malorum

284 2102 316 2130 et
332 2101 454 2131 dolore.
471 2103 601 2139 Integra
621 2103 797 2132 consolatio
809 2126 818 2141 ,
833 2111 906 2132 011111
924 2111 988 2132 11011

284 2147 388 2175 50111111
410 2147 487 2185 quid
503 2148 565 2178 sibi
587 2149 863 2186 exspectandum,
884 2149 942 2178 sed
959 2150 991 2179 01

284 2192 370 2221 unde
388 2192 420 2221 id
435 2193 475 2223 sit
490 2194 755 2232 praesumendum
770 2195 908 2224 noverit.
931 2196 992 2224 Ex—

283 2237 441 2274 spectatio
469 2239 541 2269 laeta
556 2248 617 2269 1100
643 2239 761 2277 dubia,
780 2248 851 2278 quae
874 2240 989 2270 Christi

282 2284 388 2312 morte
414 2284 538 2314 firmata
555 2287 614 2315 est.
632 2287 693 2315 Cur
717 2288 836 2324 paveat
849 2286 887 2315 ad
904 2294 988 2323 prae-

283 2328 343 2357 mii
369 2330 647 2369 magnitudinem,
668 2341 739 2369 quae
756 2331 855 2370 pretii
885 2331 990 2369 digni-

282 2375 384 2403 tatem
401 2375 602 2406 considerat?
622 2378 724 2413 Quam
753 2378 860 2408 libens
879 2378 988 2407 mente

284 2418 398 2449 invisit
425 2419 582 2449 foramina
595 2443 604 2458 ,
620 2430 678 2458 per
703 2432 774 2460 quae
790 2423 853 2452 sibi
883 2431 989 2452 sacro-

285 2464 388 2494 sancti
409 2465 575 2502 sanguinis
591 2467 735 2503 pretium
754 2468 869 2498 fluxit!
886 2469 988 2506 Quam

284 2508 389 2539 libens
414 2517 569 2540 cavernas
590 2512 812 2550 perambulat,
831 2515 865 2542 et
880 2514 989 2543 diver-

283 2553 365 2583 soria
376 2575 386 2591 ,
404 2554 438 2583 et
448 2554 650 2593 mansiones,
666 2564 737 2592 quae
753 2558 828 2585 511111
843 2557 877 2586 111
892 2558 987 2587 domo

283 2598 386 2628 Patris
401 2598 511 2627 multae
533 2599 632 2637 atque
648 2599 785 2629 diversae
796 2621 805 2637 ,
822 2601 856 2629 in
870 2601 988 2638 quibus

285 2644 383 2674 babet
400 2645 557 2674 collocare
575 2645 655 2675 111105
671 2654 744 2675 suos
760 2654 817 2684 pro
832 2654 987 2684 quorum-

830 219 1064 246 BERNARDI
1091 219 1282 247 ABBATIS

1040 281 1102 311 que
1130 273 1321 304 diversitate
1357 274 1565 306 meritorum!
1590 276 1628 307 Et
1651 283 1738 306 nunc

1039 319 1171 356 quidem
1196 318 1302 359 (quod
1321 323 1424 352 solum
1451 322 1586 352 interim
1612 323 1738 361 potest)

1037 365 1103 394 sola
1115 365 1150 395 in
1164 365 1216 395 his
1225 368 1382 397 memoria
1395 369 1592 407 requiescit,
1609 369 1739 399 00010510

1038 409 1278 449 habitaculum,
1292 413 1378 450 quod
1394 413 1563 444 desursum
1581 414 1650 451 est,
1671 413 1738 451 jam

1037 456 1145 486 animo
1161 457 1312 488 induens.
1328 458 1396 488 Erit
1410 460 1518 490 autem
1535 468 1610 490 cum
1622 459 1741 498 imple-

1036 501 1084 531 bit
1105 502 1234 540 ruinas,
1263 511 1337 533 cum
1365 512 1520 535 cavernas
1546 506 1581 535 et
1604 513 1740 543 corpore

1036 547 1251 587 inhabitabit,
1267 550 1301 579 et
1324 550 1456 588 mente3
1473 559 1546 581 cum
1561 559 1664 581 vacua
1685 551 1740 581 do-

1036 594 1175 632 micilia,
1195 603 1265 633 quae
1286 595 1413 634 antiqui
1427 596 1632 634 reliquerunt
1646 596 1739 626 habi·

1036 639 1173 678 tatores,
1189 641 1258 679 ipsa
1275 650 1340 672 suae
1356 642 1578 672 universitatis
1593 643 1736 673 illustra-

1035 686 1083 716 bit
1102 688 1292 726 praesentia,
1307 696 1369 718 nec
1385 688 1451 718 ulla
1465 688 1551 718 ultra
1568 688 1739 726 apparebit

1034 741 1172 763 caverna
1187 735 1316 772 penitus
1328 734 1361 764 in
1371 734 1496 764 coelesti
1513 734 1654 764 maceria
1664 755 1674 771 ‚
1688 733 1738 764 fe-

1034 778 1089 807 lici
1102 778 1141 808 de
1157 780 1274 810 caetero
1290 779 1492 818 perfectione
1507 779 1557 810 sui
1569 780 1667 818 atque
1686 779 1736 809 in·-

1034 824 1182 861 tegritate
1197 825 1370 863 gaudente.

1072 870 1101 899 5.).
1118 870 1182 900 Aut
1208 871 1235 900 si
1262 871 1295 901 id
1318 871 1420 910 magis
1435 871 1571 909 probas,
1589 870 1737 902 dicemus

1032 915 1088 945 has
1114 924 1268 947 cavernas
1283 925 1301 946 a
1317 917 1467 947 studiosis
1483 917 1515 946 et
1539 916 1602 955 piis
1617 917 1737 946 menti-

1032 962 1092 992 bus
1112 970 1177 992 non
1203 962 1367 999 inveniri,
1383 963 1441 992 sed
1469 963 1553 992 fieri.
1587 963 1735 999 Quonam

1032 1007 1125 1036 modo
1136 1029 1145 1044 ,
1165 1006 1500 1045 inquis3C0gitatione
1517 1007 1551 1037 et
1565 1007 1733 1036 aviditate.

1032 1051 1123 1082 Cedit
1144 1060 1263 1090 nempe
1284 1052 1318 1081 in
1334 1052 1465 1082 modum
1486 1051 1638 1081 maceriae
1654 1052 1736 1081 mol—

1031 1098 1120 1128 lioris
1149 1098 1204 1136 pia
1220 1097 1379 1128 maceries
1405 1097 1565 1127 desiderio
1597 1097 1736 1135 animae,

1032 1143 1118 1174 cedit
1139 1153 1231 1182 purae
1254 1143 1540 1182 contemplationi,
1557 1143 1645 1173 cedit
1666 1152 1737 1174 crc-

1031 1190 1096 1220 brae
1108 1190 1415 1228 orationi.Denique
1431 1190 1622 1227 oratiojusti
1635 1197 1736 1228 pene·

1031 1236 1092 1265 trat
1107 1236 1215 1265 coelos.
1231 1236 1299 1265 Non
1314 1236 1427 1274 utique
1447 1235 1530 1266 aeris
1542 1235 1639 1272 hujus
1664 1243 1735 1266 cor-

1030 1281 1119 1319 porei
1133 1281 1288 1320 spatiosas
1303 1281 1510 1319 altitudines,
1526 1281 1633 1311 veluti
1649 1290 1730 1320 quo-

1029 1327 1102 1356 dam
1140 1327 1278 1365 remigio
1313 1327 1437 1356 alarum
1466 1335 1596 1357 suarum
1630 1327 1732 1357 instar

1029 1372 1171 1402 volucris
1209 1372 1350 1402 volantis
1383 1371 1527 1409 scindet,
1557 1372 1614 1401 aut
1638 1372 1732 1411 quasi

1028 1418 1153 1455 gladius
1176 1419 1288 1448 acutus
1313 1417 1415 1456 ipsius
1435 1417 1633 1448 firmamenti
1656 1418 1735 1448 5011-

1029 1464 1105 1493 dum
1136 1464 1323 1502 celsumque
1345 1463 1505 1493 verticem
1529 1463 1729 1501 perforabit:

1028 1509 1085 1538 sed
1107 1510 1182 1538 sunt
1196 1509 1270 1538 coeli
1286 1508 1389 1538 sancti
1400 1530 1410 1545 ,
1426 1508 1494 1538 vivi
1506 1530 1515 1546 ,
1537 1509 1712 1539 rationales
1723 1532 1732 1547 ‚

1027 1554 1083 1592 qui
1100 1555 1252 1584 enarrant
1272 1554 1407 1592 gloriam
1432 1554 1513 1591 Dei,
1526 1555 1582 1592 qui
1605 1554 1732 1585 favora—

1027 1599 1085 1628 bili
1104 1600 1243 1638 quadam
1257 1600 1382 1638 pietate
1402 1600 1520 1630 nostris
1536 1609 1570 1630 50
1586 1600 1670 1630 votis
1691 1601 1732 1630 li-

1027 1645 1144 1675 benter
1159 1645 1336 1683 inclinant,
1352 1645 1385 1674 et
1400 1645 1536 1674 sinuatis
1551 1646 1591 1675 ad
1609 1646 1731 1676 tactum

1027 1692 1143 1720 nostrae
1165 1690 1348 1720 devotionis
1367 1690 1537 1720 affectibus
1552 1690 1586 1720 in
1601 1700 1658 1721 sua
1672 1699 1731 1721 nos

1026 1735 1188 1774 recipiunt
1199 1735 1326 1765 viscera
1337 1758 1346 1774 ,
1359 1736 1488 1774 quoties
1507 1736 1604 1775 digna
1623 1737 1663 1766 ad
1677 1745 1732 1767 005

1026 1781 1209 1811 intentione
1248 1782 1426 1819 pulsamus.
1465 1781 1611 1812 Pulsanti
1643 1782 1729 1811 enim

1026 1827 1202 1864 aperietur.
1238 1827 1367 1857 Licebit
1403 1827 1513 1865 itaque
1550 1827 1729 1866 unicuique

1026 1874 1187 1911 nostrum,
1211 1873 1311 1904 etiam
1342 1873 1403 1903 1100
1431 1874 1578 1912 1011111010
1611 1874 1729 1903 nostrae

1026 1920 1247 1957 mortalitatIs,
1274 1927 1388 1949 cavare
1417 1919 1497 1957 sibi,
1525 1928 1728 1957 quacumque

1025 1965 1114 2002 parte
1124 1965 1232 2003 volet,
1241 1973 1396 1995 cavernas
1405 1973 1553 2003 supernae
1562 1965 1727 1994 maceriae:

1024 2018 1110 2040 1111110
1120 2010 1252 2048 quidem
1261 2010 1460 2040 Patriarchas
1468 2010 1610 2040 revisere
1622 2019 1725 2048 ,1111110

1026 2064 1101 2085 vero
1120 2057 1260 2086 salutare
1274 2056 1468 2094 Prophetas,
1487 2064 1574 2086 nunc
1600 2056 1727 2086 senatui

1025 2102 1200 2131 immisceri
1225 2102 1468 2140 Apostolorum,
1490 2109 1576 2131 nunc
1605 2102 1724 2139 Marty-

1024 2156 1095 2176 rum
1129 2147 1227 2177 inseri
1267 2147 1374 2177 choris
1392 2156 1400 2175 t
1416 2147 1472 2176 sed
1496 2148 1529 2176 et
1556 2147 1724 2176 beatarum

1025 2194 1187 2222 Virtutum
1204 2193 1305 2222 status
1319 2193 1351 2222 et
1363 2192 1546 2222 mansiones
1562 2200 1579 2221 a
1590 2191 1728 2221 minimo

1024 2239 1143 2276 Angelo
1159 2246 1260 2276 usque
1275 2238 1314 2267 ad
1329 2238 1493 2267 Cherubin
1506 2238 1538 2267 ct
1553 2237 1723 2275 Seraphin,

1025 2285 1089 2314 tota
1101 2284 1223 2314 mentis
1237 2283 1404 2313 alacritate
1422 2282 1642 2321 percurrendo
1660 2283 1728 2312 lus-

1024 2332 1108 2359 trare
1118 2351 1127 2366 ,
1143 2329 1238 2367 prout
1250 2336 1410 2367 quemque
1422 2337 1479 2358 sua
1491 2328 1622 2358 devotIO
1631 2327 1727 2358 feret.

1024 2374 1114 2412 Apud
1129 2382 1208 2412 quos
1232 2374 1334 2412 magis
1349 2373 1527 2409 afficietur,
1545 2372 1725 2402 immitten-

1025 2422 1055 2450 te
1070 2420 1133 2449 sibi
1156 2419 1280 2458 Spiritu
1294 2418 1391 2457 prout
1401 2418 1491 2456 vult3
1507 2418 1533 2448 si
1548 2417 1679 2448 steterit
1693 2419 1727 2448 et

1023 2466 1220 2503 pulsaverit,
1250 2464 1426 2495 confestim
1449 2464 1615 2502 aperietur
1629 2463 1678 2502 ei,
1694 2463 1728 2493 et

1022 2511 1107 2541 facta
1130 2511 1221 2549 quasi
1251 2518 1390 2540 caverna
1413 2509 1447 2539 in
1469 2509 1648 2547 montibus,
1671 2509 1727 2538 vel

1022 2556 1129 2595 potius
1156 2556 1323 2586 mentibus
1344 2555 1482 2593 sanetis,
1498 2555 1573 2584 dum
1589 2562 1623 2583 se
1639 2553 1726 2583 ultro

1022 2603 1194 2632 inflectunt
1208 2602 1249 2632 ad
1263 2602 1422 2640 pietatem
1435 2622 1444 2638 ,
1460 2599 1645 2637 requiescet
1670 2599 1725 2628 vel

1023 2648 1191 2684 paululum
1208 2647 1292 2684 apud
1309 2647 1393 2676 illos.
1412 2645 1522 2674 Omnis
1538 2643 1652 2674 animae
1678 2643 1725 2674 sic
