1830 3073
467 218 524 246 DE
547 216 753 246 DIVERSIS
777 214 927 244 SERMO
952 215 1081 244 XCIII.

80 276 170 308 nobis
184 282 247 307 non
263 278 359 312 parva
381 272 596 302 commendat.
619 273 685 301 Non
700 269 774 303 sunt

82 323 114 352 hi
130 322 240 353 dentes
256 320 295 350 de
310 317 427 357 quibus
447 317 585 355 dIcitur,
607 319 690 347 Dens
704 324 774 346 con-

81 371 152 400 teret
165 369 261 398 dentes
274 364 422 396 commin
434 372 486 393 ore
500 365 635 402 ipsorum
642 372 653 401 ‚·
668 362 721 392 vel
733 361 772 390 de

79 415 191 454 quibus
211 412 250 442 ad
271 410 379 442 virum
403 410 550 440 sanctum
575 416 641 438 vox
663 407 773 438 divina

78 457 265 501 proclamat,
277 458 338 487 Per
349 464 458 495 qyrum
478 456 611 486 dentium
625 454 689 492 ejus
707 453 773 491 for-

77 507 155 538 mido
170 503 248 535 :sed
261 502 374 533 dentes
387 501 442 531 isti
455 502 538 532 lacte
552 499 771 536 candidiores;

75 550 194 590 quippe
225 556 348 587 sponsae
376 547 470 585 sunt,
503 546 594 583 cujus
629 545 772 583 speciem

75 595 259 633 concupivit
277 592 476 630 Altissimus,
493 600 566 630 quae
590 598 655 621 non
674 590 772 620 habet

74 641 232 670 maculam
246 646 353 678 neque
368 646 493 676 rugam.
509 638 587 667 Cum
604 636 691 666 enim
706 636 770 665 tota

73 686 208 716 candida
222 686 283 716 sit:
300 684 466 714 candidior
476 683 632 722 probatur
644 681 678 711 in
687 681 772 711 -den-

72 732 171 762 tibus.
183 732 269 762 Nova
282 730 390 761 tamen
402 730 434 759 et
449 729 595 759 inaudita
607 735 772 766 compara—

72 778 161 808 tione
172 778 206 808 in
229 777 316 807 illius
336 776 448 806 laudes
467 775 613 814 perorat,
634 774 745 804 dicens
762 783 769 803 :

72 825 182 855 Dentes
197 825 242 854 tm·
252 824 328 854 sicut
351 832 427 861 qrcx
449 824 621 852 tonsarum.
639 820 723 858 Quid
738 820 770 848 in

72 868 149 906 liae,
164 877 258 907 rogo,
274 868 488 898 similitudine
504 867 636 904 dignum
654 865 720 903 est,
736 866 772 895 ut

72 922 142 944 eam
164 914 204 944 de
220 914 406 945 coelestibus
427 913 552 943 arcanis
567 911 770 942 descendisse

70 960 260 990 credamus?
274 961 422 998 Magnum
440 967 585 998 prorsus,
603 959 636 988 et
657 965 770 996 magno

69 1007 177 1036 animo
202 1007 370 1045 magnifice
392 1005 609 1036 sentiendum.
633 1004 771 1042 Spiritus

70 1053 157 1082 enim
170 1054 218 1082 est
233 1052 288 1090 qui
313 1052 457 1090 loquitur
473 1060 481 1079 τ
498 1051 554 1089 qui
570 1059 643 1080 cum
666 1051 772 1089 loqui-

69 1098 139 1136 tur,
156 1106 215 1128 nec
230 1106 330 1127 unum
345 1098 450 1135 potest
463 1097 527 1127 iota
542 1104 679 1127 vacuum
691 1105 771 1134 prae-

69 1144 182 1174 terire.
204 1144 334 1182 Aliquid
349 1143 493 1181 profecto
515 1143 562 1172 est
579 1143 611 1172 in
625 1142 675 1172 bis
690 1143 771 1172 den-

68 1190 155 1220 tibus
169 1190 368 1227 involutum,
383 1189 470 1227 quod
484 1189 649 1218 evolutum
665 1196 770 1218 sacra-

68 1235 160 1265 tioris
175 1235 401 1272 intelligentiae
416 1234 589 1272 praesignet
603 1242 767 1263 arcanum.

108 1281 139 1310 2.
152 1282 275 1311 Dentes
286 1280 374 1310 enim
386 1279 515 1310 candidi
527 1279 601 1309 sunt
610 1280 642 1309 et
652 1278 767 1309 fortes:

69 1335 200 1357 carnem
216 1335 280 1356 non
295 1326 432 1356 hahent:
446 1326 558 1356 carent
568 1325 654 1355 corio
667 1334 675 1354 :
686 1326 769 1355 nihil

69 1372 156 1403 intra
183 1382 217 1403 se
242 1373 310 1411 pati
336 1372 470 1410 possunt
490 1380 498 1400 τ
516 1379 580 1401 non
606 1372 655 1401 est
681 1371 771 1401 dolor

67 1418 150 1449 sicut
165 1418 254 1448 dolor
269 1426 380 1448 eorum
393 1426 401 1447 ε
419 1417 519 1447 clausi
533 1417 607 1447 sunt
622 1416 718 1447 labiis
729 1425 770 1447 ne

69 1464 261 1494 videantur:
278 1464 431 1493 indecens
452 1463 502 1493 est
524 1472 598 1493 cum
617 1463 771 1493 videntur

68 1509 130 1540 nisi
146 1509 281 1539 ridendo
298 1518 306 1538 ε
321 1509 379 1540 toti
397 1508 522 1547 corpori
538 1509 709 1539 masticant
728 1509 771 1539 ci-

69 1555 146 1584 bum
161 1563 169 1583 τ
194 1555 319 1584 nullum
349 1555 424 1584 inde
450 1563 597 1592 saporem
623 1554 745 1585 liabent
762 1564 769 1584 ι

69 1608 132 1630 non
148 1600 242 1630 facile
268 1601 501 1630 consumuntur
521 1609 604 1639 :per
624 1601 771 1630 ordinem

69 1647 166 1685 positi
177 1647 268 1685 sunt,
283 1648 467 1685 superiores
484 1647 553 1684 alii,
569 1647 601 1676 et
617 1647 674 1677 alii
688 1647 772 1677 infe-

69 1692 189 1721 riores:
203 1693 316 1722 etcum
327 1692 496 1722 inferiores
505 1694 708 1731 moveantur,
719 1702 772 1723 su-

69 1738 213 1775 periores
235 1745 424 1775 numquam.
448 1737 640 1774 Hujusmodi
659 1737 773 1768 dentes

69 1790 145 1820 ergo
160 1783 298 1812 arbitror
321 1783 468 1813 homines
490 1784 675 1813 monasticae
697 1792 773 1822 pro-

68 1828 236 1866 fessionis,
261 1828 317 1867 qui
332 1828 419 1859 viam
442 1829 771 1867 compendiosiorem,

69 1875 102 1904 et
117 1875 316 1904 securiorem
332 1875 433 1904 vitam
459 1874 637 1912 eligentes,
651 1875 691 1905 de
706 1876 773 1905 toto

68 1920 220 1950 Ecclesiae
239 1928 372 1958 corpore
388 1919 475 1958 quod
503 1919 678 1950 candidum
707 1922 772 1957 est,

70 1965 271 1995 candidiores
297 1973 365 1995 esse
382 1965 549 1995 videntur.
576 1966 662 2003 Quid
686 1966 773 1995 enim

69 2011 134 2041 illis
149 2010 334 2048 candidius,
357 2011 412 2049 qui
435 2011 534 2041 totius
557 2011 773 2042 immunditiae

69 2057 240 2096 spurcitias
248 2057 425 2095 evitantes,
434 2057 662 2095 cogitationum
672 2079 682 2094 ,
691 2058 774 2088 sicut

70 2103 228 2133 actionum
239 2125 248 2141 ,
264 2105 396 2142 peccata
412 2103 599 2141 deplorant?
613 2100 697 2142 Quid
712 2104 774 2134 for-

70 2148 134 2179 tius
148 2149 212 2178 illis
223 2171 232 2186 ,
249 2148 368 2187 quibus
380 2149 547 2179 tribulatio
563 2158 621 2188 pro
637 2150 750 2180 solatio
763 2173 772 2188 ,

71 2194 263 2224 contumelia
276 2203 333 2232 pro
349 2195 449 2233 gloria
459 2217 468 2233 ,
479 2195 587 2234 inopia
601 2205 658 2235 pro
670 2196 774 2226 abun-

70 2237 180 2269 dantia
192 2239 341 2270 ducitur?
352 2241 406 2270 Isti
418 2249 546 2270 carnem
558 2249 622 2271 non
638 2242 771 2280 habent,

70 2284 144 2323 quia
161 2285 194 2315 in
209 2294 305 2316 carne
326 2294 456 2316 carnem
476 2286 569 2316 obliti
584 2287 719 2317 audiunt
733 2289 773 2318 ah

71 2330 217 2368 Apostolo
233 2340 242 2360 ι
261 2332 292 2362 V
291 2340 323 2361 ας
338 2333 441 2361 autem
455 2333 486 2361 in
499 2341 591 2362 carne
614 2342 677 2363 non
691 2335 772 2370 estis,

70 2376 118 2406 sed
143 2377 175 2405 in
190 2378 309 2414 spiritu.
335 2377 426 2406 Corio
443 2379 576 2407 carent:
592 2378 669 2416 quia
689 2379 774 2409 nito-

70 2429 139 2450 rem
155 2422 188 2452 et
202 2421 434 2452 distensionem
456 2423 695 2453 mundanarum
709 2425 773 2453 sol-

71 2466 279 2497 licitudinum
305 2475 368 2497 non
396 2467 570 2506 habentes,
593 2469 627 2498 in
646 2477 725 2506 pace
739 2469 773 2499 in

71 2510 211 2550 idipsum
225 2512 390 2542 dormiunt
402 2512 436 2542 et
450 2512 670 2551 requiescunt.
685 2514 773 2545 Nihil

71 2559 189 2588 morari
220 2559 304 2588 intra
333 2567 367 2588 se
393 2558 561 2597 patiuntur
584 2568 592 2588 z
613 2559 689 2597 quia
713 2568 773 2590 nec

74 2603 233 2634 modicum
260 2604 391 2643 quidem
408 2604 640 2634 offendiculum
655 2605 774 2635 tolera-

76 2648 140 2679 bile
157 2651 306 2688 reputant
330 2651 383 2681 aut
407 2651 489 2681 intra
506 2659 557 2689 se,
582 2652 636 2682 aut
653 2651 682 2681 in
699 2660 773 2682 con-

1447 216 1505 247 127

807 268 953 299 scientiis
969 263 1179 307 singulorum.
1201 271 1283 302 Hinc
1301 274 1349 304 est
1364 275 1418 305 illa
1434 284 1506 306 vcs-

808 315 854 344 tra
877 315 1059 353 opportuna
1082 315 1328 356 importunitas,
1350 329 1412 357 qua
1439 322 1505 350 tam

807 369 890 399 saepe
905 361 1047 399 fatigatis
1067 369 1143 399 nos,
1163 362 1200 391 ut
1213 364 1395 401 multoties,
1408 366 1506 395 etiam

806 417 880 439 cum
906 417 1039 439 necesse
1062 417 1126 438 non
1155 409 1215 447 sit,
1230 411 1370 440 multum
1395 412 1429 441 in
1454 413 1505 441 liis

806 455 871 485 diei
897 454 1100 493 expendatis.
1135 455 1203 485 Non
1233 456 1283 486 est
1304 456 1394 486 dolor
1422 457 1506 487 sicut

806 501 896 531 dolor
920 509 1033 531 eorum
1050 509 1057 529 ε
1074 501 1150 538 quia
1171 502 1256 531 nihil
1282 502 1349 533 tam
1371 503 1506 532 horren·

806 547 883 576 dum
917 547 950 577 et
973 546 1130 577 horribile
1162 548 1210 578 est
1240 548 1325 578 sicut
1361 556 1508 577 murmur

806 593 839 622 θῖ
863 592 1018 623 dissensio
1043 592 1078 622 in
1109 593 1369 632 congregatione.
1401 592 1508 623 Clausi

805 638 879 668 sunt
906 638 1013 676 labiis,
1035 646 1077 668 ne
1103 638 1277 668 videantur
1296 648 1303 668 :
1320 639 1367 669 sic
1393 639 1426 669 et
1450 647 1509 668 nos

805 684 1027 714 materialibus
1039 684 1133 714 vallis
1151 685 1454 724 circumcingimur,
1466 692 1508 714 ne

804 731 1008 760 saecularium
1016 730 1116 760 oculis
1128 730 1313 761 etaccessui
1327 732 1508 770 pateamus.

804 776 964 806 Indecens
986 777 1034 806 est
1049 775 1076 806 si
1101 777 1298 816 appareant,
1319 777 1383 808 nisi
1406 777 1509 806 inter-

805 823 881 853 dum
897 823 979 853 forte
992 822 1033 852 ad
1047 823 1150 853 risum
1165 831 1172 852 :
1190 824 1267 862 quia
1281 824 1365 853 nihil
1380 822 1509 862 turpius

803 877 900 907 quam
925 869 1103 899 monachus
1125 877 1185 906 per
1205 869 1303 900 urbes
1319 870 1352 900 et
1375 869 1509 899 castella

804 915 990 945 discurrens
1000 914 1080 953 ,nisi
1090 923 1164 944 cum
1177 914 1233 945 illa
1249 915 1335 954 cogit
1346 924 1418 954 quae
1430 923 1510 953 ope-

804 961 848 991 rit
875 960 1122 991 multitudiilem
1151 962 1356 999 peccatorum
1380 960 1507 991 caritas.

803 1007 923 1038 Caritas
938 1007 1027 1037 enim
1042 1007 1124 1037 risus
1142 1008 1213 1045 est,
1228 1008 1305 1046 quia
1319 1007 1432 1037 hilaris
1447 1009 1508 1037 est.

804 1053 889 1083 Laeta
926 1053 1078 1091 quidem,
1104 1061 1169 1082 non
1204 1054 1314 1083 tamen
1342 1053 1507 1082 dissoluta.

804 1098 874 1128 Toti
894 1098 1021 1136 corpori
1045 1098 1216 1128 masticant
1237 1099 1345 1128 cibum
1368 1098 1508 1129 dentes:

804 1144 879 1181 quia
913 1143 976 1182 ipsi
1001 1152 1058 1182 pro
1082 1144 1150 1173 toto
1174 1144 1326 1174 Ecclesiae
1355 1152 1508 1183 corpore,

804 1189 958 1220 videlicet
970 1190 1034 1220 tam
1046 1189 1131 1220 vivis
1143 1198 1239 1228 quam
1251 1190 1404 1227 mortuis,
1417 1198 1510 1220 orare

804 1236 882 1264 sunt
907 1235 1088 1265 constituti.
1115 1236 1245 1265 Nullum
1261 1235 1337 1265 inde
1361 1243 1510 1273 saporem

804 1281 924 1311 habere
934 1281 1071 1311 debent:
1084 1280 1160 1319 quia
1171 1282 1292 1311 nullam
1301 1281 1362 1311 sibi
1374 1281 1512 1320 gloriam

804 1326 924 1356 debent
939 1327 1100 1364 assignare
1111 1349 1120 1365 ,
1141 1327 1199 1357 sed
1215 1327 1325 1357 dicere
1341 1336 1415 1357 cum
1436 1328 1510 1357 Pro-

804 1372 903 1410 pheta
920 1381 929 1402 :
944 1374 1015 1403 Non
1029 1372 1134 1411 nobis,
1151 1374 1304 1410 Doma'ne,
1325 1382 1389 1403 non
1403 1373 1509 1410 nobis,

803 1419 854 1448 sed
880 1420 1069 1449 nominituo
1093 1420 1134 1449 da
1153 1420 1296 1458 qlorlam.
1321 1419 1390 1449 Non
1414 1419 1510 1450 facilc

805 1465 1035 1494 consumuntur
1045 1473 1052 1493 :
1062 1465 1139 1503 quia
1157 1466 1277 1504 quanto
1304 1465 1509 1504 annosiores,

805 1510 893 1541 tanto
908 1510 1141 1549 ferventiores3
1166 1512 1199 1541 et
1215 1519 1253 1541 eo
1273 1511 1419 1549 rapidius
1435 1520 1510 1542 cur-

804 1557 898 1595 runt,
924 1566 987 1596 quo
1013 1558 1154 1588 vicinius
1185 1558 1446 1596 appropinquant
1469 1558 1511 1588 ad

805 1603 957 1640 palmam.
974 1604 1035 1633 Per
1057 1603 1205 1633 ordinem
1227 1603 1325 1641 positi
1348 1604 1434 1634 sunt.
1448 1604 1511 1633 Ubi

806 1648 893 1678 enim
910 1649 1034 1687 aliquid
1050 1649 1235 1679 ordinatum
1251 1649 1316 1687 est,
1333 1649 1360 1679 si
1375 1649 1429 1679 hic
1444 1658 1511 1679 non

806 1695 873 1732 est,
888 1695 945 1724 ubi
959 1695 1050 1724 cibus
1063 1696 1095 1725 et
1112 1696 1221 1733 potus,
1237 1695 1373 1733 vigilare
1388 1696 1421 1726 et
1436 1696 1511 1726 dor-

806 1740 907 1778 mire,
930 1741 1076 1770 laborare
1093 1742 1126 1770 et
1141 1742 1328 1779 quiescere,
1344 1741 1512 1771 ambulare

807 1786 840 1815 et
855 1786 987 1824 sedere,
1002 1786 1035 1815 et
1050 1787 1167 1816 caetera
1183 1786 1307 1824 omnia,
1324 1786 1359 1815 in
1373 1794 1512 1816 numero

808 1832 841 1861 et
855 1840 1006 1861 mensura
1029 1833 1062 1862 et
1081 1832 1224 1871 pondere
1251 1832 1512 1862 constituuntur?

807 1877 1001 1916 Superiores
1027 1879 1060 1908 et·
1094 1878 1267 1908 inferiores
1295 1880 1371 1909 sunt
1396 1887 1404 1907 ε
1434 1879 1513 1917 quia

808 1923 959 1954 internos
973 1924 1102 1954 Praelati
1119 1925 1152 1953 et
1173 1924 1295 1954 subditi
1311 1924 1402 1962 sunt,
1417 1926 1450 1954 et
1465 1924 1512 1954 sic

808 1971 990 2008 superiores
1015 1969 1225 2000 inferioribus
1249 1970 1449 2009 junguntur,
1476 1974 1513 2001 ut

808 2015 1304 2054 inferioresasuperioribusnon
1313 2016 1510 2047 discordent.

807 2061 884 2091 Cum
907 2063 1015 2091 autem
1038 2061 1211 2092 inferiores
1232 2063 1435 2100 moveantur,
1458 2071 1513 2092 su-

808 2107 951 2145 periores
960 2115 1137 2146 numquam
1147 2107 1271 2138 moveri
1284 2107 1420 2138 debent:
1435 2108 1511 2146 qnia

809 2153 868 2183 etsi
884 2153 1005 2183 subditi
1015 2154 1207 2192 quandoque
1218 2154 1408 2192 turbentur,
1425 2155 1512 2184 Prae-

808 2199 945 2229 latorum
957 2200 1006 2230 est
1020 2200 1054 2229 in
1071 2201 1181 2230 mente
1200 2200 1376 2238 composita
1394 2200 1512 2238 perdu-

808 2254 889 2275 rare.
898 2247 982 2276 Sicut
995 2255 1071 2284 grex
1086 2247 1246 2276 tonsarum
1257 2267 1267 2283 ,
1280 2246 1397 2285 inquit.
1411 2247 1513 2284 Quam

808 2290 890 2321 bene
905 2291 1055 2321 monachi
1072 2290 1173 2321 tonsis
1189 2291 1305 2322 ovibus
1323 2300 1512 2330 comparan-

809 2337 861 2366 tur
876 2345 884 2366 :
900 2336 977 2375 quia
991 2345 1108 2366 revera
1117 2337 1202 2367 tonsi
1219 2337 1311 2375 sunt,
1323 2338 1439 2376 quibus
1452 2345 1513 2368 nec

809 2382 915 2419 corda,
931 2390 993 2412 nec
1008 2390 1140 2420 corpora
1151 2405 1161 2420 ,
1171 2390 1231 2412 nec
1244 2383 1514 2421 aliquidmunda-

808 2435 885 2457 num
900 2427 934 2457 in
957 2427 1156 2466 proprietate
1184 2428 1337 2458 relictum
1362 2428 1421 2458 est.
1439 2429 1513 2466 ch

808 2474 1007 2503 ascenderunt
1022 2474 1056 2503 de
1078 2474 1213 2503 lavacro.
1230 2474 1409 2504 Lavacrum
1433 2474 1513 2509 bap-

809 2518 921 2548 tismus
937 2518 997 2555 est,
1010 2518 1050 2549 de
1065 2527 1128 2557 quo
1138 2519 1284 2549 ascendit
1296 2519 1353 2556 qui
1363 2519 1403 2547 ad
1418 2518 1514 2547 celsi-

809 2563 953 2594 tudinem
962 2564 1038 2594 vitae
1047 2564 1251 2602 perfectioris
1266 2564 1427 2593 intendit:
1441 2563 1514 2592 des-

809 2608 918 2638 cendit
933 2609 1040 2638 autem
1056 2609 1111 2647 qui
1127 2617 1161 2638 se
1184 2609 1258 2638 vitae
1279 2607 1442 2645 mancipat
1463 2607 1513 2637 in-

811 2654 965 2684 lionestae.
976 2655 1086 2686 Omnes
1099 2654 1230 2692 yeme-llis
1244 2653 1380 2691 fectitas:
1390 2652 1462 2691 (luia
1480 2654 1513 2682 vt
