1846 3078
509 223 556 251 lN
579 219 782 253 GANTch
805 218 954 246 sEnMO
979 219 1116 246 LXXX.

1464 211 1523 251 41¹5

136 278 167 308 2.
189 276 252 309 Sed
272 276 351 308 dicit
367 275 448 306 mihi
471 274 589 314 aliquis
611 283 620 305 2
648 272 735 312 Quid
757 272 794 303 tu
828 270 941 301 Annon
973 270 1048 309 plus
1075 269 1165 300 hoc?
1195 270 1333 304 Adverte
1361 274 1394 305 et
1423 274 1522 305 aliud.

97 322 160 353 duo
179 322 240 353 ista
264 320 456 360 conjungis?
471 320 558 358 Quid
576 319 665 351 enim
681 318 797 349 animae

97 370 132 400 et
142 370 247 400 Verbo
259 367 273 398 ἓ
292 368 428 398 Multum
439 374 499 406 per
511 373 641 397 omnem
652 364 796 395 modum.

97 414 203 445 Primo
225 413 357 453 quidem
383 413 469 451 quod
491 413 684 443 naturarum
706 410 798 440 tanta

99 460 245 498 cognatio
272 460 342 496 est,
372 460 408 489 ut
436 459 498 489 hoc
528 459 652 495 imago,
678 456 735 486 illa
759 454 799 485 ad

98 505 272 543 imaginem
290 506 345 535 sit.
372 504 498 535 Deinde
524 503 611 543 quod
639 501 800 541 cognatio-

97 558 172 581 nem
188 551 368 582 similitudo
380 551 532 581 testetur.
548 551 669 587 Nempe
681 557 745 578 non
760 547 799 577 ad

98 597 274 635 imaginem
283 598 420 634 tantum,
433 596 490 626 sed
501 595 539 625 ad
552 594 800 625 similitudinem

99 641 181 672 facta
208 643 269 673 est.
296 643 333 671 111
357 650 420 680 quo
443 641 559 671 similis
583 640 626 670 sit
654 637 801 678 quaeris?

100 687 183 717 Audi
208 687 248 717 de
279 687 422 724 Imagine
448 687 550 725 prius.
578 685 722 715 Verbum
751 683 801 712 est

98 732 220 762 veritas
232 753 242 770 ,
265 731 314 762 est
329 731 508 770 sapientia,
525 731 574 761 est
595 729 723 767 justitia
741 736 749 756 ε
768 728 802 757 ct

99 776 168 807 haec
183 778 301 816 imago.
313 778 411 814 Cujus
423 777 435 806 ἓ
445 777 584 806 Justitiae
593 797 602 813 ,
619 774 800 813 sapientiae,

99 822 134 852 et
144 823 304 853 veritatis.
313 824 366 852 Est
383 822 584 859 enimlmago
596 821 665 850 haec
675 819 801 857 justitia

99 865 140 896 de
150 866 454 905 justitia‚sapientia
462 867 500 896 de
509 865 802 905 sapientia,veritas

100 910 141 941 de
152 913 304 951 veritate,
319 912 410 951 quasi
427 913 466 942 de
482 912 606 942 lumine
620 913 731 941 lumen
742 932 751 948 ,
762 911 802 940 de

99 957 168 988 Deo
177 959 273 988 Deus.
286 960 408 989 Harum
418 967 526 988 rerum
535 958 617 988 nibil
627 959 675 988 est
683 958 802 994 anima,

101 1004 254 1041 quoniam
266 1013 330 1034 nou
353 1005 402 1034 est
422 1005 539 1042 imago.
556 1005 609 1034 Est
624 1005 733 1034 tamen
749 1010 804 1032 ea-

101 1049 250 1079 rumdem
270 1058 389 1087 capax,
409 1050 656 1087 appetensque:
675 1050 708 1079 et
728 1048 803 1078 inde

101 1093 246 1125 fortassis
261 1095 499 1133 adimaginem.
521 1095 613 1124 Celsa
636 1095 803 1132 creatura,

102 1139 139 1169 in
166 1141 346 1178 capacitate
375 1141 509 1179 quidem
544 1141 742 1177 majestatis,
771 1140 805 1169 in

100 1186 291 1223 appetentia
318 1186 428 1216 autem
449 1186 655 1216 rectitudinis
680 1186 805 1223 insigne

101 1231 289 1269 praeferens.
299 1232 449 1269 Legimus
457 1232 533 1269 quia
541 1233 627 1261 Deus
640 1232 806 1262 hominem

102 1276 229 1306 rectum
246 1276 343 1314 fecit,
361 1276 447 1315 quod
463 1278 497 1306 et
512 1285 664 1315 magnum
679 1279 807 1316 capaci-

102 1320 152 1351 tas
175 1320 241 1361 (ut
261 1322 384 1352 dictum
409 1321 484 1361 est)
515 1323 642 1361 prohat.
674 1323 807 1362 Oportet

102 1374 243 1405 namque
258 1367 292 1397 id
306 1368 391 1406 quod
407 1368 448 1397 ad
463 1368 637 1406 imaginem
652 1370 718 1407 est,
734 1378 805 1399 cum

103 1411 245 1450 imagine
261 1414 456 1451 convenire,
474 1414 508 1443 et
521 1423 586 1444 non
609 1415 644 1444 in
668 1423 807 1445 vacuum

104 1457 300 1495 participare
323 1466 442 1488 nomen
465 1458 632 1496 imaginis,
653 1461 808 1498 quemad-

103 1502 236 1532 modum
247 1510 308 1533 nec
323 1502 428 1541 imago
443 1503 513 1541 ipsa
528 1504 611 1540 solo,
634 1505 688 1534 vel
706 1513 807 1535 vacuo

104 1549 236 1578 nomine
265 1548 428 1578 vocitatur
455 1548 570 1586 imago.
599 1549 707 1580 Habes
731 1558 808 1580 vero

104 1592 146 1623 de
160 1602 198 1623 eo
210 1593 266 1632 qui
283 1594 386 1632 imago
403 1594 470 1632 est,
485 1595 560 1632 quia
577 1603 647 1624 curn
661 1596 693 1624 in
705 1596 808 1634 forma

105 1639 164 1669 Dei
181 1641 268 1676 esset,
278 1648 340 1668 non
355 1641 500 1677 rapinam
510 1640 683 1670 arbitratus
694 1643 808 1671 estesse

105 1693 136 1715 se
152 1685 301 1723 aequalein
313 1687 389 1715 Deo.
411 1685 472 1714 Ubi
488 1685 549 1714 tibi
562 1685 676 1723 utique
692 1686 762 1723 ejus
777 1689 807 1717 et

106 1728 142 1759 111
164 1729 267 1759 forma
286 1730 347 1759 Dei
363 1730 512 1759 innuitur
526 1731 704 1769 rectitudo,
725 1732 758 1761 et
776 1732 807 1761 in

106 1776 291 1813 aequalitate
317 1776 491 1813 majestas:
510 1777 546 1806 ut
568 1777 644 1806 dum
671 1778 809 1808 rectitu-

106 1819 175 1849 dini
191 1821 371 1859 rectitudo,
387 1822 420 1851 et
443 1821 630 1859 magnitudo
645 1823 809 1860 magnitu-

105 1865 174 1895 dini
196 1868 422 1905 comparatur,
445 1868 659 1898 consonanter
674 1869 736 1898 sibi
763 1870 807 1899 al-

105 1911 264 1942 trinsecus
283 1913 478 1950 respondere
493 1914 648 1951 appareat
662 1914 748 1952 quod
770 1915 807 1944 ad

105 1956 281 1994 imaginem
310 1958 377 1995 est,
407 1958 441 1988 et
480 1959 656 1996 imaginem
684 1968 692 1989 :
725 1961 807 1990 sicut

105 2002 212 2040 imago
227 2011 356 2041 quoque
377 2003 593 2034 nihilominus
615 2005 649 2034 in
670 2006 808 2044 utroque

104 2049 278 2086 respondet
295 2050 345 2078 illi
372 2049 465 2087 cujus
489 2050 595 2088 imago
611 2054 670 2081 est.
687 2053 807 2091 Nempe

104 2093 174 2132 ipse
189 2095 255 2132 est,
266 2095 378 2132 dequo
391 2097 540 2125 sanctum
555 2097 660 2127 David
672 2098 808 2129 audistis

105 2139 140 2169 in
161 2141 293 2177 psalmis
318 2142 511 2179 canentem,
538 2150 625 2172 nunc
653 2144 808 2182 quidem,

107 2186 238 2224 Magynus
252 2187 402 2217 Dominus
415 2189 566 2224 noster,et
582 2197 698 2227 maqna
712 2192 809 2221 virtus

108 2230 171 2268 ejus
184 2240 193 2260 :
209 2239 294 2260 nunc
318 2239 396 2261 vero
409 2253 418 2270 ,
433 2234 543 2263 Rectus
563 2235 714 2265 Dominus
728 2237 809 2267 Deus

107 2277 221 2312 noster,
235 2278 263 2306 et
277 2285 340 2306 non
354 2279 397 2307 est
408 2279 553 2316 iniquitas
570 2280 602 2309 in
617 2289 662 2310 eo.
683 2281 730 2310 Ab
748 2281 809 2312 isto

105 2321 194 2350 recto
209 2321 242 2350 et
256 2329 369 2360 magno
385 2323 452 2352 Deo
468 2324 569 2354 habet
593 2326 700 2364 Imago
720 2327 808 2366 ejus,

104 2366 142 2396 ut
157 2366 191 2396 et
215 2366 283 2404 ipsa
298 2368 406 2406 recta,
427 2369 462 2398 et
491 2377 606 2408 magna
628 2371 694 2401 sit:
711 2372 811 2404 habet

106 2411 212 2441 anima
228 2421 299 2451 quae
316 2413 355 2443 ad
370 2413 545 2452 imaginem
559 2416 618 2446 est.

145 2457 178 2487 5.
203 2457 267 2488 Sed
287 2458 358 2488 dico
380 2467 389 2488 t
416 2460 548 2490 Nihilne
574 2469 649 2500 ergo
673 2463 811 2502 amplius

106 2502 205 2533 habet
225 2504 331 2542 Imago
356 2505 396 2535 ab
414 2506 522 2536 anima
543 2516 617 2546 quae
640 2507 682 2538 ad
696 2509 812 2547 imagi-

85 2574 96 2589 ,
107 2556 185 2578 nem
197 2549 262 2586 est,
277 2549 353 2588 quia
369 2551 402 2581 et
417 2552 493 2582 huic
505 2560 656 2592 magnum
668 2554 812 2585 rectum-

106 2600 170 2631 que
184 2595 406 2634 assignamus?
422 2597 460 2627 Et
474 2598 664 2636 plurimum.
682 2600 758 2630 Haec
772 2601 811 2631 ad

109 2647 293 2672 mensuram
307 2642 444 2682 accepit,
461 2643 515 2673 illa
528 2643 568 2675 ad
576 2644 809 2683 aequalitatem.

830 315 912 346 Huic
927 316 1104 354 utrumque
1117 315 1174 346 aut
1187 317 1326 355 creatio,
1345 319 1399 348 aut
1414 320 1526 357 digna-

831 361 876 391 tio
900 361 1057 400 contulit3
1083 361 1135 391 illi
1158 362 1334 400 generatio.
1365 364 1466 401 Atque
1492 364 1525 393 id

831 407 1089 445 magnificentius
1116 415 1186 438 esse
1211 415 1277 436 non
1304 407 1436 437 dubium
1465 410 1524 438 est.

832 453 895 483 Sed
906 462 946 484 ne
955 454 1016 484 hoc
1031 453 1165 493 quidem
1174 452 1371 483 eminentius
1381 460 1448 481 esse
1458 454 1529 490 quis

832 500 968 538 abnuat,
982 500 1069 538 quod
1083 508 1156 529 cum
1166 507 1184 529 a
1196 500 1263 528 Deo
1276 498 1366 535 huic,
1380 497 1428 526 illi
1445 499 1476 526 et
1489 499 1529 528 de

833 545 899 574 Deo
915 546 1089 584 utrumque
1115 546 1176 583 sit,
1199 544 1233 574 id
1248 544 1297 574 est
1317 543 1356 573 de
1380 542 1440 571 Dei
1459 542 1533 571 sub-

832 589 962 620 stantia.
984 591 1037 620 Est
1051 591 1139 620 enim
1155 588 1439 620 consubstantialis
1466 587 1534 616 Deo

833 635 939 673 Imago
954 644 1030 674 sua,
1054 636 1087 666 et
1113 644 1208 666 omne
1233 635 1318 674 quod
1340 634 1448 665 eidem
1470 641 1536 662 suae

833 680 966 718 imagini
980 682 1141 719 impertiri
1153 681 1284 711 videtur
1294 703 1303 719 ,
1320 680 1475 710 ambobus
1487 677 1537 707 est

833 726 1069 764 substantiale,
1092 735 1159 757 non
1184 727 1396 757 accidentale.
1425 724 1539 755 Adhuc

832 780 932 801 unum
946 774 1091 810 attende,
1103 773 1135 802 in
1150 781 1215 811 quo
1226 773 1330 811 imago
1345 779 1409 802 non
1423 776 1537 808 parum

834 818 966 848 eminet.
992 819 1141 857 Magnum
1167 819 1200 848 et
1219 819 1344 848 rectum
1364 816 1374 857 (
1398 817 1458 847 ista
1475 815 1539 845 duo

835 864 947 893 natura
960 872 976 893 a
992 873 1062 894 sese
1078 865 1262 902 discrepare
1278 864 1351 902 quis
1365 861 1509 893 nesciat?
1524 860 1535 899 )

837 909 867 938 in
889 909 1031 948 imagine
1053 918 1156 940 unum
1177 910 1263 940 sunt.
1285 910 1395 947 Neque
1413 909 1473 938 hoc
1487 915 1538 936 so-

836 955 903 984 lum
920 964 929 984 τ
947 964 1047 985 unum
1062 956 1136 986 sunt
1152 956 1185 986 et
1200 964 1273 985 cum
1288 955 1439 992 imagine.
1454 954 1539 982 lma-

835 1000 898 1037 gini
917 1001 1005 1030 enim
1019 1009 1084 1030 non
1096 1001 1190 1031 modo
1204 1000 1238 1030 id
1252 1001 1377 1031 rectum
1391 999 1439 1029 est
1454 1006 1540 1036 esse,

835 1047 920 1084 quod
934 1055 1089 1084 magnum
1106 1055 1194 1085 esse,
1212 1047 1269 1077 sed
1286 1046 1383 1076 etiam
1402 1045 1435 1074 id
1450 1052 1540 1082 mag-

836 1100 912 1121 num
928 1094 1120 1131 rectumque
1132 1101 1215 1131 esse,
1228 1092 1313 1130 quod
1322 1100 1403 1122 esse.
1417 1091 1540 1120 Animae

837 1146 899 1167 non
912 1137 968 1167 ila.
986 1139 1023 1168 Et
1035 1138 1222 1176 magnitudo
1238 1138 1319 1176 ejus,
1333 1138 1366 1167 et
1377 1135 1540 1166 rectitudo

840 1183 938 1221 ipsius
954 1184 1092 1214 diversae
1106 1184 1146 1213 ab
1168 1192 1205 1214 ea
1216 1206 1224 1221 ,
1240 1184 1379 1214 diversae
1400 1183 1439 1212 ab
1456 1181 1540 1211 invi-

838 1237 906 1259 cem
923 1230 1009 1260 sunt.
1025 1230 1057 1260 Si
1073 1231 1162 1260 enim
1179 1229 1239 1269 (ut
1253 1237 1347 1268 supra
1358 1228 1453 1258 docui
1470 1226 1481 1267 )
1496 1234 1541 1258 Eo

838 1282 954 1305 ANIMA
970 1282 1098 1306 MAGNA
1114 1276 1182 1314 est,
1198 1284 1261 1314 quo
1286 1284 1388 1313 capax
1404 1275 1542 1304 aeterno-

838 1329 928 1359 rum3
944 1329 987 1351 Eo
1010 1328 1142 1359 Rssc‘rA,
1165 1330 1228 1360 quo
1244 1322 1404 1359 appetens
1428 1327 1542 1358 super-

839 1375 954 1396 norum
968 1375 977 1396 2
994 1376 1065 1405 quae
1081 1375 1145 1397 non
1161 1367 1278 1406 quaerit
1291 1375 1352 1396 nec
1368 1366 1452 1403 sapit
1469 1373 1542 1403 quae

839 1421 964 1442 sursum
990 1412 1083 1450 sunt,
1105 1413 1161 1442 sed
1182 1421 1253 1450 quae
1279 1420 1377 1449 super
1402 1412 1540 1447 terram,

839 1465 901 1486 non
917 1458 1012 1495 plane
1030 1459 1079 1487 est
1103 1457 1215 1494 recta,
1243 1456 1300 1486 sed
1323 1464 1439 1493 curva,
1466 1463 1541 1485 cum

840 1503 948 1532 tamen
970 1511 1028 1541 pro
1048 1502 1235 1540 huiusmodi
1255 1510 1370 1540 magna
1387 1510 1456 1532 esse
1477 1509 1543 1531 non

839 1548 983 1586 desinat,
999 1557 1135 1579 manens
1149 1550 1263 1586 utique
1276 1549 1374 1578 etiam
1387 1548 1432 1577 sic
1449 1548 1543 1578 aeter-

840 1594 952 1624 nitatis
980 1603 1096 1632 capax.
1125 1595 1235 1632 Neque
1259 1595 1346 1624 enim
1370 1594 1458 1623 illius
1481 1593 1541 1623 ali-

839 1640 966 1678 quando
985 1648 1050 1669 non
1074 1648 1177 1678 capax
1193 1640 1273 1677 erit,
1295 1640 1424 1670 etiamsi
1446 1648 1540 1669 num-

840 1694 935 1723 quam
958 1686 1090 1723 capiens
1109 1685 1231 1724 fuerit,
1254 1687 1291 1715 ut
1318 1686 1360 1715 sit
1383 1685 1543 1724 quomodo

840 1731 994 1768 scriptum
1011 1732 1078 1769 est,
1111 1732 1332 1762 Verumtamen
1357 1732 1389 1761 in
1409 1732 1544 1769 imaqz'nc

838 1778 1005 1814 pertransit
1026 1777 1117 1807 homo
1135 1786 1145 1807 .-
1169 1785 1212 1806 ex
1235 1778 1326 1815 parte
1355 1778 1482 1814 tamen,
1504 1777 1544 1806 ut:

842 1821 1023 1852 eminentia
1037 1823 1137 1852 Verbi
1155 1824 1309 1861 appareat
1323 1823 1363 1852 de
1379 1823 1447 1860 ipsa
1459 1823 1545 1852 inte-

841 1869 971 1907 gritate.
1007 1870 1076 1906 Quo
1103 1869 1191 1900 enim
1220 1878 1239 1900 a
1272 1878 1386 1908 magno
1412 1870 1545 1899 rectove

842 1915 984 1945 Verbum
1000 1916 1114 1954 cadat,
1136 1916 1219 1954 quod
1236 1916 1282 1945 sic
1303 1924 1340 1945 ea
1356 1915 1470 1953 utique
1487 1915 1546 1944 ha-

841 1961 915 1999 bet,
947 1962 984 1991 ut
1005 1961 1048 1991 sit
1072 1970 1144 2000 quae
1162 1961 1288 1991 habet?
1311 1962 1369 1991 Vel
1399 1961 1472 1990 ideo
1502 1968 1546 1990 ex

841 2008 947 2046 parte,
963 2015 1005 2036 ne
1018 2007 1043 2036 si
1058 2007 1124 2037 toto
1136 2007 1320 2045 privaretur
1330 2029 1339 2044 ,
1353 2015 1415 2036 non
1428 2014 1543 2044 super-

843 2053 928 2082 esset
943 2060 1017 2091 spes
1032 2053 1158 2082 salutis.
1174 2054 1253 2082 Nam
1268 2053 1295 2083 si
1316 2053 1444 2082 desinat
1459 2060 1547 2090 mag-

842 2106 882 2127 na
899 2106 967 2128 esse
983 2119 992 2135 ,
1018 2099 1051 2128 et
1074 2107 1188 2137 capax.
1211 2099 1338 2137 Quippe
1361 2099 1400 2128 de
1420 2099 1548 2137 capaci·

842 2144 908 2174 tate
925 2142 985 2182 (ut
1000 2144 1069 2173 dixi
1083 2143 1282 2183 )aestimatur
1293 2143 1408 2174 animae
1422 2144 1549 2182 magni-

843 2190 932 2219 tudo.
949 2190 1032 2227 Quid
1048 2198 1126 2219 vero
1152 2198 1283 2229 sperare
1304 2190 1431 2229 posset,
1455 2190 1549 2228 cujus

843 2243 945 2273 capax
960 2243 1023 2264 non
1040 2235 1124 2265 foret
1139 2235 1152 2265 ἓ

890 2281 921 2310 [ι.
944 2282 1055 2319 Itaque
1075 2290 1134 2320 per
1154 2282 1430 2320 magnitudinem,
1453 2289 1548 2320 quam

843 2328 986 2357 retentat
1003 2327 1102 2357 etiam
1130 2329 1261 2366 perdita
1286 2327 1547 2364 rectitudine,in

844 2372 983 2410 imagine
1015 2374 1192 2411 pertransit
1219 2375 1332 2412 homo,
1359 2382 1423 2403 uno
1455 2372 1548 2410 quasi

845 2419 1030 2449 claudicans
1039 2420 1122 2458 pede
1132 2422 1183 2458 ,et
1195 2420 1297 2451 factus
1310 2420 1394 2449 filius
1407 2418 1546 2447 alienus,

844 2465 891 2494 De
927 2465 1046 2496 talibus
1075 2467 1164 2496 enim
1193 2474 1266 2496 reor
1301 2465 1424 2494 dictum
1443 2471 1451 2491 t
1475 2462 1549 2492 Filii

845 2511 938 2541 alieni
951 2513 1070 2542 mentiti
1090 2514 1162 2543 sunt
1177 2512 1269 2547 milii,
1283 2511 1340 2548 filii
1357 2509 1450 2539 ali'ene'
1465 2509 1546 2537 incc-

846 2558 937 2587 16νοίὶ
959 2560 1030 2588 sunt
1043 2579 1053 2595 ,
1077 2559 1106 2588 et
1125 2556 1368 2587 claudicaverunt
1391 2563 1410 2583 α
1435 2553 1548 2584 semitis

844 2604 917 2633 suz’s.
942 2603 1057 2634 Pulcrc
1083 2601 1239 2641 appellati
1262 2600 1335 2631 sunt
1355 2599 1411 2637 filii
1439 2598 1542 2628 alt'cni.

845 2648 923 2678 Nam
937 2649 994 2687 filii·
1013 2648 1145 2688 propter
1171 2646 1331 2678 retentam
1348 2643 1547 2683 magnitudi-
