1846 3078
541 240 587 268 IN
611 239 814 268 CANTICA
836 238 984 266 SERMO
1010 237 1105 266 LXV.

1499 242 1554 272 5611

132 304 190 328 sua
207 304 320 336 corpus
334 293 451 325 Christi
467 294 500 325 et
514 294 704 332 sanguinem
720 301 830 323 conse·
864 292 1050 322 connubium
1065 292 1104 322 sit
1119 291 1276 328 omnibus,
1291 293 1318 321 et
1330 293 1432 326 thorus
1450 298 1559 327 inania<

129 343 255 373 eraudi.
272 341 364 371 Prius
380 340 469 370 enim
488 348 547 378 per
561 347 675 369 manus
698 338 829 377 imposi-

129 389 250 418 tionem
265 387 305 416 de
320 393 458 416 numero
480 392 592 415 eorum
605 406 615 422 ,
636 392 716 422 quos
731 383 829 413 Audi-

126 434 214 464 tores
224 432 359 469 vocant,
371 430 534 469 recipiunt
555 438 631 460 eum
651 430 738 460 inter
752 430 828 459 Cre-

127 478 240 508 dentes
268 485 276 506 :
300 477 334 507 et
357 477 404 506 sic
424 476 540 506 licebit
565 483 642 505 eum
666 475 827 505 interesse

127 521 325 553 orationibus
360 530 491 559 eorum,
533 521 726 559 usquedum-
751 519 828 550 satis

126 568 298 607 probatum
335 576 410 597 eum
439 566 562 597 saciant
599 566 752 595 electum.
781 565 827 594 De

125 613 288 652 Baptismo
314 614 424 643 nostro
448 620 512 642 non
541 611 664 641 curant·
693 610 828 648 Nuptias

126 659 299 696 damnant,
321 659 379 688 sed
402 666 530 688 causam
553 657 594 686 ab
620 657 668 687 eis
692 656 829 686 investi-

125 712 202 744 gare
214 713 279 734 non
293 703 384 742 potui
394 711 403 741 ;
415 704 469 733 vel
484 703 558 741 quia
574 710 645 732 eam
654 701 747 731 fateri
764 708 828 730 non

126 749 310 787 audebant,
324 749 379 780 vel
392 748 500 787 potius
516 748 593 786 quia
608 754 680 776 eam
698 746 828 784 ignora-

127 795 218 826 bant.

168 852 186 868 »
200 840 232 870 [ι.
249 840 331 870 Sunt
354 839 434 869 item
451 838 508 868 alii
529 837 676 867 haeretici
697 836 826 875 quidam

125 886 161 916 in
177 886 263 915 terra
284 885 409 922 nostra,
426 883 555 913 omnino
568 883 607 912 ab
622 883 692 912 istis
707 882 829 911 discor-

127 931 320 968 dantes,per
334 937 470 968 quorum
482 929 627 958 mutuam
636 927 827 957 discordiam

127 977 160 1006 et
175 976 418 1006 contentionem
428 974 559 1012 utrique
574 973 668 1003 1101113
683 973 760 1003 sunt
771 972 829 1002 de-

127 1022 220 1051 tecti.
245 1021 301 1052 Isti
320 1021 440 1058 negant
461 1020 496 1049 in
521 1019 616 1049 altari
630 1019 829 1057 fiericorpus

122 1067 247 1097 Christi
260 1090 270 1106 ,
287 1075 325 1097 eo
348 1066 434 1104 quod
449 1073 560 1095 omnes
575 1064 759 1095 sacerdotes
775 1072 829 1094 ec-

127 1113 235 1143 ciesiae
261 1120 325 1142 non
346 1112 422 1142 sunt
437 1110 626 1141 consecrati.
647 1110 829 1148 Apostolica

128 1158 215 1187 1-111111
234 1157 375 1196 dignitas
397 1155 561 1196 (dIcunt)
584 1156 735 1193 corrupta
757 1156 827 1194 est,

127 1204 298 1242 implicans
323 1212 357 1234 se
382 1203 520 1240 negotiis
538 1201 769 1238 saecularibus3
796 1202 828 1231 et

126 1249 162 1278 in
183 1248 336 1278 cathedra
362 1249 450 1278 Petri
475 1255 541 1278 non
562 1247 707 1278 militans
738 1248 827 1285 Deo,

127 1295 211 1325 sicut
235 1294 365 1332 Petrus,
398 1293 559 1332 potestate
597 1293 828 1330 consecrandi,

128 1348 200 1377 quae
225 1339 299 1369 data
326 1338 389 1369 fuit
412 1339 525 1377 Petro,
551 1347 585 1368 se
607 1338 772 1376 privavit:
797 1339 830 1368 et

127 1385 214 1422 quod
229 1386 298 1423 ipsa
320 1393 385 1414 non
405 1384 503 1414 habet
515 1406 524 1422 ,
538 1383 781 1421 Archiepiscopi
797 1384 830 1413 et

127 1429 295 1468 Episcopi,
318 1430 374 1468 qui
396 1430 430 1459 in
462 1430 606 1459 Ecclesia
631 1428 830 1459 saeculariter

127 1476 263 1513 vivunt,
277 1476 318 1505 ab
338 1484 375 1505 ea
393 1484 458 1505 non
477 1475 641 1513 accipiunt
655 1475 692 1504 ut
706 1474 829 1512 aliquos

129 1529 315 1551 consecrare
345 1521 488 1559 possint,
515 1520 722 1551 advertentes
748 1520 830 1549 illud

127 1566 169 1595 de
197 1567 305 1596 verbis
330 1566 447 1596 Christi
483 1575 490 1595 :
527 1568 625 1605 Super
651 1567 830 1596 cathedram

127 1613 227 1650 Moysi
235 1614 376 1643 sederunt
391 1612 504 1642 Scribae
519 1614 546 1642 et
567 1613 723 1642 Pltarisoez'
735 1621 745 1650 ,·
763 1620 830 1649 quoe

127 1658 212 1688 vobis
236 1659 340 1688 dicunt
364 1659 466 1696 facile.
491 1658 588 1694 Quasi
611 1658 682 1687 istis
709 1658 830 1689 talibus

129 1710 279 1732 concessa
294 1703 336 1732 sit
350 1703 491 1741 potestas
506 1703 633 1732 tantum
649 1703 780 1733 dicendi
799 1704 831 1733 et

128 1749 363 1786 praecipiendi,
389 1749 424 1778 et
444 1749 528 1778 nihil
550 1749 700 1786 amplius.
726 1750 764 1778 Et
787 1749 832 1779 ita

129 1794 289 1824 evacuant
304 1794 518 1824 sacerdotium
527 1793 689 1831 Ecclesiae,
703 1794 733 1824 et
743 1794 832 1824 dam-

127 1840 208 1870 nant
235 1840 452 1877 sacramenta,
485 1840 603 1877 praeter
631 1840 832 1877 Baptismum

128 1884 233 1914 solum
244 1906 252 1922 ,
271 1885 305 1914 et
319 1885 405 1914 hunc
421 1885 455 1914 in
472 1884 609 1922 adultis,
625 1893 703 1922 quos
719 1885 833 1915 dicunt

129 1929 289 1967 baptizari
306 1938 363 1968 per
377 1931 539 1960 Christum
552 1953 561 1968 ‚
578 1931 775 1969 quicumque
791 1931 833 1960 sit

129 1975 280 2005 minister
295 1977 584 2006 sacramentorum.
608 1976 655 2005 De
669 1976 832 2014 Baptismo

127 2021 340 2058 parvulorum
361 2021 458 2051 fidem
474 2030 538 2051 non
554 2021 694 2058 habent,
714 2023 833 2059 praeter

126 2066 212 2095 illud
225 2066 264 2095 (le
277 2067 449 2104 Evangelio
464 2068 543 2106 :Qui
553 2067 745 2096 credideritet
758 2067 834 2106 bap-

128 2113 242 2142 matus
263 2113 377 2150 fuerit,
393 2113 495 2142 salvus
509 2113 577 2141 erit.
595 2112 695 2141 Omne
718 2112 834 2150 conju-

125 2155 217 2193 gium
227 2158 342 2186 vocant
351 2156 611 2194 fornicationem,
619 2157 738 2194 praeter
749 2157 834 2195 quod

130 2202 337 2232 contrahitur
363 2202 453 2232 inter
483 2203 637 2240 utrosque
669 2203 831 2242 virgines,

126 2250 307 2277 masculum
315 2248 347 2278 et
361 2248 515 2278 feminam
526 2270 535 2286 ,
548 2249 752 2279 adstruentes
765 2250 833 2280 haec

128 2291 171 2320 dc
195 2293 305 2322 verbis
331 2293 463 2323 Domini
486 2315 495 2331 ,
521 2294 640 2332 quibus
667 2294 834 2333 respondit

128 2336 321 2367 Pharisaeis:
338 2339 424 2376 Quod
438 2340 520 2368 Deus
541 2339 719 2376 conjunoeit,
743 2340 833 2371 homo

129 2390 193 2411 mm
208 2384 337 2421 separet.
347 2383 443 2420 Quasi
455 2384 541 2413 Deus
553 2385 636 2414 tales
649 2385 833 2424 conjungat,

131 2428 294 2466 tamquam
318 2428 357 2457 ad
376 2428 626 2459 similitudinem
653 2431 834 2468 primorum

131 2472 312 2504 hominum.
330 2475 368 2505 Et
381 2474 464 2513 quod
481 2475 604 2505 eisdem
621 2476 651 2506 ei
667 2485 833 2515 opponen-

131 2518 220 2549 tibus
234 2520 274 2550 dc
290 2520 401 2550 libello
423 2521 590 2559 respondit
613 2522 763 2560 repudii,
787 2523 833 2554 Ab

132 2565 219 2595 υιίίίο
240 2574 303 2594 non
323 2566 452 2604 Ῑιιὶιεῖες
466 2566 593 2597 etitem
613 2567 699 2605 quod
711 2568 834 2598 ibidem

133 2611 280 2648 sequitur
293 2619 301 2639 2
318 2612 379 2650 Qui
387 2612 543 2642 dimissam
554 2614 688 2649 duxerit,
700 2614 834 2644 1110901111-

134 2658 206 2695 310⁰,-
229 2657 262 2687 et
286 2657 366 2688 illud
386 2657 426 2689 de
452 2657 600 2697 Apostolo
621 2667 629 2688 :
649 2660 834 2691 Ilonorubile

863 339 991 368 eulaius.

903 395 920 410 »
937 383 967 412 5.
984 383 1020 412 In
1034 381 1194 420 suffragiis
1210 382 1392 411 sanctorum
1408 393 1469 414 non
1485 395 1558 416 con—

863 428 981 466 fidunt3
996 428 1121 466 jejunia
1134 427 1328 466 caeterasque
1351 428 1558 467 afflictiones,

861 483 933 512 quae
947 475 1029 504 fiunt
1043 482 1100 513 pro
1112 473 1269 512 peccatis,
1285 472 1454 503 adstruunt
1467 474 1561 510 Jusiis

861 528 926 550 non
943 528 1012 551 esse
1027 519 1228 557 necessaria,
1250 527 1312 549 nec
1331 518 1430 549 etiam
1450 528 1562 557 pecca-

862 566 1005 596 toribus:
1035 566 1112 604 quia
1136 568 1170 596 in
1192 574 1383 604 quacumque
1411 565 1457 594 die
1482 566 1564 602 inqe-

861 613 972 642 iuuerit
980 614 1134 651 peccator,
1148 612 1253 641 omnia
1258 612 1383 648 peccatu
1396 611 1561 640 remittun-

862 658 913 686 tur
934 658 963 686 ei
976 666 986 686 .·
1004 656 1200 694 caeterasque
1216 654 1437 685 observantias
1455 655 1490 684 in
1504 655 1564 684 Ec-

863 701 960 731 clesia
973 723 983 739 ,
1011 710 1091 740 quas
1117 701 1261 731 Christus
1287 701 1321 731 et
1350 700 1494 738 Apostoli
1521 700 1561 729 ab

862 747 929 784 ipso
941 747 1147 777 discedentes
1169 754 1234 776 11011
1252 746 1489 783 condiderunt,
1506 754 1562 775 vo-

862 793 936 822 cant
950 792 1209 831 superstitiones.
1222 791 1444 829 Purgatorium
1457 791 1564 829 ignem

862 837 933 875 post
953 838 1092 868 mortem
1106 845 1170 867 non
1186 836 1369 867 concedunt
1385 844 1393 865 t
1418 836 1474 866 sed
1492 836 1566 865 ani-

862 891 930 913 mas
958 883 1065 914 statim
1076 905 1085 922 ,
1108 883 1237 921 quando
1266 882 1497 920 egrediuntur,
1525 881 1564 911 (10

863 937 995 967 corpore
1012 930 1046 959 in
1071 929 1225 959 aeternam
1247 929 1301 959 vel
1317 928 1484 966 requiem,
1508 928 1561 957 ve}

862 983 990 1012 poenam
1013 975 1165 1012 transire,
1186 975 1318 1013 propter
1342 974 1398 1003 illa
1422 973 1564 1003 Salomo-

862 1021 912 1050 nis
933 1030 940 1049 :
970 1022 1103 1060 Liqnum
1131 1022 1163 1050 in
1189 1028 1413 1059 quamcumque
1443 1021 1564 1057 purtem

863 1069 1015 1104 ceciderit,
1028 1068 1087 1097 sive
1102 1068 1142 1096 ad
1156 1066 1318 1102 Austrum,
1334 1066 1393 1095 slve
1410 1066 1449 1094 ud
1463 1065 1563 1102 Aqui*

863 1112 980 1149 Ionem,
1007 1112 1052 1142 ibi
1079 1111 1226 1141 manebit.
1256 1112 1294 1141 Et
1320 1111 1366 1141 sic
1404 1110 1562 1140 Fidelium

863 1159 1023 1189 orationes
1046 1159 1102 1190 vel
1125 1157 1304 1189 oblationes
1326 1165 1385 1196 pro
1403 1156 1564 1187 defunctis

863 1204 1056 1235 adnihilant.

902 1261 920 1278 1)
935 1251 965 1280 6.
983 1251 1098 1281 Contra
1107 1250 1176 1280 haec
1184 1249 1249 1279 tam
1261 1247 1564 1279 multiformiamala

863 1304 1026 1334 rogamus,
1049 1297 1157 1325 sancte
1172 1296 1284 1332 Pater,
1300 1295 1337 1324 ut
1353 1294 1487 1331 evigilet
1503 1294 1565 1322 sol-

863 1340 997 1370 licitudo
1010 1341 1118 1370 vestra
1129 1362 1138 1378 ,
1155 1340 1188 1369 et
1203 1340 1313 1369 contra
1332 1339 1416 1368 feras
1432 1339 1565 1368 arundi-

863 1386 913 1416 nis
931 1386 1051 1425 stylum
1066 1386 1223 1423 dirigatis.
1240 1386 1305 1414 Nec
1320 1384 1414 1414 nobis
1432 1392 1566 1421 respon*

863 1432 983 1469 deatis,
999 1432 1084 1470 quod
1098 1432 1197 1461 turris
1214 1432 1269 1460 illa
1281 1429 1403 1467 David,
1418 1429 1564 1467 adquam

864 1476 1079 1514 confugimus,
1096 1477 1171 1506 satis
1184 1477 1226 1506 sit
1237 1475 1392 1505 aedificata
1403 1483 1477 1504 cum
1492 1483 1566 1511 pro<

864 1522 1070 1560 pugnacuHs,
1094 1522 1179 1560 quod
1194 1522 1283 1551 mille
1298 1520 1405 1558 clypei
1422 1520 1565 1558 pendent

864 1576 906 1597 ex
920 1568 974 1597 illa
985 1588 994 1605 ,
1020 1567 1125 1597 omnis
1145 1567 1307 1597 armatura
1334 1566 1476 1595 fortium.
1504 1565 1565 1595 Sed

864 1614 1011 1643 volumus
1021 1635 1030 1650 ,
1043 1614 1147 1651 Pater,
1161 1614 1197 1643 nt
1212 1614 1280 1643 haec
1296 1614 1458 1643 armatura
1469 1620 1566 1649 prop-

866 1660 915 1688 ter
934 1668 991 1689 nos
1002 1660 1216 1697 simpliciores
1232 1660 1264 1688 ct
1277 1659 1444 1695 tardiores,
1457 1658 1566 1687 vestro

864 1704 970 1733 studio
995 1704 1031 1733 111
1057 1712 1159 1733 unum
1183 1704 1337 1740 collecta,
1365 1705 1473 1732 contra
1496 1703 1564 1732 haer

864 1750 911 1779 tot
926 1749 1070 1778 monstra
1087 1749 1127 1778 ad
1150 1748 1386 1779 inveniendum
1398 1748 1454 1777 fiat
1474 1756 1566 1786 para-

864 1795 944 1831 tior,
957 1795 990 1824 et
1004 1794 1038 1823 in
1050 1794 1231 1824 resistendo
1247 1794 1418 1824 efficacior.
1434 1793 1565 1823 Noveri«

865 1840 905 1869 tis
921 1839 1038 1877 etiam,
1054 1840 1183 1869 domine
1195 1862 1204 1878 ,
1221 1840 1306 1878 quod
1328 1839 1503 1869 redeuntes
1527 1839 1566 1868 ad

866 1886 1036 1915 ecclesiam
1054 1885 1147 1915 1101113
1159 1885 1332 1923 dixerunt,
1356 1885 1428 1914 iilos
1444 1885 1564 1914 habere

866 1932 1042 1960 maximam
1074 1931 1318 1961 multitudinem
1349 1930 1416 1960 sere
1443 1930 1565 1967 ubique

866 1978 1024 2007 terrarum
1039 1984 1192 2014 sparsam,
1209 1977 1242 2006 et
1252 1976 1371 2005 habere
1386 1984 1440 2005 eos
1452 1976 1563 2013 plures

866 2030 908 2051 ex
922 2022 1039 2052 nostris
1051 2022 1179 2051 cleric1s
1191 2023 1224 2052 ct
1236 2022 1412 2051 monachis.
1428 2022 1478 2050 llli
1489 2030 1565 2051 vero

865 2067 922 2105 qui
938 2067 1097 2097 combusti
1113 2068 1205 2104 sunt,
1233 2068 1389 2098 dixerunt
1414 2067 1509 2097 nobis
1533 2068 1566 2096 111

866 2112 1054 2142 defensione
1081 2121 1155 2150 sua,
1183 2113 1266 2142 hanc
1292 2113 1443 2143 haeresim
1464 2122 1566 2151 usque

866 2157 906 2187 ad
934 2158 1003 2188 haec
1029 2159 1176 2196 tempora
1205 2159 1398 2189 occultatam
1425 2159 1524 2188 fuisse
1549 2167 1567 2188 a

866 2203 1066 2240 temporibus
1081 2205 1255 2242 Martyrum
1266 2226 1275 2241 ,
1295 2204 1329 2234 et
1349 2204 1566 2241 permansisse

866 2247 901 2276 in
916 2248 1051 2285 Graecia,
1068 2251 1101 2278 et
1112 2249 1307 2286 quibusdam
1321 2248 1393 2279 aliis
1407 2248 1514 2278 terris.
1531 2250 1569 2277 Et

866 2293 900 2323 hi
914 2293 991 2323 sunt
1002 2294 1052 2323 illi
1066 2294 1231 2332 haeretici,
1243 2294 1297 2332 qui
1308 2303 1341 2324 se
1357 2294 1469 2324 dicunt
1485 2296 1568 2332 Apo-

866 2340 974 2378 stolos,
991 2340 1025 2370 et
1039 2348 1133 2370 suum
1148 2341 1266 2378 Papam
1282 2339 1414 2369 habent.
1431 2339 1493 2369 Alii
1511 2340 1566 2367 Pa-

866 2394 941 2423 pam
967 2385 1114 2415 nostrum
1143 2386 1345 2423 adnihilant,
1370 2394 1430 2414 1100
1456 2386 1564 2414 tamen

867 2431 967 2461 alium
981 2432 1100 2470 praeter
1115 2439 1190 2462 eum
1205 2432 1327 2462 habere
1343 2431 1494 2460 fatentur.
1510 2428 1565 2458 Isti

866 2477 1039 2515 Apostolici
1056 2477 1175 2508 satanae
1187 2477 1308 2507 liabent
1323 2477 1408 2505 inter
1423 2484 1456 2504 se
1472 2474 1566 2502 semi-

867 2531 924 2553 nas
939 2521 949 2562 (
965 2524 1002 2553 ut
1016 2523 1127 2553 dicunt
1142 2523 1153 2562 )
1182 2523 1401 2555 continentes,
1429 2519 1542 2548 viduas
1554 2539 1563 2553 ,

868 2568 1028 2607 virgines,
1056 2577 1174 2598 uxores
1191 2576 1280 2604 suas,
1303 2564 1454 2603 quasdam
1479 2563 1565 2591 inter

868 2615 998 2652 electas,
1009 2615 1160 2653 quasdam
1178 2614 1262 2643 inter
1274 2610 1458 2645 credentes3
1472 2607 1563 2645 quasi

868 2660 907 2691 ad
936 2660 1068 2691 sormam
1093 2659 1308 2697 Apostolorum
1319 2678 1327 2694 ,
1345 2655 1460 2694 quibus
1487 2661 1564 2689 con<
