1810 3073
303 221 364 252 188

300 274 450 313 placens,
465 275 498 306 et
518 274 673 314 perfecta.
689 276 737 305 Ex
751 284 791 306 ea
803 284 879 306 sane
895 275 1002 314 operis

300 327 337 348 ac
362 321 516 359 temporis
538 321 653 351 damna
674 322 756 351 mihi
777 321 928 352 resarcio.
943 321 1001 350 Ille

300 366 394 402 pacto
409 367 649 403 conventionis,
666 376 723 405 ego
748 367 866 405 placito
891 366 1004 395 volun-

299 411 375 441 tatis
390 412 528 451 inultm-3
546 413 653 450 credo,
667 415 699 442 et
713 421 776 441 non
793 412 831 441 ad
846 411 1004 449 insipien·

300 456 379 486 tiam
394 458 488 488 mihi.
504 460 581 488 Nam
596 459 663 487 vita
680 458 714 486 in
729 458 893 486 voluntate
920 456 1001 493 ejus.

299 502 357 532 111a
372 503 453 532 mihi
469 503 658 533 reconciliat
670 504 814 539 Patrem,
830 502 885 531 illa
899 502 1004 531 liaere-

299 548 436 578 (litatem
470 549 631 586 restituit,
663 548 761 577 etiam
796 547 1002 578 cumulatiori

297 590 402 632 gratia
416 604 424 624 :
441 594 658 633 symphoniae,
677 595 710 624 et
726 595 857 633 cantus,
875 594 907 623 et
923 601 1004 631 epu-

298 640 400 669 larum
411 661 420 677 ,
450 648 486 669 ac
515 640 615 670 totius
644 639 836 670 exsultantis
872 639 1003 669 familiae

297 685 512 714 celeberrima
541 684 656 723 gaudia
683 685 817 715 suscitat
844 685 938 714 mihi.
970 685 1002 714 Si

297 729 484 768 indignatur
498 730 599 760 frater
618 739 712 761 meus
733 731 841 761 sentor
858 731 934 768 ille,
947 731 1002 769 qui

296 775 428 805 haedum
448 776 619 816 comedere
647 777 772 806 mavult
797 785 870 806 cum
891 775 1003 805 amicis

296 821 363 851 suis
390 821 467 851 foris
478 844 487 859 ,
518 830 613 860 quam
652 830 780 851 mecum
808 822 841 851 in
869 824 1001 860 paterna

297 866 392 896 domo
415 867 555 896 vitulum
578 867 777 905 saginatum,
793 867 1003 905 respondebi-

296 913 349 942 tur
364 912 412 942 illi
429 913 581 950 :Epulari
594 914 622 941 et
634 913 764 950 gaudere
781 915 915 951 oportet,
930 915 1000 951 quia

298 958 346 987 hic
355 958 436 994 filias
446 966 531 987 meus
543 959 682 987 mortuus
697 958 818 995 fuerat,
831 960 858 987 ct
873 959 1001 995 revixit,-

294 1004 449 1041 ρει-ἰᾶταί,
465 1004 493 1032 et
509 1004 646 1032 inventus
656 1004 708 1032 est.
722 1002 833 1032 Adhuc
846 1010 1002 1040 synagoga

297 1047 374 1076 foris
391 1047 542 1085 epulatur
557 1055 629 1076 cum
646 1047 759 1076 amicis
773 1047 839 1077 suis
851 1047 1003 1077 daemoni-

296 1092 375 1130 bus,
391 1093 508 1130 quibus
530 1093 606 1122 satis
629 1093 753 1131 placet,
769 1093 852 1131 quod
873 1093 1002 1123 haedum

297 1138 424 1176 peccati
434 1137 594 1175 insipiens
605 1138 737 1167 devorat
753 1138 983 1176 transglutiens
994 1160 1002 1176 ,

296 1184 394 1221 atque
410 1182 547 1220 quodam
556 1182 650 1212 modo
664 1183 845 1220 occultans,
862 1182 896 1212 et
911 1191 1003 1221 repo·

295 1237 378 1259 nens
403 1228 466 1258 sibi
491 1228 573 1258 illud
596 1229 630 1258 in
652 1229 766 1258 ventre
791 1228 945 1258 socordiae
971 1230 1002 1258 et

760 226 792 254 S.
812 226 1047 254 BERNARDI
1066 227 1261 257 ABBATIS

1036 276 1116 307 illud
1140 280 1286 316 spectare
1314 280 1399 319 quod
1424 281 1537 320 legunt
1552 289 1562 312 ε
1578 281 1735 313 ‚adducen-

1036 324 1086 351 tur
1102 325 1167 361 reqz'
1180 325 1310 363 virqz'nes
1324 329 1391 364 post
1400 337 1469 357 eam
1479 349 1488 364 ,
1499 328 1651 366 proaez'moe
1671 328 1736 366 ejus

1036 368 1201 403 afferentur
1216 370 1281 400 tibi.
1298 372 1335 401 Et
1349 373 1384 401 ut
1396 381 1530 411 quaeque
1544 373 1623 402 sciat
1643 373 1733 410 cuius

1035 413 1167 450 spiritus
1195 414 1254 452 sit,
1283 416 1428 454 virgines
1456 418 1528 447 dico
1554 418 1642 455 illas,
1663 426 1736 456 qum*

1036 460 1110 488 ante
1135 460 1258 490 Christo
1285 461 1470 500 foederatae,
1486 472 1584 501 quam
1609 463 1736 493 foedatae

1037 505 1149 534 mundi
1173 507 1415 545 complexibus,
1432 508 1491 545 ipsi
1508 507 1644 537 firmiter
1663 515 1734 545 per—

1035 552 1202 589 severant,
1219 552 1271 581 cui
1295 560 1329 582 se
1354 554 1443 583 tanto
1458 552 1602 590 feliciuS,
1617 552 1735 590 quanto

1037 595 1194 626 maturius
1210 597 1411 628 devoverunt
1426 607 1434 627 :
1450 597 1615 636 proximas
1639 605 1734 635 vero,

1035 648 1106 677 quae
1128 642 1297 679 pristinam
1318 651 1408 673 suam
1428 642 1679 680 deformitatem,
1699 642 1734 673 in

1036 695 1097 723 qua
1111 688 1231 717 mundo
1246 689 1323 718 huic
1339 688 1531 727 quandoque
1543 687 1734 726 conformes,

1036 733 1148 762 mundi
1182 735 1403 773 principibus,
1434 735 1468 764 id
1494 734 1543 764 est
1569 734 1734 771 spiritibus

1035 779 1224 816 spurcis,in
1249 781 1337 809 omni
1362 780 1483 810 carnali
1506 779 1736 817 concupiscen-

1036 823 1078 852 tia
1093 833 1162 854 sese
1180 825 1318 863 turpiter
1335 826 1588 864 prostituerant,
1605 824 1737 854 tandem

1034 868 1206 906 aliquando
1220 871 1448 900 erubescentes
1459 870 1492 900 et
1507 870 1684 906 exeuntes,
1700 869 1734 899 in

1035 914 1109 943 novi
1139 915 1280 945 hominis
1303 916 1589 953 formam,quanto
1615 915 1733 951 serius,

1035 960 1123 989 tanto
1139 961 1296 991 sincerius
1319 961 1493 991 reformare
1517 961 1682 991 festinant.
1698 961 1736 990 Et

1035 1003 1084 1033 hae
1100 1004 1133 1033 et
1147 1004 1209 1034 illae
1221 1013 1296 1035 sane
1307 1005 1492 1043 proficiant,
1505 1012 1569 1034 non
1582 1005 1736 1034 deficiant

1035 1056 1139 1085 neque
1165 1048 1342 1086 fatigentur
1359 1049 1441 1079 :etsi
1471 1049 1610 1078 necdum
1636 1050 1732 1086 plene

1036 1094 1068 1122 in
1093 1102 1128 1123 se
1152 1095 1416 1133 sentiunt,unde
1440 1095 1549 1124 dicant
1575 1095 1608 1123 et
1632 1094 1732 1132 ipsae:

1036 1139 1141 1168 Oleum
1170 1140 1298 1176 efflisum
1322 1149 1433 1170 nomen
1453 1142 1550 1170 tuum.
1566 1140 1630 1170 Nec
1648 1141 1736 1170 enim

1035 1184 1154 1214 audent
1188 1185 1436 1215 adolescentulae
1473 1193 1532 1223 per
1563 1193 1598 1215 se
1628 1185 1733 1216 facere

1036 1230 1133 1259 verba
1157 1238 1283 1268 sponso.
1299 1231 1420 1260 Tamen
1444 1230 1471 1260 si
1487 1230 1644 1268 magistrae
1665 1239 1735 1261 ves-

296 1274 498 1313 insipientiae
517 1283 582 1304 suae
594 1296 603 1312 ,
619 1274 695 1304 dum
713 1275 922 1304 contemnens
942 1266 1019 1304 Deit
1037 1274 1122 1312 ligiis
1136 1276 1278 1313 pressius
1294 1275 1454 1305 inhaerere
1480 1275 1629 1314 student,
1643 1276 1734 1306 effusi

293 1320 474 1359 justitiam,
491 1321 524 1350 et
546 1328 637 1350 suam
658 1321 770 1350 volens
786 1320 1002 1357 constituere,
1035 1321 1097 1349 olei
1113 1321 1227 1350 saltem
1243 1322 1339 1351 odore
1356 1321 1621 1358 delectabuntur,
1637 1322 1671 1351 et
1685 1321 1734 1351 in-

296 1366 378 1396 dicit
407 1375 441 1396 se
469 1374 534 1396 non
564 1366 686 1396 habere
720 1366 891 1403 peccatum
907 1386 917 1402 ,
943 1373 1003 1395 nec
1035 1366 1218 1396 citabuntur
1233 1367 1330 1396 etiam
1344 1366 1383 1396 de
1399 1366 1505 1400 odoris
1525 1366 1733 1406 perceptione

297 1414 402 1441 morte
427 1420 521 1449 egere
544 1412 640 1441 vituli
666 1411 820 1449 saginati,
849 1410 1003 1440 mundam
1035 1419 1152 1449 cupere
1170 1413 1202 1441 et
1216 1420 1360 1450 quaerere
1376 1412 1512 1450 potiora.

297 1456 460 1494 siquidem
483 1457 667 1495 justamque
684 1465 725 1486 ex
746 1457 827 1493 legis
851 1456 1004 1494 operibus
1073 1456 1103 1486 6.
1129 1458 1330 1495 Frequenter
1351 1465 1410 1495 ego
1431 1457 1500 1495 ipse
1515 1456 1620 1496 (quod
1640 1458 1733 1489 fateri

296 1510 332 1532 se
361 1504 525 1540 reputans.
554 1503 594 1531 At
621 1510 699 1531 vero
728 1501 888 1538 Ecclesia,
906 1502 1018 1544 scissoI
1033 1510 1097 1532 non
1116 1502 1338 1542 verecundor)
1356 1504 1563 1541 maximeque
1585 1504 1619 1532 in
1641 1504 1737 1534 initio

296 1548 370 1577 velo
399 1548 578 1577 occidentis
602 1547 721 1577 litterae
737 1547 770 1576 in
786 1548 888 1576 morte
904 1547 1019 1585 Verbil
1035 1549 1253 1578 conversionis
1264 1557 1344 1577 meae
1355 1570 1363 1585 ,
1379 1548 1474 1578 corde
1490 1548 1589 1577 durus
1601 1549 1634 1578 et
1648 1549 1735 1588 frigi-

296 1593 463 1630 crucisixi,
489 1593 642 1623 audacter
665 1593 703 1622 ad
731 1593 800 1628 ejus
825 1589 1020 1660 penetralia}
1034 1594 1111 1631 dus,
1128 1595 1162 1624 et
1184 1602 1330 1632 quterens
1353 1602 1450 1632 quem
1471 1594 1573 1623 vellet
1594 1594 1734 1632 diligere

297 1640 464 1676 praeeunte
501 1639 619 1677 spiritu
642 1639 803 1668 libertatis
832 1638 1003 1677 irrumpit,
1034 1640 1142 1670 anima
1169 1648 1257 1675 mea3
1277 1638 1359 1678 (nec
1375 1640 1461 1668 enim
1477 1639 1583 1669 adhuc
1598 1639 1734 1678 diligere

295 1685 497 1722 agnoscitur,
513 1685 638 1722 placet,
654 1685 786 1714 sortitur
809 1684 933 1725 aemulae
956 1665 1019 1714 10-Ι
1034 1687 1159 1723 poterat
1183 1694 1280 1723 quem
1308 1685 1450 1714 nondum
1476 1684 1661 1722 invenerat,
1679 1687 1736 1716 aut

297 1738 387 1768 cum,
404 1730 438 1760 fit
457 1739 591 1768 sponsa,
607 1730 726 1760 fruitur
744 1730 914 1768 praereptis
936 1738 1005 1759 am·
1034 1733 1122 1761 certe
1143 1731 1251 1760 minus
1274 1739 1371 1769 quam
1394 1731 1495 1760 vellet
1511 1730 1686 1769 diligebat,
1702 1732 1736 1762 et

296 1776 467 1814 plexibus,
485 1777 517 1806 et
536 1777 570 1806 in
596 1776 701 1805 calore
724 1776 857 1814 spiritus
879 1775 1017 1805 Christo*
1034 1778 1073 1807 ob
1098 1777 1158 1806 hoc
1179 1777 1346 1815 quaerebat
1373 1777 1409 1805 ut
1437 1776 1539 1813 magis
1563 1775 1733 1814 diligeret3

295 1821 453 1860 Domino,
483 1822 534 1852 cui
565 1821 782 1858 confricatur,
815 1789 1130 1861 inliaerens,iquem
1154 1829 1358 1859 nequaquam
1383 1820 1560 1858 quaereret,
1581 1820 1645 1850 nisi
1666 1821 1734 1858 jam

296 1868 439 1898 stillante
448 1877 483 1899 ac
493 1868 649 1898 fundente
664 1868 807 1906 undique
820 1876 884 1897 suae
897 1864 1017 1897 oleum'
1033 1867 1236 1906 aliquatenus
1255 1866 1434 1895 dilexisset.
1450 1864 1460 1903 )
1477 1865 1553 1894 Cum
1570 1873 1644 1903 ergo
1659 1873 1735 1895 eum

297 1916 544 1952 exsultationis,
560 1915 620 1943 hoc
637 1914 692 1943 illa
708 1922 773 1951 prae
788 1913 1018 1952 participibus.
1033 1920 1233 1951 quaererem,
1258 1911 1293 1940 in
1315 1919 1377 1949 quo
1399 1911 1614 1940 recalesceret
1638 1910 1732 1949 atque

297 1960 364 1990 suis
381 1960 567 1997 excipiens,
584 1958 628 1988 ait
645 1968 653 1987 :
671 1958 777 1988 Oleum
800 1958 926 1994 effusum
946 1966 1017 2000 πο·Ι
1034 1958 1254 1996 requiesceret
1267 1957 1402 1995 spiritus
1416 1964 1527 1993 meus,
1543 1956 1656 1994 utique
1668 1957 1733 1986 tor-

296 2016 367 2037 men
383 2009 481 2036 tuum.
495 2005 579 2042 Quid
591 2004 709 2034 mirum
724 2004 751 2034 si
763 2003 916 2042 ungitur,
931 2002 1018 2052 quae,
1032 2012 1112 2042 pens
1142 2004 1175 2033 et
1199 2004 1374 2041 languen53
1404 2010 1464 2031 nec
1488 2002 1556 2031 ulla
1579 2002 1619 2031 de
1643 2002 1732 2040 parte

295 2052 430 2082 unctum
452 2049 679 2089 amplectitur?
1014 2055 1017 2074 ¹
1033 2050 1219 2080 occurreret
1237 2049 1295 2087 qui
1320 2048 1542 2085 succurreret,
1557 2055 1616 2085 per
1637 2056 1732 2085 quem

337 2099 367 2127 5.
389 2096 530 2126 Ecclesia
547 2103 621 2132 ergo
636 2094 799 2124 recumbit
822 2093 927 2131 intus,
944 2093 1002 2123 sed
1032 2095 1187 2125 videlicet
1221 2094 1336 2124 bruma
1373 2093 1499 2131 rigens,
1525 2100 1596 2129 quae
1623 2100 1733 2122 sensus

295 2142 437 2172 Ecclesia
474 2141 606 2170 interim
644 2139 877 2178 perfectorum.
923 2139 1002 2176 Spes
1032 2140 1208 2178 strIngebat
1236 2140 1399 2176 internos,
1425 2138 1675 2175 dissolveretur,
1700 2138 1734 2168 et

296 2190 407 2216 tamen
440 2188 488 2216 est
522 2187 555 2216 et
584 2186 689 2216 nobis.
716 2185 918 2214 Excubemus
943 2192 1001 2222 pro
1032 2186 1173 2216 vernalis
1207 2186 1265 2215 illa
1301 2185 1445 2215 suavitas
1483 2191 1520 2212 ac
1555 2183 1734 2220 spiritualis

296 2232 418 2261 foribus
433 2232 487 2269 qui
513 2232 622 2261 minus
637 2230 774 2269 perfecti
799 2238 926 2267 sumus,
945 2237 1000 2266 spe
1031 2231 1200 2261 aruoenitas
1219 2230 1461 2260 reverteretur:
1475 2229 1551 2258 tunc
1574 2228 1675 2266 magis
1696 2235 1733 2258 ac

297 2277 487 2315 gaudentes,
503 2277 644 2314 Sponsus
660 2278 692 2306 et
705 2284 819 2314 sponsa
840 2276 899 2305 soli
915 2276 1016 2317 inte-¹
1032 2276 1334 2316 magislanguebat,
1348 2276 1380 2305 et
1395 2274 1552 2310 taedebat,
1570 2274 1602 2302 et
1614 2273 1734 2303 dormi-

296 2323 358 2353 rim
398 2322 484 2352 intus
520 2322 610 2359 sint,
646 2323 767 2352 mutuis
802 2322 1000 2359 secretisque
1032 2323 1120 2352 tabat
1135 2322 1242 2351 anima
1262 2329 1351 2359 meag
1370 2328 1436 2359 prae
1457 2319 1572 2357 taedio,
1587 2318 1687 2348 tristis
1700 2319 1732 2349 et

296 2368 443 2398 fruantur
479 2368 704 2405 amplexibus,
738 2368 827 2397 nullo
863 2359 1115 2407 strepitusspene
1145 2368 1337 2406 desperans,
1362 2368 1397 2397 et
1425 2365 1597 2396 mussitans
1622 2371 1730 2394 secum

296 2413 476 2444 carnalium
500 2412 753 2451 desideriorum,
774 2415 865 2444 nullo
886 2409 1016 2452 corpo-2
1032 2414 1114 2443 illud
1130 2421 1139 2442 ε
1155 2414 1184 2444 A
1197 2413 1276 2451 facIe
1297 2412 1422 2450 frigoris
1447 2410 1539 2448 hujus
1563 2410 1630 2448 quis
1643 2409 1731 2439 susti-

297 2467 426 2490 reorurn
443 2458 703 2495 phantasmatum
722 2459 932 2496 perturbante
949 2461 1000 2489 tu-

297 2505 414 2535 multu.
437 2503 543 2533 Turba
568 2511 646 2532 vero
665 2503 976 2534 adolescentularum
989 2527 997 2542 ,

296 2559 369 2590 quze
382 2550 502 2588 absque
519 2548 704 2586 hujusmodi
718 2549 1001 2586 inquietudinibus

297 2596 442 2626 nondum
458 2602 527 2625 esse
542 2595 690 2632 possunt,
703 2593 779 2623 foris
792 2596 978 2631 exspectent
991 2604 999 2631 ς

301 2639 557 2678 exspectentque
585 2646 718 2679 secure,
733 2638 872 2669 scientes
897 2638 937 2668 ad
966 2647 999 2669 se

1031 2459 1133 2490 nebit?
1149 2467 1222 2488 cum
1238 2458 1345 2488 subito
1360 2457 1443 2486 forte
1458 2456 1498 2485 ad
1519 2455 1648 2485 affatum
1659 2475 1668 2492 ‚
1679 2453 1731 2484 vel

1033 2506 1132 2536 etiam
1157 2505 1324 2543 aspectum
1349 2502 1528 2540 cujuspiam
1557 2499 1730 2539 spiritualis

1032 2550 1234 2588 perfectique
1255 2548 1336 2586 viri,
1350 2546 1511 2577 interdum
1525 2546 1559 2574 et
1572 2544 1612 2574 ad
1631 2544 1729 2574 solam

1034 2595 1179 2624 defuncti
1192 2602 1249 2624 seu
1264 2592 1406 2623 absentis
1417 2590 1604 2620 memoriam
1614 2610 1624 2627 ,
1635 2587 1730 2618 flabat

1035 2639 1186 2677 spiritus,
1208 2639 1241 2667 ct
1268 2636 1413 2667 fluebant
1442 2642 1551 2673 aqnae3
1581 2634 1614 2663 et
1640 2632 1730 2663 erant
